<?xml version="1.0" encoding="UTF-8"?>
<!DOCTYPE html PUBLIC "-//W3C//DTD XHTML 1.0 Transitional//EN"
    "http://www.w3.org/TR/xhtml1/DTD/xhtml1-transitional.dtd">
<html xmlns="http://www.w3.org/1999/xhtml" xml:lang="en" lang="en">
 <head>
  <title>
</title>
<meta http-equiv="Content-Type" content="text/html;charset=utf-8" />
  <meta name='ocr-system' content='tesseract 3.04.00' />
  <meta name='ocr-capabilities' content='ocr_page ocr_carea ocr_par ocr_line ocrx_word'/>
</head>
<body>
  <div class='ocr_page' id='page_1' title='image "./quaeexstant05dionuoft_0044.png"; bbox 0 0 1958 3192; ppageno 0'>
   <div class='ocr_carea' id='block_1_1' title="bbox 788 110 1252 154">
    <p class='ocr_par' dir='ltr' id='par_1_1' title="bbox 788 110 1252 154">
     <span class='ocr_line' id='line_1_1' title="bbox 788 110 1252 154; baseline -0.004 -10"><span class='ocrx_word' id='word_1_1' title='bbox 788 110 1252 154; x_wconf 57' lang='lat' dir='ltr'>„XXXVHI-</span> 
     </span>
    </p>
   </div>
   <div class='ocr_carea' id='block_1_2' title="bbox 184 243 1942 318">
    <p class='ocr_par' dir='ltr' id='par_1_2' title="bbox 184 243 1942 318">
     <span class='ocr_line' id='line_1_2' title="bbox 184 243 1942 318; baseline 0.001 -19"><span class='ocrx_word' id='word_1_2' title='bbox 184 266 280 316; x_wconf 91' lang='lat' dir='ltr'>per</span> <span class='ocrx_word' id='word_1_3' title='bbox 320 247 481 299; x_wconf 89' lang='lat' dir='ltr'>dubia</span> <span class='ocrx_word' id='word_1_4' title='bbox 519 246 634 316; x_wconf 82' lang='lat' dir='ltr'>erit,</span> <span class='ocrx_word' id='word_1_5' title='bbox 671 247 727 298; x_wconf 89' lang='lat' dir='ltr'>in</span> <span class='ocrx_word' id='word_1_6' title='bbox 767 246 885 299; x_wconf 90' lang='lat' dir='ltr'>aliis</span> <span class='ocrx_word' id='word_1_7' title='bbox 925 246 1151 298; x_wconf 86' lang='lat' dir='ltr'>fortasse</span> <span class='ocrx_word' id='word_1_8' title='bbox 1189 243 1576 298; x_wconf 80' lang='lat' dir='ltr'><strong>Ambrosianus</strong></span> <span class='ocrx_word' id='word_1_9' title='bbox 1614 250 1869 318; x_wconf 82' lang='lat' dir='ltr'>praestat,</span> <span class='ocrx_word' id='word_1_10' title='bbox 1939 262 1942 263; x_wconf 71' lang='grc'>’</span> 
     </span>
    </p>
   </div>
   <div class='ocr_carea' id='block_1_3' title="bbox 184 333 1868 845">
    <p class='ocr_par' dir='ltr' id='par_1_3' title="bbox 184 333 1868 845">
     <span class='ocr_line' id='line_1_3' title="bbox 184 333 1868 405; baseline -0.001 -17"><span class='ocrx_word' id='word_1_11' title='bbox 184 336 242 388; x_wconf 91' lang='lat' dir='ltr'>in</span> <span class='ocrx_word' id='word_1_12' title='bbox 296 335 415 388; x_wconf 86' lang='lat' dir='ltr'>aliis</span> <span class='ocrx_word' id='word_1_13' title='bbox 461 334 814 387; x_wconf 86' lang='lat' dir='ltr'>Florentinus.</span> <span class='ocrx_word' id='word_1_14' title='bbox 913 334 988 387; x_wconf 88' lang='lat' dir='ltr'>Vt</span> <span class='ocrx_word' id='word_1_15' title='bbox 1040 351 1206 384; x_wconf 93' lang='lat' dir='ltr'>unum</span> <span class='ocrx_word' id='word_1_16' title='bbox 1260 333 1560 402; x_wconf 86' lang='lat' dir='ltr'>exemplum</span> <span class='ocrx_word' id='word_1_17' title='bbox 1615 334 1868 405; x_wconf 81' lang='lat' dir='ltr'>adferam,</span> 
     </span>
     <span class='ocr_line' id='line_1_4' title="bbox 188 421 1865 493; baseline 0 -16"><span class='ocrx_word' id='word_1_18' title='bbox 188 425 352 477; x_wconf 88' lang='lat' dir='ltr'>habes</span> <span class='ocrx_word' id='word_1_19' title='bbox 385 443 434 493; x_wconf 88' lang='lat' dir='ltr'>p.</span> <span class='ocrx_word' id='word_1_20' title='bbox 460 423 554 493; x_wconf 81' lang='grc'>56,</span> <span class='ocrx_word' id='word_1_21' title='bbox 581 423 650 476; x_wconf 89' lang='grc'>10</span> <span class='ocrx_word' id='word_1_22' title='bbox 673 424 774 492; x_wconf 82' lang='grc' dir='ltr'><em>τὴν·</em></span> <span class='ocrx_word' id='word_1_23' title='bbox 797 433 907 476; x_wconf 83' lang='grc' dir='ltr'>τῶν</span> <span class='ocrx_word' id='word_1_24' title='bbox 924 422 1203 490; x_wconf 82' lang='grc' dir='ltr'><em>Ἑλλήνων</em></span> <span class='ocrx_word' id='word_1_25' title='bbox 1233 421 1406 493; x_wconf 79' lang='grc' dir='ltr'><em>ἀρχήν</em></span> <span class='ocrx_word' id='word_1_26' title='bbox 1428 422 1484 474; x_wconf 92' lang='lat' dir='ltr'>in</span> <span class='ocrx_word' id='word_1_27' title='bbox 1507 421 1865 477; x_wconf 88' lang='lat' dir='ltr'>Ambrosiano</span> 
     </span>
     <span class='ocr_line' id='line_1_5' title="bbox 184 509 1864 580; baseline -0.001 -15"><span class='ocrx_word' id='word_1_28' title='bbox 184 513 428 565; x_wconf 88' lang='lat' dir='ltr'>Palatino</span> <span class='ocrx_word' id='word_1_29' title='bbox 459 512 718 580; x_wconf 82' lang='lat' dir='ltr'>Parisino,</span> <span class='ocrx_word' id='word_1_30' title='bbox 757 514 940 564; x_wconf 89' lang='lat' dir='ltr'>contra</span> <span class='ocrx_word' id='word_1_31' title='bbox 976 511 1077 578; x_wconf 84' lang='grc' dir='ltr'>τὴν</span> <span class='ocrx_word' id='word_1_32' title='bbox 1117 509 1290 580; x_wconf 79' lang='grc' dir='ltr'><em>ἀρχὴν</em></span> <span class='ocrx_word' id='word_1_33' title='bbox 1327 520 1438 564; x_wconf 85' lang='grc' dir='ltr'>τῶν</span> <span class='ocrx_word' id='word_1_34' title='bbox 1461 510 1743 580; x_wconf 83' lang='grc' dir='ltr'><em>Ἑλλήνων</em></span> <span class='ocrx_word' id='word_1_35' title='bbox 1786 513 1864 564; x_wconf 93' lang='lat' dir='ltr'>in-</span> 
     </span>
     <span class='ocr_line' id='line_1_6' title="bbox 189 597 1868 670; baseline -0.001 -16"><span class='ocrx_word' id='word_1_36' title='bbox 189 601 447 654; x_wconf 90' lang='lat' dir='ltr'>solentius</span> <span class='ocrx_word' id='word_1_37' title='bbox 509 600 722 669; x_wconf 91' lang='lat' dir='ltr'>quidem</span> <span class='ocrx_word' id='word_1_38' title='bbox 783 600 959 668; x_wconf 90' lang='lat' dir='ltr'>posita</span> <span class='ocrx_word' id='word_1_39' title='bbox 1011 598 1067 650; x_wconf 90' lang='lat' dir='ltr'>in</span> <span class='ocrx_word' id='word_1_40' title='bbox 1119 597 1455 668; x_wconf 72' lang='lat' dir='ltr'>Florentino,</span> <span class='ocrx_word' id='word_1_41' title='bbox 1512 600 1605 652; x_wconf 90' lang='lat' dir='ltr'>sed</span> <span class='ocrx_word' id='word_1_42' title='bbox 1652 600 1868 670; x_wconf 74' lang='lat' dir='ltr'>rectiUS‚</span> 
     </span>
     <span class='ocr_line' id='line_1_7' title="bbox 188 686 1867 759; baseline -0.001 -17"><span class='ocrx_word' id='word_1_43' title='bbox 188 689 437 759; x_wconf 88' lang='lat' dir='ltr'>quoniam</span> <span class='ocrx_word' id='word_1_44' title='bbox 477 689 534 740; x_wconf 89' lang='lat' dir='ltr'>in</span> <span class='ocrx_word' id='word_1_45' title='bbox 579 687 717 740; x_wconf 87' lang='lat' dir='ltr'>libro</span> <span class='ocrx_word' id='word_1_46' title='bbox 758 686 1150 756; x_wconf 69' lang='lat' dir='ltr'>elegantissime</span> <span class='ocrx_word' id='word_1_47' title='bbox 1189 687 1386 755; x_wconf 87' lang='lat' dir='ltr'>scripto</span> <span class='ocrx_word' id='word_1_48' title='bbox 1425 687 1718 756; x_wconf 87' lang='lat' dir='ltr'>Dionysius</span> <span class='ocrx_word' id='word_1_49' title='bbox 1756 707 1867 741; x_wconf 89' lang='lat' dir='ltr'>non</span> 
     </span>
     <span class='ocr_line' id='line_1_8' title="bbox 187 774 1860 845; baseline -0.001 -15"><span class='ocrx_word' id='word_1_50' title='bbox 187 778 341 830; x_wconf 81' lang='lat' dir='ltr'>aliter</span> <span class='ocrx_word' id='word_1_51' title='bbox 372 780 530 845; x_wconf 89' lang='lat' dir='ltr'>atque</span> <span class='ocrx_word' id='word_1_52' title='bbox 560 775 865 828; x_wconf 91' lang='lat' dir='ltr'>Herodotus</span> <span class='ocrx_word' id='word_1_53' title='bbox 905 774 1248 827; x_wconf 89' lang='lat' dir='ltr'>articulorum</span> <span class='ocrx_word' id='word_1_54' title='bbox 1287 775 1457 828; x_wconf 88' lang='lat' dir='ltr'>uitare</span> <span class='ocrx_word' id='word_1_55' title='bbox 1495 776 1709 830; x_wconf 92' lang='lat' dir='ltr'>uidetur</span> <span class='ocrx_word' id='word_1_56' title='bbox 1740 795 1860 829; x_wconf 92' lang='lat' dir='ltr'>con-</span> 
     </span>
    </p>
   </div>
   <div class='ocr_carea' id='block_1_4' title="bbox 1935 313 1958 509">
    <p class='ocr_par' dir='ltr' id='par_1_4' title="bbox 1935 313 1958 509">
     <span class='ocr_line' id='line_1_9' title="bbox 1935 364 1942 370; textangle 90"><span class='ocrx_word' id='word_1_57' title='bbox 1935 364 1942 370; x_wconf 78' lang='grc' dir='ltr'><em>ι</em></span> 
     </span>
     <span class='ocr_line' id='line_1_10' title="bbox 1950 313 1958 509; textangle 90"><span class='ocrx_word' id='word_1_58' title='bbox 1950 313 1958 509; x_wconf 65' lang='lat'>-—--—-=——</span> 
     </span>
    </p>
   </div>
   <div class='ocr_carea' id='block_1_5' title="bbox 1950 514 1958 830">
    <p class='ocr_par' dir='ltr' id='par_1_5' title="bbox 1950 514 1958 830">
     <span class='ocr_line' id='line_1_11' title="bbox 1950 514 1958 830; textangle 90"><span class='ocrx_word' id='word_1_59' title='bbox 1955 817 1958 830; x_wconf 82' lang='lat'>-</span> <span class='ocrx_word' id='word_1_60' title='bbox 1952 763 1958 775; x_wconf 51' lang='grc' dir='ltr'><em>ι</em></span> <span class='ocrx_word' id='word_1_61' title='bbox 1952 731 1958 750; x_wconf 86' lang='grc'>-.</span> <span class='ocrx_word' id='word_1_62' title='bbox 1951 695 1958 709; x_wconf 68' lang='lat' dir='ltr'>-r</span> <span class='ocrx_word' id='word_1_63' title='bbox 1950 514 1958 685; x_wconf 43' lang='lat' dir='ltr'>“meaa—f*</span> 
     </span>
    </p>
   </div>
   <div class='ocr_carea' id='block_1_6' title="bbox 182 862 1958 1288">
    <p class='ocr_par' dir='ltr' id='par_1_6' title="bbox 182 862 1958 1288">
     <span class='ocr_line' id='line_1_12' title="bbox 185 862 1958 941; baseline 0 -23"><span class='ocrx_word' id='word_1_64' title='bbox 185 884 383 918; x_wconf 91' lang='lat' dir='ltr'>cursus.</span> <span class='ocrx_word' id='word_1_65' title='bbox 460 865 623 918; x_wconf 85' lang='lat' dir='ltr'>Velut</span> <span class='ocrx_word' id='word_1_66' title='bbox 660 872 754 932; x_wconf 79' lang='grc' dir='ltr'>τῆς</span> <span class='ocrx_word' id='word_1_67' title='bbox 785 862 1099 931; x_wconf 78' lang='grc' dir='ltr'><em>Ἀθηναίων</em></span> <span class='ocrx_word' id='word_1_68' title='bbox 1136 866 1347 926; x_wconf 79' lang='grc' dir='ltr'><em>πόλεως</em></span> <span class='ocrx_word' id='word_1_69' title='bbox 1395 883 1444 932; x_wconf 93' lang='lat' dir='ltr'>p.</span> <span class='ocrx_word' id='word_1_70' title='bbox 1476 863 1563 933; x_wconf 78' lang='lat'>56,</span> <span class='ocrx_word' id='word_1_71' title='bbox 1586 865 1620 916; x_wconf 81' lang='lat'>2</span> <span class='ocrx_word' id='word_1_72' title='bbox 1669 869 1863 935; x_wconf 85' lang='lat' dir='ltr'>exstat,</span> <span class='ocrx_word' id='word_1_73' title='bbox 1952 877 1958 941; x_wconf 61' lang='grc' dir='ltr'>ᾗ</span> 
     </span>
     <span class='ocr_line' id='line_1_13' title="bbox 182 951 1864 1023; baseline 0 -16"><span class='ocrx_word' id='word_1_74' title='bbox 182 974 232 1023; x_wconf 88' lang='lat' dir='ltr'>p.</span> <span class='ocrx_word' id='word_1_75' title='bbox 267 954 352 1023; x_wconf 84' lang='lat'>63,</span> <span class='ocrx_word' id='word_1_76' title='bbox 377 955 409 1006; x_wconf 92' lang='grc'>6</span> <span class='ocrx_word' id='word_1_77' title='bbox 451 954 550 1021; x_wconf 82' lang='grc' dir='ltr'>τὴν</span> <span class='ocrx_word' id='word_1_78' title='bbox 581 951 915 1022; x_wconf 48' lang='grc' dir='ltr'><strong><em>(Ηρακλεόυς</em></strong></span> <span class='ocrx_word' id='word_1_79' title='bbox 954 955 1296 1022; x_wconf 76' lang='grc' dir='ltr'><em>προαίρεσιν,</em></span> <span class='ocrx_word' id='word_1_80' title='bbox 1336 952 1428 1005; x_wconf 91' lang='lat' dir='ltr'>sed</span> <span class='ocrx_word' id='word_1_81' title='bbox 1465 971 1515 1021; x_wconf 87' lang='lat' dir='ltr'>p.</span> <span class='ocrx_word' id='word_1_82' title='bbox 1548 954 1634 1022; x_wconf 85' lang='grc'>68,</span> <span class='ocrx_word' id='word_1_83' title='bbox 1661 954 1690 1006; x_wconf 92' lang='grc'>1</span> <span class='ocrx_word' id='word_1_84' title='bbox 1731 956 1864 1016; x_wconf 80' lang='grc' dir='ltr'><strong><em>τοὺς</em></strong></span> 
     </span>
     <span class='ocr_line' id='line_1_14' title="bbox 184 1040 1868 1110; baseline -0.001 -14"><span class='ocrx_word' id='word_1_85' title='bbox 184 1043 480 1104; x_wconf 80' lang='grc' dir='ltr'><em>κινδύνους</em></span> <span class='ocrx_word' id='word_1_86' title='bbox 511 1049 622 1094; x_wconf 82' lang='grc' dir='ltr'>τῶν</span> <span class='ocrx_word' id='word_1_87' title='bbox 652 1042 961 1110; x_wconf 75' lang='grc' dir='ltr'><em>προγόνων,</em></span> <span class='ocrx_word' id='word_1_88' title='bbox 991 1059 1041 1108; x_wconf 88' lang='lat' dir='ltr'>p.</span> <span class='ocrx_word' id='word_1_89' title='bbox 1069 1040 1152 1110; x_wconf 81' lang='lat'>70,</span> <span class='ocrx_word' id='word_1_90' title='bbox 1180 1040 1209 1091; x_wconf 84' lang='lat'><strong>7</strong></span> <span class='ocrx_word' id='word_1_91' title='bbox 1250 1050 1362 1093; x_wconf 80' lang='grc' dir='ltr'>τῶν</span> <span class='ocrx_word' id='word_1_92' title='bbox 1395 1042 1868 1105; x_wconf 80' lang='grc' dir='ltr'><em>ἰδιωτῶν-τοὺς</em></span> 
     </span>
     <span class='ocr_line' id='line_1_15' title="bbox 184 1125 1958 1200; baseline 0.001 -17"><span class='ocrx_word' id='word_1_93' title='bbox 184 1134 357 1200; x_wconf 84' lang='grc' dir='ltr'>βίους,</span> <span class='ocrx_word' id='word_1_94' title='bbox 394 1149 443 1199; x_wconf 88' lang='lat' dir='ltr'>p.</span> <span class='ocrx_word' id='word_1_95' title='bbox 471 1130 555 1198; x_wconf 82' lang='grc'>71,</span> <span class='ocrx_word' id='word_1_96' title='bbox 582 1129 648 1181; x_wconf 91' lang='grc'>16</span> <span class='ocrx_word' id='word_1_97' title='bbox 687 1135 752 1197; x_wconf 79' lang='grc' dir='ltr'>τῇ</span> <span class='ocrx_word' id='word_1_98' title='bbox 785 1125 846 1181; x_wconf 74' lang='grc' dir='ltr'>δὲ</span> <span class='ocrx_word' id='word_1_99' title='bbox 875 1127 1022 1192; x_wconf 81' lang='grc' dir='ltr'><em>τάξει</em></span> <span class='ocrx_word' id='word_1_100' title='bbox 1053 1137 1165 1181; x_wconf 83' lang='grc' dir='ltr'>τῶν</span> <span class='ocrx_word' id='word_1_101' title='bbox 1197 1128 1601 1198; x_wconf 75' lang='grc' dir='ltr'><em>ἐνθυμημάτων</em></span> <span class='ocrx_word' id='word_1_102' title='bbox 1630 1129 1721 1183; x_wconf 81' lang='grc' dir='ltr'>καὶ</span> <span class='ocrx_word' id='word_1_103' title='bbox 1746 1140 1866 1193; x_wconf 75' lang='grc' dir='ltr'><strong><em>τοῖς</em></strong></span> <span class='ocrx_word' id='word_1_104' title='bbox 1955 1139 1958 1142; x_wconf 69' lang='grc'><em>”</em></span> 
     </span>
     <span class='ocr_line' id='line_1_16' title="bbox 183 1217 1958 1288; baseline 0.001 -17"><span class='ocrx_word' id='word_1_105' title='bbox 183 1227 466 1288; x_wconf 78' lang='grc' dir='ltr'><em>μερισμοῖς</em></span> <span class='ocrx_word' id='word_1_106' title='bbox 490 1226 601 1270; x_wconf 82' lang='grc' dir='ltr'>τῶν</span> <span class='ocrx_word' id='word_1_107' title='bbox 633 1217 1064 1287; x_wconf 75' lang='grc' dir='ltr'><em>ἐπιχειρημάτων</em></span> <span class='ocrx_word' id='word_1_108' title='bbox 1095 1221 1148 1269; x_wconf 94' lang='lat' dir='ltr'>et</span> <span class='ocrx_word' id='word_1_109' title='bbox 1180 1217 1255 1270; x_wconf 92' lang='lat' dir='ltr'>sic</span> <span class='ocrx_word' id='word_1_110' title='bbox 1285 1218 1395 1270; x_wconf 84' lang='lat' dir='ltr'>fere</span> <span class='ocrx_word' id='word_1_111' title='bbox 1418 1218 1550 1270; x_wconf 91' lang='lat' dir='ltr'>locis</span> <span class='ocrx_word' id='word_1_112' title='bbox 1581 1219 1864 1288; x_wconf 87' lang='lat' dir='ltr'>plerisque.</span> <span class='ocrx_word' id='word_1_113' title='bbox 1952 1220 1958 1236; x_wconf 74' lang='lat'>²</span> 
     </span>
    </p>
   </div>
   <div class='ocr_carea' id='block_1_7' title="bbox 185 1306 1958 1375">
    <p class='ocr_par' dir='ltr' id='par_1_7' title="bbox 185 1306 1958 1375">
     <span class='ocr_line' id='line_1_17' title="bbox 185 1306 1958 1375; baseline 0 -17"><span class='ocrx_word' id='word_1_114' title='bbox 185 1325 283 1358; x_wconf 93' lang='lat' dir='ltr'>nos</span> <span class='ocrx_word' id='word_1_115' title='bbox 323 1306 489 1375; x_wconf 82' lang='lat' dir='ltr'>igitur</span> <span class='ocrx_word' id='word_1_116' title='bbox 528 1324 642 1358; x_wconf 89' lang='lat' dir='ltr'>eam</span> <span class='ocrx_word' id='word_1_117' title='bbox 693 1324 901 1374; x_wconf 82' lang='lat' dir='ltr'>semper</span> <span class='ocrx_word' id='word_1_118' title='bbox 944 1323 1187 1358; x_wconf 89' lang='lat' dir='ltr'>normam</span> <span class='ocrx_word' id='word_1_119' title='bbox 1220 1306 1388 1358; x_wconf 91' lang='lat' dir='ltr'>secuti</span> <span class='ocrx_word' id='word_1_120' title='bbox 1427 1324 1610 1358; x_wconf 92' lang='lat' dir='ltr'>sumus</span> <span class='ocrx_word' id='word_1_121' title='bbox 1622 1348 1636 1375; x_wconf 85' lang='lat'><em>‚</em></span> <span class='ocrx_word' id='word_1_122' title='bbox 1674 1309 1736 1358; x_wconf 94' lang='lat' dir='ltr'>ut</span> <span class='ocrx_word' id='word_1_123' title='bbox 1775 1307 1865 1358; x_wconf 89' lang='lat' dir='ltr'>ob-</span> <span class='ocrx_word' id='word_1_124' title='bbox 1952 1307 1958 1352; x_wconf 71' lang='grc'><em>3</em></span> 
     </span>
    </p>
   </div>
   <div class='ocr_carea' id='block_1_8' title="bbox 182 1393 1867 1624">
    <p class='ocr_par' dir='ltr' id='par_1_8' title="bbox 182 1393 1867 1624">
     <span class='ocr_line' id='line_1_18' title="bbox 184 1393 1867 1464; baseline 0.001 -18"><span class='ocrx_word' id='word_1_125' title='bbox 184 1397 394 1446; x_wconf 86' lang='lat' dir='ltr'>seruata</span> <span class='ocrx_word' id='word_1_126' title='bbox 450 1393 857 1464; x_wconf 71' lang='lat' dir='ltr'>diligentissime</span> <span class='ocrx_word' id='word_1_127' title='bbox 913 1394 1120 1447; x_wconf 92' lang='lat' dir='ltr'>dicendi</span> <span class='ocrx_word' id='word_1_128' title='bbox 1174 1395 1551 1447; x_wconf 90' lang='lat' dir='ltr'>consuetudine</span> <span class='ocrx_word' id='word_1_129' title='bbox 1605 1395 1867 1448; x_wconf 83' lang='lat' dir='ltr'>ferremus</span> 
     </span>
     <span class='ocr_line' id='line_1_19' title="bbox 183 1482 1865 1551; baseline 0 -16"><span class='ocrx_word' id='word_1_130' title='bbox 183 1482 452 1535; x_wconf 91' lang='lat' dir='ltr'>iudicium.</span> <span class='ocrx_word' id='word_1_131' title='bbox 531 1483 671 1551; x_wconf 87' lang='lat' dir='ltr'>quod</span> <span class='ocrx_word' id='word_1_132' title='bbox 721 1483 918 1551; x_wconf 88' lang='lat' dir='ltr'>ubique</span> <span class='ocrx_word' id='word_1_133' title='bbox 970 1483 1088 1535; x_wconf 89' lang='lat' dir='ltr'>fieri</span> <span class='ocrx_word' id='word_1_134' title='bbox 1136 1501 1242 1535; x_wconf 94' lang='lat' dir='ltr'>non</span> <span class='ocrx_word' id='word_1_135' title='bbox 1291 1483 1530 1551; x_wconf 90' lang='lat' dir='ltr'>potuisse</span> <span class='ocrx_word' id='word_1_136' title='bbox 1581 1502 1704 1536; x_wconf 84' lang='lat' dir='ltr'>sane</span> <span class='ocrx_word' id='word_1_137' title='bbox 1744 1502 1865 1536; x_wconf 88' lang='lat' dir='ltr'>con·</span> 
     </span>
     <span class='ocr_line' id='line_1_20' title="bbox 182 1571 451 1624; baseline -0.004 0"><span class='ocrx_word' id='word_1_138' title='bbox 182 1571 451 1624; x_wconf 68' lang='lat' dir='ltr'>cedimus³</span> 
     </span>
    </p>
   </div>
   <div class='ocr_carea' id='block_1_9' title="bbox 182 1659 1957 1993">
    <p class='ocr_par' dir='ltr' id='par_1_9' title="bbox 182 1659 1957 1993">
     <span class='ocr_line' id='line_1_21' title="bbox 292 1659 1953 1730; baseline 0.002 -20"><span class='ocrx_word' id='word_1_139' title='bbox 292 1659 473 1711; x_wconf 85' lang='lat' dir='ltr'>Etiam</span> <span class='ocrx_word' id='word_1_140' title='bbox 498 1660 794 1728; x_wconf 81' lang='lat' dir='ltr'>grauiorem</span> <span class='ocrx_word' id='word_1_141' title='bbox 827 1660 883 1711; x_wconf 91' lang='lat' dir='ltr'>in</span> <span class='ocrx_word' id='word_1_142' title='bbox 908 1660 1351 1713; x_wconf 75' lang='lat' dir='ltr'>commentatione</span> <span class='ocrx_word' id='word_1_143' title='bbox 1383 1661 1445 1713; x_wconf 93' lang='lat' dir='ltr'>de</span> <span class='ocrx_word' id='word_1_144' title='bbox 1478 1661 1867 1729; x_wconf 81' lang='lat' dir='ltr'>compositione</span> <span class='ocrx_word' id='word_1_145' title='bbox 1952 1726 1953 1730; x_wconf 10' lang='grc' dir='ltr'><strong>Ἰ</strong></span> 
     </span>
     <span class='ocr_line' id='line_1_22' title="bbox 182 1748 1957 1818; baseline 0.002 -19"><span class='ocrx_word' id='word_1_146' title='bbox 182 1750 467 1800; x_wconf 89' lang='lat' dir='ltr'>uerborum</span> <span class='ocrx_word' id='word_1_147' title='bbox 499 1748 866 1800; x_wconf 83' lang='lat' dir='ltr'>difficultatem</span> <span class='ocrx_word' id='word_1_148' title='bbox 897 1749 1037 1817; x_wconf 89' lang='lat' dir='ltr'>parit</span> <span class='ocrx_word' id='word_1_149' title='bbox 1060 1749 1401 1818; x_wconf 88' lang='lat' dir='ltr'>antiquorum</span> <span class='ocrx_word' id='word_1_150' title='bbox 1432 1750 1650 1802; x_wconf 90' lang='lat' dir='ltr'>testium</span> <span class='ocrx_word' id='word_1_151' title='bbox 1674 1749 1717 1801; x_wconf 94' lang='lat' dir='ltr'>P</span> <span class='ocrx_word' id='word_1_152' title='bbox 1742 1753 1794 1802; x_wconf 92' lang='lat' dir='ltr'>et</span> <span class='ocrx_word' id='word_1_153' title='bbox 1818 1749 1866 1801; x_wconf 80' lang='lat' dir='ltr'>F</span> <span class='ocrx_word' id='word_1_154' title='bbox 1951 1779 1957 1812; x_wconf 52' lang='grc' dir='ltr'><strong>ς</strong></span> 
     </span>
     <span class='ocr_line' id='line_1_23' title="bbox 184 1836 1865 1907; baseline 0.001 -19"><span class='ocrx_word' id='word_1_155' title='bbox 184 1836 466 1888; x_wconf 77' lang='lat' dir='ltr'>dissensus</span> <span class='ocrx_word' id='word_1_156' title='bbox 516 1855 647 1905; x_wconf 90' lang='lat' dir='ltr'>quae</span> <span class='ocrx_word' id='word_1_157' title='bbox 685 1840 745 1888; x_wconf 92' lang='lat' dir='ltr'>ut</span> <span class='ocrx_word' id='word_1_158' title='bbox 785 1837 1027 1889; x_wconf 87' lang='lat' dir='ltr'>soluatur</span> <span class='ocrx_word' id='word_1_159' title='bbox 1063 1856 1221 1906; x_wconf 88' lang='lat' dir='ltr'>quam</span> <span class='ocrx_word' id='word_1_160' title='bbox 1260 1856 1501 1890; x_wconf 87' lang='lat' dir='ltr'>normam</span> <span class='ocrx_word' id='word_1_161' title='bbox 1541 1838 1865 1907; x_wconf 64' lang='lat' dir='ltr'>sequendam,</span> 
     </span>
     <span class='ocr_line' id='line_1_24' title="bbox 185 1925 1955 1993; baseline 0.002 -17"><span class='ocrx_word' id='word_1_162' title='bbox 185 1943 299 1977; x_wconf 88' lang='lat' dir='ltr'>esse</span> <span class='ocrx_word' id='word_1_163' title='bbox 340 1928 584 1992; x_wconf 84' lang='lat' dir='ltr'>statuam,</span> <span class='ocrx_word' id='word_1_164' title='bbox 644 1925 699 1975; x_wconf 91' lang='lat' dir='ltr'>in</span> <span class='ocrx_word' id='word_1_165' title='bbox 737 1925 1063 1993; x_wconf 85' lang='lat' dir='ltr'>praefatione</span> <span class='ocrx_word' id='word_1_166' title='bbox 1104 1925 1322 1978; x_wconf 91' lang='lat' dir='ltr'>alterius</span> <span class='ocrx_word' id='word_1_167' title='bbox 1361 1926 1650 1978; x_wconf 91' lang='lat' dir='ltr'>uoluminis</span> <span class='ocrx_word' id='word_1_168' title='bbox 1690 1926 1864 1979; x_wconf 86' lang='lat' dir='ltr'>dicen-</span> <span class='ocrx_word' id='word_1_169' title='bbox 1951 1939 1955 1953; x_wconf 65' lang='lat'>⁴</span> 
     </span>
    </p>
   </div>
   <div class='ocr_carea' id='block_1_10' title="bbox 181 2012 1862 2255">
    <p class='ocr_par' dir='ltr' id='par_1_10' title="bbox 181 2012 1862 2255">
     <span class='ocr_line' id='line_1_25' title="bbox 184 2012 1862 2082; baseline 0.002 -19"><span class='ocrx_word' id='word_1_170' title='bbox 184 2012 309 2064; x_wconf 92' lang='lat' dir='ltr'>dum</span> <span class='ocrx_word' id='word_1_171' title='bbox 365 2013 479 2064; x_wconf 88' lang='lat' dir='ltr'>erit.</span> <span class='ocrx_word' id='word_1_172' title='bbox 555 2012 767 2064; x_wconf 86' lang='lat' dir='ltr'>interim</span> <span class='ocrx_word' id='word_1_173' title='bbox 822 2013 884 2065; x_wconf 94' lang='lat' dir='ltr'>de</span> <span class='ocrx_word' id='word_1_174' title='bbox 940 2032 1000 2066; x_wconf 89' lang='lat' dir='ltr'>ea</span> <span class='ocrx_word' id='word_1_175' title='bbox 1045 2032 1102 2066; x_wconf 91' lang='lat' dir='ltr'>re</span> <span class='ocrx_word' id='word_1_176' title='bbox 1157 2033 1290 2082; x_wconf 90' lang='lat' dir='ltr'>quae</span> <span class='ocrx_word' id='word_1_177' title='bbox 1344 2014 1506 2067; x_wconf 89' lang='lat' dir='ltr'>indici</span> <span class='ocrx_word' id='word_1_178' title='bbox 1561 2014 1862 2067; x_wconf 88' lang='lat' dir='ltr'>scholarum</span> 
     </span>
     <span class='ocr_line' id='line_1_26' title="bbox 181 2099 1844 2171; baseline 0.003 -20"><span class='ocrx_word' id='word_1_179' title='bbox 181 2099 546 2152; x_wconf 90' lang='lat' dir='ltr'>Bonnensium</span> <span class='ocrx_word' id='word_1_180' title='bbox 595 2101 777 2152; x_wconf 89' lang='lat' dir='ltr'>aestiu.</span> <span class='ocrx_word' id='word_1_181' title='bbox 827 2120 870 2153; x_wconf 91' lang='lat' dir='ltr'>a.</span> <span class='ocrx_word' id='word_1_182' title='bbox 909 2102 960 2154; x_wconf 87' lang='lat' dir='ltr'>h.</span> <span class='ocrx_word' id='word_1_183' title='bbox 1001 2121 1039 2154; x_wconf 92' lang='lat' dir='ltr'>s.</span> <span class='ocrx_word' id='word_1_184' title='bbox 1078 2101 1361 2155; x_wconf 87' lang='lat' dir='ltr'>LXXVIII</span> <span class='ocrx_word' id='word_1_185' title='bbox 1406 2103 1676 2171; x_wconf 85' lang='lat' dir='ltr'>praefatus</span> <span class='ocrx_word' id='word_1_186' title='bbox 1728 2122 1844 2156; x_wconf 89' lang='lat' dir='ltr'>sum</span> 
     </span>
     <span class='ocr_line' id='line_1_27' title="bbox 188 2188 733 2255; baseline -0.004 -15"><span class='ocrx_word' id='word_1_187' title='bbox 188 2188 430 2240; x_wconf 84' lang='lat' dir='ltr'>sufficere</span> <span class='ocrx_word' id='word_1_188' title='bbox 468 2190 733 2255; x_wconf 90' lang='lat' dir='ltr'>poterunt.</span> 
     </span>
    </p>
   </div>
   <div class='ocr_carea' id='block_1_11' title="bbox 1847 2146 1868 2174">
    <p class='ocr_par' dir='ltr' id='par_1_11' title="bbox 1847 2146 1868 2174">
     <span class='ocr_line' id='line_1_28' title="bbox 1847 2146 1868 2174; baseline 0 0"><span class='ocrx_word' id='word_1_189' title='bbox 1847 2146 1868 2174; x_wconf 79' lang='lat'><em>7</em></span> 
     </span>
    </p>
   </div>
   <div class='ocr_carea' id='block_1_12' title="bbox 179 2362 1864 2964">
    <p class='ocr_par' dir='ltr' id='par_1_12' title="bbox 179 2362 1864 2964">
     <span class='ocr_line' id='line_1_29' title="bbox 294 2362 1862 2436; baseline 0.004 -24"><span class='ocrx_word' id='word_1_190' title='bbox 294 2362 373 2414; x_wconf 90' lang='lat' dir='ltr'>De</span> <span class='ocrx_word' id='word_1_191' title='bbox 413 2363 776 2414; x_wconf 83' lang='lat' dir='ltr'>emendatione</span> <span class='ocrx_word' id='word_1_192' title='bbox 816 2363 1064 2433; x_wconf 84' lang='lat' dir='ltr'>Dionysii</span> <span class='ocrx_word' id='word_1_193' title='bbox 1114 2370 1238 2435; x_wconf 92' lang='lat' dir='ltr'>post</span> <span class='ocrx_word' id='word_1_194' title='bbox 1275 2366 1602 2420; x_wconf 87' lang='lat' dir='ltr'>Fridericum</span> <span class='ocrx_word' id='word_1_195' title='bbox 1643 2366 1862 2436; x_wconf 83' lang='lat' dir='ltr'>Sylbur·</span> 
     </span>
     <span class='ocr_line' id='line_1_30' title="bbox 183 2450 1864 2519; baseline 0.004 -17"><span class='ocrx_word' id='word_1_196' title='bbox 183 2450 331 2519; x_wconf 85' lang='lat' dir='ltr'>gium</span> <span class='ocrx_word' id='word_1_197' title='bbox 371 2468 508 2502; x_wconf 92' lang='lat' dir='ltr'>unus</span> <span class='ocrx_word' id='word_1_198' title='bbox 549 2451 784 2502; x_wconf 89' lang='lat' dir='ltr'>omnium</span> <span class='ocrx_word' id='word_1_199' title='bbox 816 2453 1044 2506; x_wconf 83' lang='lat' dir='ltr'>maxime</span> <span class='ocrx_word' id='word_1_200' title='bbox 1074 2453 1337 2507; x_wconf 87' lang='lat' dir='ltr'>Iohannes</span> <span class='ocrx_word' id='word_1_201' title='bbox 1361 2453 1584 2508; x_wconf 88' lang='lat' dir='ltr'>Iacobus</span> <span class='ocrx_word' id='word_1_202' title='bbox 1608 2455 1864 2508; x_wconf 84' lang='lat' dir='ltr'>Reiskius</span> 
     </span>
     <span class='ocr_line' id='line_1_31' title="bbox 182 2538 1864 2607; baseline 0.004 -18"><span class='ocrx_word' id='word_1_203' title='bbox 182 2538 391 2606; x_wconf 83' lang='lat' dir='ltr'>meruit,</span> <span class='ocrx_word' id='word_1_204' title='bbox 432 2538 506 2590; x_wconf 91' lang='lat' dir='ltr'>eis</span> <span class='ocrx_word' id='word_1_205' title='bbox 539 2539 816 2606; x_wconf 84' lang='lat' dir='ltr'>praecipue</span> <span class='ocrx_word' id='word_1_206' title='bbox 850 2558 981 2607; x_wconf 87' lang='lat' dir='ltr'>quae</span> <span class='ocrx_word' id='word_1_207' title='bbox 1021 2542 1076 2593; x_wconf 94' lang='lat' dir='ltr'>in</span> <span class='ocrx_word' id='word_1_208' title='bbox 1109 2542 1247 2595; x_wconf 91' lang='lat' dir='ltr'>calce</span> <span class='ocrx_word' id='word_1_209' title='bbox 1279 2543 1612 2596; x_wconf 90' lang='lat' dir='ltr'>uoluminum</span> <span class='ocrx_word' id='word_1_210' title='bbox 1637 2543 1688 2596; x_wconf 91' lang='lat' dir='ltr'>V</span> <span class='ocrx_word' id='word_1_211' title='bbox 1712 2547 1764 2596; x_wconf 91' lang='lat' dir='ltr'>et</span> <span class='ocrx_word' id='word_1_212' title='bbox 1781 2542 1864 2596; x_wconf 89' lang='lat' dir='ltr'>VI</span> 
     </span>
     <span class='ocr_line' id='line_1_32' title="bbox 183 2626 1862 2700; baseline 0.004 -23"><span class='ocrx_word' id='word_1_213' title='bbox 183 2626 437 2678; x_wconf 88' lang='lat' dir='ltr'>adnotata</span> <span class='ocrx_word' id='word_1_214' title='bbox 477 2629 613 2677; x_wconf 91' lang='lat' dir='ltr'>sunt.</span> <span class='ocrx_word' id='word_1_215' title='bbox 677 2644 939 2679; x_wconf 82' lang='lat' dir='ltr'>accessere</span> <span class='ocrx_word' id='word_1_216' title='bbox 973 2627 1191 2682; x_wconf 85' lang='lat' dir='ltr'>Carolus</span> <span class='ocrx_word' id='word_1_217' title='bbox 1227 2630 1521 2685; x_wconf 81' lang='lat' dir='ltr'>Guilelmus</span> <span class='ocrx_word' id='word_1_218' title='bbox 1552 2632 1862 2700; x_wconf 79' lang='lat' dir='ltr'>Kruegerus</span> 
     </span>
     <span class='ocr_line' id='line_1_33' title="bbox 180 2713 1862 2782; baseline 0.004 -17"><span class='ocrx_word' id='word_1_219' title='bbox 180 2714 468 2766; x_wconf 90' lang='lat' dir='ltr'>utilissima</span> <span class='ocrx_word' id='word_1_220' title='bbox 513 2713 1117 2782; x_wconf 80' lang='lat' dir='ltr'>historiographicorum</span> <span class='ocrx_word' id='word_1_221' title='bbox 1165 2719 1393 2772; x_wconf 91' lang='lat' dir='ltr'>editione</span> <span class='ocrx_word' id='word_1_222' title='bbox 1433 2738 1476 2771; x_wconf 87' lang='lat' dir='ltr'>a.</span> <span class='ocrx_word' id='word_1_223' title='bbox 1507 2720 1558 2772; x_wconf 88' lang='lat' dir='ltr'>h.</span> <span class='ocrx_word' id='word_1_224' title='bbox 1598 2738 1636 2772; x_wconf 91' lang='lat' dir='ltr'>s.</span> <span class='ocrx_word' id='word_1_225' title='bbox 1675 2718 1862 2771; x_wconf 92' lang='lat' dir='ltr'>XXIII</span> 
     </span>
     <span class='ocr_line' id='line_1_34' title="bbox 182 2800 1859 2876; baseline 0.004 -23"><span class='ocrx_word' id='word_1_226' title='bbox 182 2801 389 2869; x_wconf 86' lang='lat' dir='ltr'>emissa,</span> <span class='ocrx_word' id='word_1_227' title='bbox 419 2800 701 2868; x_wconf 90' lang='lat' dir='ltr'>Philippus</span> <span class='ocrx_word' id='word_1_228' title='bbox 726 2800 1015 2866; x_wconf 80' lang='lat' dir='ltr'>DobranS‚</span> <span class='ocrx_word' id='word_1_229' title='bbox 1046 2803 1382 2859; x_wconf 88' lang='lat' dir='ltr'>Hermannus</span> <span class='ocrx_word' id='word_1_230' title='bbox 1410 2806 1688 2876; x_wconf 78' lang='lat' dir='ltr'>SauppiUS,</span> <span class='ocrx_word' id='word_1_231' title='bbox 1718 2806 1859 2859; x_wconf 88' lang='lat' dir='ltr'>Hen-</span> 
     </span>
     <span class='ocr_line' id='line_1_35' title="bbox 179 2887 1859 2964; baseline 0.004 -23"><span class='ocrx_word' id='word_1_232' title='bbox 179 2889 322 2942; x_wconf 92' lang='lat' dir='ltr'>ricus</span> <span class='ocrx_word' id='word_1_233' title='bbox 361 2888 774 2957; x_wconf 66' lang='lat' dir='ltr'>Herwe1⁴denUS‚</span> <span class='ocrx_word' id='word_1_234' title='bbox 820 2887 1082 2942; x_wconf 84' lang='lat' dir='ltr'>Henricus</span> <span class='ocrx_word' id='word_1_235' title='bbox 1121 2891 1373 2963; x_wconf 83' lang='lat' dir='ltr'>Weilius,</span> <span class='ocrx_word' id='word_1_236' title='bbox 1419 2899 1712 2964; x_wconf 83' lang='lat' dir='ltr'>postremO,</span> <span class='ocrx_word' id='word_1_237' title='bbox 1767 2895 1859 2963; x_wconf 91' lang='lat' dir='ltr'>qui</span> 
     </span>
    </p>
   </div>
  </div>
 </body>
</html>
