1958 3192
158 129 228 181 14
579 130 920 173 ΔΙΟΝΤΣΙΟΤ
950 127 1418 170 ΑΛΙΚΑΡΝΑΣΕΩΣ

155 266 505 334 θαυμαστήν,
560 261 623 332 ἧς
673 266 1023 333 Θεόφραστος
1067 259 1168 330 μέν
1207 276 1378 330 φησιν
1417 261 1574 332 ἄρξαι
1618 263 1832 333 Θρασύ-

156 374 347 422 μαχον,
389 353 492 422 ἐγὼ
533 352 579 406 δ’
618 353 857 421 ἡγοῦμαι
895 352 1136 403 Λυσίαν·
1185 348 1275 402 καὶ
1314 351 1418 421 γὰρ
1458 359 1571 413 τοῖς
1610 353 1832 421 χρόνοις

157 438 317 504 οὗτος
357 442 570 495 ἐκείνου
607 440 863 511 προέχειν
908 441 1091 508 ἔμοιγε
1138 439 1288 492 δοκεῖ
1341 436 1505 510 (λέγω
1554 438 1605 491 δ’
1652 439 1724 501 ὡς
1771 438 1832 492 ἐν

157 530 298 600 ἀκμῇ
337 539 493 600 κοινῇ
534 532 661 599 βίου
700 527 1011 597 γενομένων
1050 525 1301 598 ἀμφοῖν),
1339 526 1430 580 καὶ
1469 529 1518 581 εἰ
1556 529 1627 597 μὴ
1668 535 1831 581 τοῦτο
1911 552 1913 554 ·

112 633 133 666 5
158 620 370 687 δοθειή,
410 626 485 690 τῷ
515 618 581 686 γέ
607 639 691 670 τοι
722 616 845 687 περὶ
877 618 1006 678 τοὺς
1038 615 1342 684 ἀληθινοὺς
1371 616 1586 684 ἀγῶνας
1619 616 1832 670 ἐκείνου

91 1076 132 1107 10
158 1075 338 1128 φουσα
383 1061 448 1112 τά
494 1062 737 1128 νοήματα
781 1058 872 1112 καὶ
919 1060 1270 1130 στρογγύλως
1321 1058 1627 1129 ἐκφέρουσα
1673 1057 1831 1126 λέξις,
1905 1048 1934 1105 ·Ῑ

156 711 367 775 μᾶλλον
405 713 711 777 τετρῖφθαι.
781 706 846 758 οὐ
886 703 1072 774 μέντοι
1113 706 1537 774 διαβεβαιοῦμαί
1571 725 1656 773 γε,
1704 705 1832 758 ὁπό-

157 814 312 865 τερος
350 792 475 866 ἦρξε
509 803 603 862 τῆς
636 795 827 863 ἀρετῆς
858 794 1072 861 ταύτης,
1104 795 1239 846 κατὰ
1271 795 1331 846 τὸ
1362 796 1557 864 παρόν,
1597 792 1713 847 ἀλλ’
1747 794 1829 847 ὅτι
1916 807 1931 842 f

158 887 367 946 Λυσιάς
405 888 614 952 μᾶλλον
655 883 713 935 ἐν
752 882 887 952 αὐτῇ
928 883 1239 950 διήνεγκεν,
1291 890 1453 935 τοῦτο
1487 888 1722 952 θαρρῶν
1762 881 1831 935 ἄν

157 971 558 1040 ἀποφηναίμην.
619 974 701 1033 τίς
733 970 784 1023 δ’
826 969 975 1023 ἐστὶν
1005 971 1076 1038 ἥν
1107 991 1246 1040 φημι
1279 970 1503 1041 ἀρετήν;
1541 970 1573 1041 ἡ
1609 969 1832 1041 συστρέ-

157 1149 327 1200 οἰκεία
355 1149 510 1200 ’πάνυ
555 1148 645 1200 καὶ
684 1149 953 1216 ἀναγκαία
999 1158 1114 1210 τοῖς
1161 1150 1463 1211 δικανικοῖς
1510 1150 1696 1215 λόγοις
1740 1146 1831 1200 καὶ

153 1235 316 1288 παντὶ
363 1236 562 1305 ἀληθεῖ
606 1237 794 1305 ἀγῶνι.
861 1238 1067 1306 ταύτην
1113 1237 1291 1305 ὀλίγοι
1337 1235 1437 1306 μὲν
1483 1236 1831 1306 ἐμιμήσαντο,

154 1325 520 1394 Λημοσθένης
561 1322 621 1378 δὲ
666 1324 758 1378 καὶ
803 1325 1167 1396 ὑπερεβάλετο
1212 1326 1357 1393 πλὴν
1404 1324 1503 1394 οὐχ
1551 1324 1725 1387 οὕτως
1770 1344 1832 1392 γε

155 1418 359 1476 λευκῶς
399 1411 528 1467 οὐδὲ
567 1414 781 1483 ἀφελῶς
813 1416 993 1484 ὥσπερ
1026 1412 1252 1484 Λυζσίας
1282 1414 1622 1484 χρησάμενος
1653 1412 1808 1483 αὐτῇ,
1832 1422 1921 1464 465

91 1516 132 1548 15
156 1501 294 1554 ἀλλὰ
342 1501 641 1572 περιέργως
685 1502 776 1555 καὶ
821 1511 1055 1573 πικρῶς·
1107 1501 1352 1570 λεγέσθω
1399 1503 1530 1572 γάρ,
1585 1502 1657 1563 ὡς
1713 1500 1832 1570 ἐμοὶ

100 1679 128 1728 7

157 1593 423 1658 φαίνεται.
480 1588 617 1661 ὑπὲρ
643 1587 721 1644 ὧν
744 1593 879 1645 κατὰ
911 1592 1008 1644 τὸν
1041 1592 1245 1644 οἰκεῖον
1277 1589 1591 1659 διαλέξομαι
1622 1592 1831 1660 καιρόν.

267 1681 374 1747 ἔχει
414 1677 473 1731 δὲ
511 1679 600 1732 καὶ
638 1681 740 1748 τὴν
779 1680 1069 1751 ἐνάργειαν
1105 1681 1316 1748 πολλὴν
1353 1679 1386 1748 ἡ
1421 1682 1637 1732 Λυσίου
1675 1678 1831 1743 λέξις.

157 1766 291 1834 αὕτη
333 1766 383 1818 δ’
425 1767 536 1820 ἐστὶ
576 1770 808 1838 δύναμίς
846 1790 928 1832 τις
964 1769 1072 1822 ὑπὸ
1112 1770 1207 1831 τὰς
1253 1770 1537 1837 αἰσθήσεις
1585 1765 1810 1839 ἄγουίσα
1831 1779 1921 1819 466

157 1856 222 1906 τὰ
246 1858 525 1924 λεγόμενα,
557 1861 801 1925 γίγνεται
834 1857 884 1910 δ’
918 1857 976 1911 ἐκ
1003 1865 1097 1926 τῆς
1119 1866 1230 1910 τῶν
1253 1858 1832 1927 παρακολουθούντων

92 1957 134 1988 20
158 1945 382 2010 λήψεως.
459 1945 487 1998 ὁ
536 1947 602 2014 δὴ
655 1946 940 2016 προσέχων
992 1947 1093 2014 τὴν
1147 1947 1402 1999 διάνοιαν
1454 1955 1570 2008 τοῖς
1617 1949 1832 1998 Λυσίου

157 2034 342 2099 λόγοις
382 2033 480 2101 οὐχ
520 2034 692 2097 οὕτως
731 2038 880 2088 ἔσται
912 2036 1097 2097 σκαιὸς
1128 2034 1161 2103 ἢ
1194 2036 1527 2105 δυσάρεστος
1558 2033 1591 2102 ἢ
1623 2035 1832 2104 βραδὺς

157 2121 254 2172 τὸν
292 2129 452 2189 νοῦν,
504 2122 562 2184 ὃς
602 2123 701 2192 οὐχ
738 2125 1077 2193 ὑπολήψεται
1115 2125 1378 2192 γινόμενα
1417 2124 1481 2175 τὰ
1521 2123 1831 2192 δηλούμενα
1912 2143 1915 2146 ·

158 2208 295 2277 ὁρᾶν
347 2209 436 2262 καὶ
491 2212 670 2281 ὥσπερ
731 2221 1004 2283 παροῦσιν
1058 2205 1141 2275 οἷς
1194 2211 1263 2264 ἂν
1318 2211 1345 2264 ὁ
1403 2211 1580 2281 ῥήτωρ
1641 2211 1830 2282 εἰσάγῃ

279 2374 299 2411 1
336 2368 643 2425 Theophrasti
676 2387 720 2414 π.
755 2375 790 2416 λ.
824 2373 866 2414 fr
888 2373 951 2416 ΠΙ
977 2372 1187 2417 Schmidt

275 2520 302 2557 4
336 2532 476 2571 αγμηι
509 2516 543 2558 F
658 2522 681 2558 5
715 2522 775 2576 τῷ
808 2533 855 2563 a:
895 2519 946 2562 τό
976 2519 1086 2563 libri
1207 2523 1232 2562 6
1267 2514 1490 2571 ὁποτέρας
1520 2517 1555 2559 F
1672 2522 1697 2559 8
1731 2517 1830 2572 διη-

159 2588 290 2629 νεγκε
322 2574 401 2616 PF
431 2575 435 2632 Ι
470 2577 634 2629 θαρῶν
666 2576 700 2618 F
736 2577 740 2634 Ι
777 2578 880 2632 περὶ
911 2586 990 2634 τῆς
1022 2574 1417 2633 συνεστραμμένης
1447 2575 1527 2619 καὶ
1556 2576 1830 2647 στρογγύλης

158 2630 317 2684 λέξεως
341 2633 387 2674 Μ
411 2648 490 2689 mg
513 2634 650 2677 rubro
742 2642 767 2678 9
802 2636 1146 2693 συστρέφουσα.
1173 2637 1208 2679 F
1241 2650 1344 2679 cum
1368 2648 1530 2678 rasura
1609 2639 1664 2677 10
1689 2632 1830 2687 λέξεις

157 2691 243 2734 ΡΒ
339 2697 390 2733 13
423 2692 752 2763 ὑπερεβάλλετο
785 2695 893 2737 13¹(
922 2699 926 2750 Ι
955 2695 1097 2747 οὕτως
1127 2711 1176 2753 γε
1209 2698 1376 2744 λευκῶς
1408 2692 1570 2748 scripsi
1600 2693 1829 2766 probante

157 2750 381 2794 Usenero.
416 2749 557 2801 ούτως
588 2755 805 2803 τελευκῶς
830 2754 863 2796 F
874 2754 1011 2796 MPB
1052 2754 1194 2805 ούτως
1227 2755 1413 2803 εὐτελῶς
1435 2751 1515 2796 VG
1613 2757 1666 2795 16
1700 2766 1774 2807 ση·
1786 2749 1829 2794 τί

159 2809 280 2852 ἐστιν
313 2807 569 2882 ἐνάργεια1
552 2810 599 2852 Μ
630 2826 708 2867 mg
738 2813 876 2855 rubro
970 2819 1021 2856 17
1057 2812 1291 2870 ἐνέργειαν
1323 2810 1468 2854 FlGa
1571 2815 1623 2853 18
1660 2810 1750 2854 ἔστι
1780 2810 1830 2852 Μ

279 2874 331 2911 19
365 2866 540 2924 γίνεται
566 2869 650 2912 FC·
660 2885 688 2912 v
716 2872 721 2925 Ι
750 2868 800 2913 δε
829 2871 998 2914 PBGv
1091 2877 1145 2942 20
1177 2872 1358 2928 λήψεως
1389 2884 1444 2914 ex
1475 2867 1634 2922 λέξεως
1658 2869 1716 2911 F1
1743 2871 1748 2926 ξ
1776 2866 1828 2912 δε

157 2927 283 2971 BGv
376 2933 426 2970 'l
463 2946 489 2984 η
514 2928 639 2984 prius
666 2928 713 2971 in
738 2944 811 2973 ras
837 2930 893 2972 F¹
978 2935 1030 2973 22
1055 2931 1112 2973 τὰ
1137 2931 1396 2988 δηλούμενα
1421 2929 1481 2979 ὡς
1506 2927 1726 2985 γινόμενα
1752 2927 1829 2971 Gv
