2004 3202
233 121 340 173 386
657 121 996 165 ΔΙοΝΤΣΙοΤ
1027 119 1494 162 ΑΛῙΚΑΡΝΑΣΕΩΣ

230 264 469 310 τοσαῦτα
512 252 675 309 εἶπεν.
754 257 806 308 οἱ
845 252 906 307 δὲ
946 258 1241 306 Πλαταιῶν
1277 250 1531 323 πρέσβεις
1577 251 1908 316 ἀκούσαντες

230 352 401 397 ταῦτα
455 345 722 412 εἰσῆλθον
774 345 851 405 εἰς
904 343 1004 409 τὴν
1056 343 1243 393 πόλιν·
1311 339 1403 393 καὶ
1456 347 1532 412 τῷ
1585 343 1788 409 πλήθει
1840 343 1908 394 τὰ
1975 326 1977 331 1

233 431 475 503 ρηθέντα
514 433 877 492 κοινώσαντες
916 430 1280 499 ἀπεκρίναντο
1322 428 1492 500 αὐτῷ,
1540 430 1623 482 ὅτι
1663 429 1908 482 ἀδύνατα

231 526 314 589 εἴη
371 523 528 588 σφίσι
598 528 806 587 ποιεῖν,
870 518 903 571 ἃ
953 522 1330 587 προκαλεῖται,
1387 518 1520 570 ἄνευ
1574 515 1911 586 Ἀθηναίων·

186 629 206 661 5
230 611 422 671 παῖδες
467 611 571 678 γὰρ
622 617 777 676 σφῶν
822 605 912 659 καὶ
959 615 1215 673 γυναῖκες
1261 603 1387 676 παρ’
1429 605 1658 668 ἐκείνοις
1706 611 1908 675 εἴησαν.

232 697 472 751 δεδιέναι
513 694 573 749 δὲ
611 695 700 749 καὶ
739 694 863 765 περὶ
901 695 1047 764 πάσῃ
1087 702 1150 764 τῇ
1189 697 1364 762 πόλει,
1404 695 1476 763 μὴ
1517 692 1737 747 ’κείνων
1776 694 1910 747 ἀπο-

231 788 598 856 χωρησάντων
614 783 898 851 Ἀθῃναῖοι
919 782 1179 845 ἐλθόντες
1204 785 1398 851 σφίσιν
1423 782 1524 835 οὐκ
1549 780 1910 851 ἐπιτρέπωσιν

230 876 262 944 ἢ
308 879 538 943 Θηβαῖοι
579 875 651 935 ὡς
690 874 908 942 ἔνορκοι
948 873 1102 933 ὄντες
1147 872 1283 924 κατὰ
1329 872 1390 923 τὸ
1440 869 1785 945 ἀμφοτέρους
1824 869 1910 923 δέ-
1979 867 1985 920 ζ

232 970 426 1032 χεσθαι
460 959 626 1023 αὖθις
666 970 824 1030 σφῶν
861 961 963 1028 τὴν
1007 961 1174 1012 πόλιν
1221 960 1522 1029 πειράσωσι
1569 961 1910 1028 καταλαβεῖν.

165 1052 260 1104 1οὸ
303 1048 362 1104 δὲ
415 1050 721 1119 θαρσύνων
767 1048 968 1110 αὐτοὺς
1014 1049 1150 1118 πρὸς
1200 1054 1369 1100 ταῦτα
1416 1049 1543 1116 ἔφη·
1608 1047 1801 1117 “Τμεῖς
1850 1044 1911 1100 δὲ
1982 1039 1986 1046 “

228 1142 394 1192 πόλιν
448 1136 548 1207 μὲν
601 1136 692 1190 καὶ
748 1139 922 1199 οἰκίας
975 1136 1107 1205 ἡμῖν
1159 1136 1435 1206 παράδοτε
1488 1144 1603 1198 τοῖς
1642 1137 1913 1189 Λακεδαιἐ

229 1231 467 1296 μονίοις,
522 1225 613 1279 καὶ
642 1233 758 1293 ’γῆς
806 1226 970 1295 ὅρους
1017 1223 1357 1292 ἀποδείξατε,
1413 1222 1504 1276 καὶ
1562 1221 1780 1295 δένΙδρα
1829 1225 1966 1278 mmo

228 1315 462 1386 ὑμέτερα
507 1314 597 1367 καὶ
649 1320 702 1367 εἴ
735 1335 787 1366 τι
834 1315 967 1366 ἄλλο
1012 1314 1253 1366 δυνατὸν
1292 1315 1369 1375 εἰς
1416 1312 1661 1383 ἀριθμὸν
1699 1312 1908 1366 ἐλθεῖν·

230 1403 387 1457 αὐτοὶ
428 1400 488 1456 δὲ
528 1404 939 1472 μεταχωρήσατε
987 1402 1112 1455 ὅποι
1153 1402 1450 1470 βούλεσθε,
1498 1400 1598 1463 ἕως
1637 1400 1707 1454 ἂν
1745 1401 1773 1454 ὁ
1813 1403 1910 1453 πό-

161 1510 206 1541 15
230 1497 392 1561 λεμος
423 1485 478 1562 ᾖ·
520 1491 744 1544 ἐπειδὰν
783 1487 843 1543 δὲ
882 1489 1150 1560 παρέλθῃ,
1190 1489 1549 1558 ἀποδώσομεν
1586 1490 1736 1558 ὑμῖν,
1777 1489 1809 1542 ἃ
1842 1489 1911 1542 ἂν

227 1581 652 1650 παραλάβωμεν·
707 1577 864 1648 μέχρι
920 1575 980 1630 δὲ
1031 1579 1194 1630 τοῦδε
1249 1576 1439 1646 ἕξομεν
1491 1578 1625 1646 ὑμῖν
1669 1595 1912 1647 παρακα-
1982 1563 1983 1566 ¹

228 1670 478 1736 ταθήκην
533 1668 885 1738 ἐργαζόμενοι
938 1665 1028 1718 καὶ
1076 1665 1368 1735 ἀποφορὰν
1422 1665 1705 1736 φέροντες,
1759 1666 1792 1734 ἢ
1841 1665 1912 1718 ἂν

228 1757 363 1825 ὑμῖν
405 1758 561 1824 ἱκανὴ
609 1755 776 1825 μέλλῃ
825 1755 1083 1807 ἔσεσθαιῖ
1162 1756 1219 1807 οἳ
1255 1751 1315 1806 δὲ
1362 1753 1694 1816 ἀκούσαντες
1744 1750 1911 1817 αὖθις

231 1847 495 1912 εἰσῆλθον
534 1838 614 1906 εἰς’
650 1845 750 1911 τὴν
795 1845 983 1910 πόλιν,
1031 1841 1120 1894 καὶ
1161 1843 1593 1911 βουλευσάμενοι
1640 1843 1772 1911 μετὰ
1810 1850 1910 1895 τοῦ
1979 1878 1982 1889 .

162 1952 207 1983 eo
230 1935 482 2000 πλήθους
527 1931 739 1999 ἔλεξαν,
795 1932 877 1984 ὅτι
924 1931 1222 1999 βούλονται
1271 1929 1589 1998 Ἀθηναίοις
1648 1939 1911 1983 κοινῶσαι

229 2030 450 2090 πρῶτον
483 2021 514 2073 ἃ
546 2025 914 2090 προκαλεῖται,
945 2018 1036 2071 καὶ
1067 2018 1138 2087 ἢν
1168 2022 1443 2071 πείθωσιν
1475 2018 1692 2086 αὐτούς,
1731 2026 1911 2072 ποιεῖν

229 2118 412 2162 ταῦτα.
489 2108 647 2178 μέχρι
689 2106 749 2161 δὲ
788 2109 988 2161 τούτου
1037 2111 1369 2160 σπείσασθαι
1418 2110 1611 2176 σφίσιν
1659 2106 1911 2160 ἐκέλευον

351 2258 404 2297 18
437 2254 567 2297 Thuc
591 2254 631 2296 II
659 2258 712 2296 73

354 2390 378 2427 2
407 2381 607 2441 ἐσῆλθον
628 2385 672 2436 ἐς
689 2385 712 2427 s
796 2391 823 2428 4
850 2383 1005 2442 σφίσιν
1032 2384 1100 2440 εἴη
1120 2385 1190 2428 f&
1274 2390 1298 2427 6
1324 2391 1378 2442 τῇ
1403 2383 1527 2442 πάσῃ
1557 2385 1596 2427 Θ
1619 2384 1664 2427 Α
1690 2385 1879 2459 εΧοθρὺο
1901 2388 1907 2440 Ι

235 2441 402 2487 κείνων
419 2443 533 2487 MP:
562 2442 751 2488 ἐκείνων
768 2444 838 2488 f&
916 2450 938 2487 7
958 2445 1187 2499 ἀθηναῖοι
1213 2460 1256 2487 οι
1272 2443 1307 2485 Ρ
1386 2448 1410 2486 8
1431 2429 1534 2498 ἔνορ
1538 2458 1611 2500 χοι
1627 2442 1663 2485 Ρ
1726 2447 1749 2485 9
1769 2445 1913 2492 αυθις

237 2515 311 2543 om
335 2501 371 2543 P
463 2506 517 2544 10
550 2518 663 2557 προς
693 2501 873 2558 τάνίέφη
901 2503 935 2545 Ρ
1000 2507 1051 2545 11
1100 2502 1210 2558 ἡμῖν
1234 2500 1471 2557 παράδοτε
1497 2504 1530 2557 (-
1511 2460 1648 2545 ρδοτα
1671 2501 1725 2557 Ρ)
1742 2501 1907 2544 ΜΡΘ.

235 2557 470 2614 παράδοτε
503 2559 612 2615 ἡμῖν
637 2561 707 2603 fA
859 2566 911 2604 12
946 2561 1118 2616 δένδρα
1149 2561 1263 2605 MP:
1297 2560 1472 2616 δένδρα
1503 2560 1689 2618 ἀριθμῷ
1720 2559 1792 2603 f&

243 2623 293 2660 13
311 2616 507 2674 ἡμέτερα
526 2619 561 2660 Ρ
590 2621 594 2675 Ι
625 2618 730 2661 εἴτι
747 2619 853 2662 ἄλλο
871 2620 984 2664 MP:
1011 2619 1118 2663 ἄλλο
1147 2619 1244 2663 εἴτι
1260 2619 1330 2664 f&
1359 2622 1363 2676 Ι
1391 2621 1607 2675 ἀριθμῶν
1623 2619 1659 2661 Ρ
1730 2623 1784 2660 14
1802 2616 1907 2676 βού-
1951 2620 1954 2621 ’

237 2679 402 2720 λεσθαι
419 2676 454 2718 Ρ
518 2681 571 2719 15
598 2677 707 2732 ὑμῖν
732 2676 760 2719 ἃ
787 2675 845 2721 ἂν
869 2682 1035 2732 παραλ.
1062 2677 1251 2722 inclusit
1267 2678 1290 2720 f
1352 2683 1405 2721 16
1429 2677 1777 2749 παραλάβοιμεν
1794 2675 1884 2719 ΜΡ
1899 2675 1911 2733 Ι

239 2734 503 2793 μέχριςΜΡ
532 2737 535 2790 Ι
565 2736 673 2790 ὑμῖν
697 2735 810 2779 MP:
837 2750 911 2779 om
936 2737 1005 2780 f&
1100 2742 1151 2780 17
1179 2736 1430 2793 ἀποφορὰν
1454 2737 1567 2780 MP:
1601 2735 1755 2791 φορὰν
1780 2734 1850 2778 f&

241 2799 295 2837 18
326 2794 436 2850 ἡμῖν
460 2794 495 2836 P
524 2797 528 2850 Ι
558 2793 695 2850 ἱκανὴ
729 2793 862 2849 μέλλῃ
896 2794 1007 2838 MP.
1041 2794 1174 2867 μέλλῃ
1210 2795 1347 2852 ἱκανὴ
1380 2795 1403 2838 f
1411 2797 1450 2839 Θ
1623 2799 1675 2837 19
1709 2793 1910 2866 ἐσῆλθον

239 2850 381 2903 αὖθις
406 2852 451 2903 ἐς
478 2854 517 2895 Θ
545 2855 550 2909 Ι
581 2852 778 2908 ἐσῆλθον
806 2852 851 2902 ἐς
874 2853 897 2894 f
983 2858 1034 2895 21
1063 2853 1091 2895 ἃ
1117 2858 1414 2909 προκαλεῖται
1439 2855 1545 2896 ante
1573 2857 1626 2894 20
1648 2849 1908 2908 Ἀθηναίοις

238 2914 418 2968 ponunt
441 2910 510 2954 f&
632 2916 684 2953 22
720 2909 874 2968 μέχρις
903 2911 995 2953 ΜΡ
1024 2914 1028 2968 Ι
1055 2919 1220 2956 τοῦτου
1245 2913 1293 2955 Μ
