2004 3202
183 151 291 203 120
605 150 947 193 ΔΙΟΝΥΣΙΟΤ
977 147 1444 191 ΑΛῙΚΑΡΝΑΣΕΩΣ

183 282 337 339 οὗτοι
376 282 436 338 δὲ
475 293 644 338 ταῦτα
683 284 972 352 ἀκηκοότες
1010 283 1156 351 παρὰ
1194 290 1307 334 τῶν
1340 281 1541 334 τούτου
1572 282 1862 351 διαφόρων

182 372 215 440 ἢ
239 371 398 426 αὐτοὶ
420 374 750 435 πλάττοντες
779 371 1015 438 λέγουσι.
1076 371 1214 439 πρὸς
1245 366 1305 422 δὲ
1328 370 1561 437 τούτοις,
1594 366 1635 422 ὦ
1661 370 1860 439 ἄνδρες

183 461 458 528 δικασταί,
503 461 657 530 ἡμεῖς
695 458 796 529 μὲν
833 461 962 520 τοὺς
1002 466 1288 524 συγγενεῖς
1323 458 1602 527 μάρτυρας
1639 455 1731 510 καὶ
1771 456 1858 510 ἐπὶ

182 558 294 603 τῶν
325 551 619 617 διαιτητῶν
648 547 738 601 καὶ
765 546 850 616 ἐφ’
883 547 1040 615 ὑμῶν
1070 547 1438 615 παρεχόμεθα,
1470 539 1553 608 οἷς
1578 546 1680 598 οὐκ
1704 544 1862 610 ἄξιον

137 658 159 691 5
183 637 456 704 ἀπιστεῖν,
519 633 670 690 οὗτοι
732 635 817 703 δέ,
881 634 1065 701 ἐπειδὴ
1129 635 1322 702 ἔλαχεν
1381 633 1698 702 Εὐφίλητος
1758 634 1862 702 τὴν

182 726 343 793 δίκην
394 727 495 793 τὴν
538 724 812 795 προτέραν
858 730 932 798 τῷ
978 728 1147 794 κοινῷ
1192 731 1303 775 τῶν
1349 723 1601 791 δημοτῶν
1646 720 1735 774 καὶ
1782 728 1860 793 τῷ

182 816 302 866 τότε
342 816 735 884 δημαρχοῦντι,
791 812 851 874 ὃς
896 819 1004 864 νῦν
1048 811 1415 879 τετελεύτηκε,
1470 811 1574 863 δύο
1621 812 1712 878 ἔτη
1758 817 1861 863 τοῦ

182 904 463 970 διαιτητοῦ
502 903 601 969 τὴν
640 903 858 953 δίαιταν
897 902 1117 968 ἔχοντος
1156 898 1257 952 οὐκ
1294 899 1658 967 ἠδυνήθησαν
1704 898 1859 951 οὐδε-

181 994 313 1059 μίαν
351 993 656 1060 μαρτυρίαν
695 989 896 1058 εὑρεῖν,
936 989 1009 1050 ὡς
1048 986 1238 1041 οὑτοσὶ
1274 989 1445 1041 ἄλλου
1475 988 1626 1049 τινὸς
1655 989 1862 1055 πατρός

116 1101 158 1131 1o
184 1078 332 1131 ἐστιν
390 1078 422 1146 ἢ
484 1086 583 1131 τοῦ
643 1077 924 1148 ἡμετέρου.
1014 1085 1129 1138 τοῖς
1191 1073 1251 1128 δὲ
1316 1077 1566 1129 διαιτῶσι
1634 1075 1861 1144 μέγιστα

181 1168 421 1235 <ταῦτα>
461 1175 653 1236 σημεῖα
691 1163 761 1234 ἧν
798 1174 898 1219 τοῦ
945 1166 1252 1229 ψεύδεσθαι
1297 1165 1528 1226 τούτους
1574 1163 1665 1217 καὶ
1710 1184 1861 1217 κατε-

181 1253 445 1325 διῄτησαν
477 1255 660 1307 αὐτῶν
692 1254 1008 1324 ἀμφότεροι.
1069 1257 1165 1306 καί
1191 1274 1284 1322 μοι
1317 1250 1449 1322 λαβὲ
1476 1261 1571 1321 τῆς
1593 1252 1863 1324 προτέρας

181 1345 391 1411 διαίτης
421 1344 522 1411 τὴν
553 1346 874 1413 μαρτυρίαν.
899 1374 972 1380 —-
994 1339 1307 1411 Μαρτυρία.
1334 1373 1402 1378 -
1421 1341 1512 1404 Ὡς
1542 1339 1644 1410 μὲν
1666 1345 1861 1394 τοίνυν

179 1431 269 1484 καὶ
308 1434 429 1484 τότε
468 1428 659 1499 ὦφλον
696 1432 798 1499 τὴν
837 1432 1070 1498 δίαιταν,
1110 1430 1387 1499 ἀκηκόατε.
1457 1430 1587 1494 ἀξιῶ
1623 1430 1629 1499 Ι
1665 1429 1755 1497 δέ,
1794 1427 1835 1482 ὦ
1861 1446 1949 1485 624

115 1539 155 1571 15
181 1521 378 1589 ἄνδρες
416 1521 693 1586 δικασταί,
743 1521 924 1589 ὥσπερ
965 1516 1118 1572 οὗτοι
1159 1518 1295 1588 μέγα
1342 1517 1490 1571 τοῦτ’
1531 1518 1601 1571 ἂν
1647 1521 1860 1588 ἔφασαν

180 1604 322 1660 εἶναι
354 1616 597 1676 σημεῖον,
629 1608 701 1669 ὡς
733 1607 833 1660 οὐκ
866 1610 1016 1660 ἔστιν
1039 1606 1405 1675 “Ηγησίππου,
1438 1608 1485 1659 εἰ
1510 1608 1563 1659 oz
1588 1606 1859 1675 διαιτηταὶ

179 1696 363 1748 αὐτῶν
401 1694 786 1766 ἀπεδιῄτησαν,
827 1695 968 1748 οὕτω
1007 1696 1068 1748 τὸ
1109 1703 1215 1748 νῦν
1252 1695 1385 1764 ἡμῖν
1422 1703 1679 1748 τοιοῦτον
1717 1692 1860 1748 εἶναι

179 1784 483 1852 μαρτύριον
509 1785 591 1837 ὄτι
616 1784 796 1852 ἀληθῆ
822 1783 1068 1852 λέγομεν,
1102 1783 1217 1836 ἐπεὶ
1246 1783 1442 1847 ἔδοξαν
1465 1782 1622 1836 αὐτοὶ
1647 1783 1863 1837 ἀδικεῖν

179 1880 378 1925 τοῦτον
409 1871 710 1940 Ἀθηναῖον
741 1874 873 1924 ὄντα
908 1870 997 1924 καὶ
1029 1875 1233 1942 κυρίως
1263 1882 1485 1942 πρῶτον
1517 1871 1862 1943 ἐγγραφέντα

115 1978 159 2011 20
181 1959 416 2028 ὕστερον
449 1959 836 2023 ἐξαλείψαντες.
899 1960 982 2012 ὅτι
1007 1956 1108 2028 μὲν
1133 1956 1236 2012 οὖν
1259 1959 1496 2029 ἀδελφὸς
1527 1960 1684 2029 ἡμῶν
1712 1960 1863 2014 ἐστιν

180 2046 367 2101 οὑτοσὶ
419 2047 733 2116 Εὐφίλητος
786 2046 875 2100 καὶ
925 2051 1151 2115 πολίτης
1203 2047 1464 2118 ὑμέτερος
1515 2048 1606 2102 καὶ
1659 2049 1863 2112 ἀδίκως

178 2136 421 2205 ὑβρίσθη
445 2137 553 2188 ὑπὸ
578 2146 688 2188 τῶν
714 2136 773 2188 έν
796 2144 871 2208 τῷ
896 2138 1047 2208 δήμῳ
1074 2138 1411 2204 συστάντων,
1446 2138 1644 2199 ἱκανῶς
1672 2143 1856 2207 οἰόμαι

178 2224 335 2293 ὑμᾶς,
375 2221 415 2277 ὦ
457 2226 654 2294 ἄνδρες
693 2227 961 2293 δικασταί,
1004 2224 1330 2294 ἀκηκοέναιῖ

96 2313 162 2364 18
292 2309 452 2374 οὗτος
491 2313 519 2366 ὁ
559 2314 833 2382 χαρακτὴρ
873 2323 984 2366 τῶν
1016 2312 1221 2366 Ἰσαίου
1253 2316 1435 2382 λόγων
1471 2312 1561 2366 καὶ
1593 2322 1762 2366 ταῦτα
1794 2315 1861 2366 τά

299 2477 325 2514 5
357 2472 577 2515 ἀπειθεῖν
609 2472 644 2513 Ρ
676 2485 778 2515 corr
808 2472 858 2514 in
889 2473 1123 2517 ἀπειστεῖν
1167 2475 1171 2531 Ι
1215 2470 1460 2529 εὐφίλητος
1498 2486 1574 2515 om
1604 2472 1663 2514 F¹
1699 2471 1748 2514 in
1779 2487 1861 2528 mg

181 2530 273 2574 add
314 2530 372 2572 F²
424 2528 647 2586 ἀφίλητος
686 2531 733 2572 Μ
857 2536 879 2573 7
918 2532 1235 2588 τετελεύτηκεν
1274 2532 1358 2574 ΒΡ
1486 2535 1535 2573 11
1578 2537 1724 2574 ταῦτα
1763 2531 1859 2574 add

180 2588 396 2632 Reiskius
441 2591 446 2644 Ι
489 2589 835 2647 καταδιῄτησαν
860 2589 942 2632 ΒΡ
1065 2595 1118 2633 12
1158 2590 1302 2635 αὐτὸν
1326 2589 1385 2632 F²
1426 2591 1432 2646 Ι
1473 2587 1584 2647 λαβε
1615 2589 1856 2633 Reiskius:

179 2646 338 2705 λάβετε
362 2647 471 2690 libri
504 2648 586 2691 sed
619 2650 861 2691 accentum
886 2662 961 2691 om
985 2650 1019 2691 F
1045 2651 1092 2693 et
1115 2651 1203 2708 λαβ
1234 2649 1383 2706 primo
1406 2648 1455 2691 M
1491 2651 1496 2705 Ι
1531 2646 1798 2714 προτέρ[α]ς
1821 2648 1858 2690 F

179 2719 285 2753 Qum
315 2719 390 2749 ras
525 2711 579 2749 13
611 2705 839 2761 μαρτυρία
873 2721 946 2750 om
977 2707 1011 2750 F
1044 2708 1094 2751 in
1132 2724 1212 2780 mg
1249 2708 1391 2752 rubro
1420 2706 1672 2762 adscripsit
1702 2707 1738 2749 P

181 2769 235 2807 14
268 2761 423 2820 ὦφλον
447 2763 722 2808 Holwellus:
757 2765 956 2820 ὤφειλον
1041 2772 1095 2810 15
1127 2765 1211 2824 μέγ
1213 2783 1243 2810 α
1267 2765 1505 2810 Reiskius:
1539 2764 1652 2821 μετὰ
1687 2767 1692 2822 Ι
1727 2763 1852 2809 τοῦτ’

180 2841 241 2868 αν
266 2823 576 2868 Schoemann:
609 2830 755 2867 ταῦτα
783 2826 788 2880 1
820 2823 997 2880 ἔφησαν
1015 2825 1050 2868 F
1143 2831 1197 2870 17
1223 2822 1560 2880 ἀπεὸιαίτησαν
1580 2825 1616 2867 Ρ
1709 2829 1763 2867 18
1796 2838 1858 2867 an

179 2884 369 2933 αὖτοῖςῖ
507 2887 563 2925 19
593 2883 820 2938 ἀθηναῖοι
852 2883 899 2925 Μ
931 2885 1051 2927 teste
1085 2884 1265 2928 Sadaeo
1388 2888 1443 2927 20
1477 2882 1790 2940 ἐξαλήψαντες
1820 2884 1859 2927 Ρ

300 2947 354 2984 22
387 2941 478 2984 ὑπὸ
510 2941 583 2984 bis
616 2942 651 2984 P
695 2943 699 2998 Ι
743 2941 870 2997 δήμω
904 2955 957 2985 ex
991 2945 1109 2998 δημο
1142 2944 1200 2986 F²
