2004 3202
370 125 517 167 ΠΕΡΙ
545 124 669 168 ΤΩΝ
698 123 1104 168 ΘΟΤΚΤΔΙΔΟΤ
1134 125 1472 167 ΙΔΙΩΜΑΤΩΝ
1657 123 1769 176 423

85 251 175 321 οἷς
205 258 453 328 μάλιστα,
472 258 751 328 ἐβουλήθη
784 260 1088 327 διενεγκεῖν
1118 268 1231 312 τῶν
1260 260 1367 329 πρὸ
1401 259 1590 327 αὑτοῦ,
1621 262 1773 313 πλεί-

64 363 87 404 1
107 361 243 415 στην
273 347 718 417 εἰσενεγκάμενος
746 350 1138 418 πραγματείαν,
1176 344 1299 400 τοτὲ
1333 347 1340 416 Ι
1374 344 1476 417 μὲν
1514 350 1685 416 λόγον
1716 348 1770 413 ἐξ

92 434 360 504 ὀνόματος
389 445 584 505 ποιῶν,
617 433 738 490 τοτὲ
762 433 823 489 δὲ
856 437 935 499 εἰς
957 438 1134 506 ὄνομα
1165 436 1424 504 συνάγων
1446 437 1546 489 τὸν
1577 439 1770 505 λόγον·

89 522 180 576 καὶ
218 531 326 577 νῦν
363 520 464 593 μὲν
501 525 563 577 τὸ
597 524 897 594 ῥηματικὸν
927 525 1264 594 ὀνοματικῶς
1299 523 1562 595 ἐκφέρων,
1603 521 1771 588 αὖθις

42 638 46 644 ·
90 609 152 664 δὲ
198 612 441 682 τοῦνομα
488 613 632 683 ῥῆμα
677 623 875 667 ποιῶν·
920 612 1011 667 καὶ
1058 613 1243 667 αὐτῶν
1280 633 1342 682 γε
1386 614 1601 666 τούτων
1640 614 1770 667 ἀνα-
1794 634 1816 667 5

90 699 345 770 στρέφων
382 703 477 764 τὰς
515 703 751 772 χρήσεις,
790 703 883 756 ’ἵνα
920 703 982 756 τὸ
1022 699 1124 772 μὲν
1162 702 1494 772 ὀνοματικὸν
1531 703 1771 773 <προση-

46 814 49 819 ·
90 791 320 861 γορικὸν
357 790 598 859 γένηται,
637 792 699 844 τὸ
739 788 801 844 δὲ
838 792 1249 862 προσηγορικὸν
1279 791 1652 860 ὀνοματικῶς)
1685 791 1771 845 λέ-

89 899 268 948 γηται,
306 878 396 932 καὶ
435 881 501 933 τὰ
539 877 642 949 μὲν
678 882 957 949 παθητικὰ
997 880 1207 950 ῥήματα
1246 881 1563 951 δραστήρια,
1602 880 1668 932 τὰ
1707 876 1770 932 δὲ

88 969 392 1039 δραστήρια
429 970 728 1038 παθητικά·
775 974 1171 1038 πληθυντικῶν
1210 965 1270 1021 δὲ
1308 967 1399 1022 καὶ
1438 967 1638 1021 ἑνικῶν
1675 967 1770 1022 ἀλ-

87 1058 300 1110 λάττων
338 1059 434 1121 τὰς
465 1059 661 1127 φύσεις
698 1057 788 1111 καὶ
821 1058 1266 1128 ἀντικατηγορῶν
1296 1066 1466 1111 ταῦτα
1497 1057 1768 1127 ἀλλήλων,
1791 1078 1837 1110 10

85 1147 314 1215 θηλυκά·
345 1145 389 1198 τ’
429 1146 740 1217 ἀρρενικοῖς
769 1145 860 1200 καὶ
899 1146 1160 1217 ἀρρενικὰ
1189 1151 1461 1215 θηλυκοῖς
1488 1145 1578 1199 καὶ
1612 1146 1770 1199 οὐδέ-

86 1255 216 1306 τερα
266 1236 479 1289 τούτων
531 1235 679 1289 τισὶν
732 1236 1049 1303 συνάπτων,
1105 1234 1157 1299 ἐξ
1206 1231 1284 1288 ὧν
1329 1235 1362 1303 ἡ
1409 1237 1545 1288 κατὰ
1595 1235 1770 1304 φύσιν

86 1323 396 1377 ἀκολουθία
459 1329 755 1378 πλανᾶται·
817 1326 912 1387 τὰς
978 1321 1038 1377 δὲ
1098 1325 1278 1393 <τῶν>
1338 1324 1680 1393 ὀνοματικῶν
1732 1323 1766 1393 ἢ

86 1423 390 1482 μετοχικῶν
441 1414 674 1475 πτώσεις
727 1410 849 1466 τοτὲ
902 1409 1004 1482 μὲν
1055 1413 1194 1483 πρὸς
1246 1413 1307 1465 τὸ
1363 1415 1768 1482 σημαινόμενον

83 1500 192 1555 ἀπὸ
247 1509 347 1554 τοῦ
394 1505 758 1571 σημαίνοντος
811 1500 1191 1572 ἀποστρέφων,
1245 1498 1367 1554 τοτὲ
1413 1498 1474 1554 δὲ
1520 1503 1658 1572 πρὸς
1703 1503 1764 1555 τὸ
1790 1520 1835 1553 15

84 1591 392 1660 (σημαῖνον
430 1589 536 1642 ἀπὸ
576 1590 712 1658 τοῦ>
752 1588 1182 1659 σημαινομένου·
1221 1589 1281 1642 έν
1320 1586 1380 1642 δὲ
1417 1599 1532 1652 τοῖς
1572 1591 1767 1643 συνδε-

82 1687 258 1741 τικοῖς
296 1677 386 1754 καὶ
426 1687 540 1741 τοῖς
578 1683 931 1748 προθετικοῖς
969 1681 1184 1748 μορίοις
1222 1676 1312 1731 καὶ
1345 1680 1423 1731 ε”τι
1462 1683 1674 1747 μᾶλλον
1705 1678 1766 1731 ἐν

80 1868 232 1914 τόνων
264 1869 345 1912 καὶ
375 1875 466 1911 τῶν
496 1866 719 1924 μειζόνων
751 1865 925 1923 μορίων
956 1867 1041 1924 τὴν
1066 1866 1380 1924 ἀξιωματικὴν
1411 1869 1492 1912 καὶ
1523 1867 1762 1925 αὐστηρὰν

83 1929 165 1973 καὶ
197 1925 421 1986 στιβαρὰν
460 1927 539 1970 καὶ
580 1927 836 1984 βεβηκυῖαν
875 1927 955 1971 καὶ
985 1925 1307 1984 τραχύνουσαν
1348 1935 1451 1978 ταῖς
1487 1935 1579 1971 τῶν
1618 1944 1762 1984 γραμ-

81 1987 242 2045 μάτων
273 1983 566 2036 ἀντιτυπίαις
588 1985 672 2036 τὰς
702 1985 849 2036 ἀκοὰς
879 1986 984 2030 ἀντὶ
1015 1994 1096 2043 τῆς
1126 1988 1315 2043 λιγυρᾶς
1338 1987 1418 2030 καὶ
1442 1989 1652 2043 μαλακῆς
1681 1987 1763 2030 καὶ

82 2043 411 2102 συνεξεσμένης
441 2045 521 2089 καὶ
554 2043 698 2101 μηδὲν
732 2044 922 2102 ἐχούσης
953 2043 1226 2089 ἀντίτυπον·
1266 2045 1341 2088 ἐπὶ
1372 2043 1423 2088 δὲ
1457 2051 1498 2089 A
1619 2051 1642 2088 1
1677 2044 1760 2102 μά-

82 2109 222 2163 ληστα
248 2105 283 2148 Ρ
311 2107 316 2162 Ι
346 2101 580 2160 διενέγκαι
611 2109 654 2147 A
695 2107 702 2159 Ι
746 2111 887 2148 αυτοῦ
913 2105 949 2147 Ρ
987 2106 1132 2148 αὐτοῦ
1165 2118 1214 2148 a:
1248 2118 1349 2148 corr
1380 2104 1642 2161 Kruegerus

84 2171 110 2209 2
142 2162 482 2222 πραγματείαν]
516 2162 739 2218 σπουδήν.
787 2160 1008 2207 διετέλεσέ
1037 2161 1088 2220 γέ
1119 2179 1191 2207 τοι
1214 2163 1296 2207 τὸν
1322 2162 1760 2221 ἑπτακαιεικοσαετῆ

79 2224 254 2283 χρόνον
285 2230 366 2267 τοῦ
398 2220 599 2278 πολέμου
632 2221 724 2266 ἀπὸ
756 2228 837 2278 τῆς
868 2222 1012 2279 ἀρχῆς
1052 2221 1135 2272 ἕως
1172 2228 1253 2279 τῆς
1289 2225 1497 2278 τελευτῆς
1527 2221 1610 2273 τὰς
1642 2223 1759 2267 ὀκτὼ

80 2284 294 2387 βύβλους,
326 2281 382 2332 ἃς
413 2281 560 2337 μόνας
590 2279 845 2337 κατέλιπεν,
880 2279 1086 2337 στρέφων
1118 2280 1215 2324 ἄνω
1247 2282 1326 2325 καὶ
1358 2279 1496 2336 κάτω,
1527 2282 1608 2326 καὶ
1638 2280 1752 2326 καθ’

107 2360 134 2386 ν
167 2341 359 2386 ἕκαστον
390 2349 481 2384 τῶν
511 2347 593 2396 τῆς
624 2339 835 2396 φράσεως
865 2338 1040 2396 μορίων
1071 2338 1213 2397 ῥἰνῶν
1237 2341 1318 2384 καὶ
1340 2340 1562 2395 τορεύων·
1595 2341 1755 2400 καὶΔΙ

82 2400 146 2455 ἐξ
177 2401 244 2444 sio
274 2401 310 2444 P
490 2404 517 2442 4
550 2399 863 2455 ὀνομαστικῶς
895 2413 923 2442 a
1110 2404 1135 2442 6
1169 2398 1248 2442 ἵνα
1278 2399 1330 2444 τὸ
1364 2397 1448 2455 μὲν
1480 2400 1760 2457 ὀνοματικὸν

78 2459 264 2517 λέγηται
295 2460 332 2503 Ρ
372 2458 451 2503 ἵνα
483 2458 533 2502 τὸ
567 2455 651 2514 μὲν
690 2458 969 2514 ὀνοματικὸν
1008 2456 1282 2514 ῥἠματικὸν,
1321 2458 1372 2502 τὸ
1413 2456 1464 2502 δὲ
1504 2457 1759 2516 ῥηματικὸν

81 2518 362 2575 ὀνοματικὸν
401 2515 583 2574 λέγηται
625 2516 872 2573 inpudenti
910 2516 1274 2573 interpolatione
1314 2517 1450 2563 CDs:
1499 2518 1758 2563 orationem

79 2592 296 2623 mancam
327 2591 383 2621 ex
416 2583 457 2621 A
489 2576 796 2633 supplendam
827 2590 926 2620 esse
959 2575 1082 2620 uidit
1112 2576 1330 2621 Reiskius
1522 2582 1547 2621 8
1581 2592 1635 2634 sq
1665 2578 1760 2622 fort

80 2638 214 2682 deest
245 2644 392 2681 ποιῶν
528 2641 553 2679 9
587 2634 870 2680 ἐναλλάττων
894 2640 936 2679 A
972 2635 1235 2692 Kruegerus
1261 2637 1323 2680 ad
1345 2636 1601 2693 historiogr
1623 2652 1653 2694 p
1674 2642 1756 2680 129

202 2702 256 2740 10
289 2697 368 2740 καὶ
400 2694 720 2752 ἐγκατηγορῶν
753 2699 794 2738 A
945 2699 998 2738 11
1030 2710 1078 2739 τε
1111 2694 1224 2739 CDs
1253 2697 1258 2753 Ι
1286 2696 1519 2752 ἀρενικοῖς
1542 2696 1578 2739 Ρ
1625 2697 1758 2752 ἀρσε-

81 2755 368 2806 νικοῖςΔΒε
390 2755 395 2813 Ι
416 2752 638 2809 ἀρρενικὰ
664 2758 725 2798 A:
757 2753 931 2810 ἄρρενα
958 2753 1033 2797 Pa
1125 2759 1178 2797 12
1210 2755 1386 2800 τούτων
1417 2755 1535 2799 τισὶν
1567 2769 1669 2799 corr
1698 2756 1759 2798 Ρι

79 2815 256 2859 τούτων
289 2812 362 2858 σίν
393 2828 448 2870 pr
470 2813 527 2856 P¹
673 2817 726 2855 13
760 2810 810 2856 δὲ
841 2820 934 2857 τῶν
966 2818 1028 2858 A:
1061 2810 1112 2857 δὲ
1145 2813 1219 2857 Pa
1371 2819 1426 2857 14
1456 2812 1566 2858 ποτὲ
1599 2814 1676 2858 hic
1709 2816 1758 2857 et

80 2889 114 2917 u
139 2879 193 2917 15
219 2879 260 2917 A
383 2877 436 2915 15
468 2871 584 2927 πρὸς
613 2871 664 2916 τὸ
698 2879 925 2928 σημαῖνον
956 2872 1050 2917 ἀπὸ
1081 2879 1162 2917 τοῦ
1195 2871 1534 2930 σημαινομένου
1569 2872 1754 2918 ACDS:

80 2933 196 2989 πρὸς
226 2933 277 2977 τὸ
310 2929 649 2989 σημαινόμενον
679 2931 754 2974 Pa
