2004 3202
787 197 1210 242 ΔΗΜΟΣΘΕΝΗΣ
1732 199 1836 252 183

160 335 292 404 ὅπερ
325 331 475 387 ἐστὶν
505 333 745 402 ἀληθῶς,
785 313 1079 404 ἀκαιριᾞαν)
1115 333 1333 396 τούτοις
1372 331 1552 386 ἐκεῖνα
1591 332 1838 404 ἐπιτίθη-

159 438 251 476 σιν
297 422 326 477 ὁ
372 421 538 492 ἀνήρ·
586 422 768 494 εΛόγῳ
816 419 876 475 δὲ
924 423 991 491 δὴ
1038 423 1135 475 τὸν
1181 424 1508 491 λειπόμενον
1552 424 1760 491 κόσμον
1807 424 1836 476 6

158 531 216 564 τε
262 513 431 580 νόμος
474 510 796 580 προστάττει
843 511 1059 574 τούτοις
1104 506 1410 564 ἀποδοῦναι
1425 519 1564 573 τοῖς
1602 509 1837 581 ἀνδράσι

157 598 249 652 καὶ
293 597 431 669 χρή)
494 600 555 652 τὸ
602 598 692 652 καὶ
739 600 840 669 χρὴ
886 600 1056 653 πάλιν
1093 599 1408 668 <ἐνταῦθα>
1455 602 1709 669 κείμενον
1749 599 1836 653 ἐπὶ

157 693 410 756 τελευτῆς
448 691 600 750 τίνος
638 687 796 740 ἕνεκα
841 691 1203 758 παρείληπται
1240 686 1331 741 καὶ
1370 688 1464 741 διὰ
1502 691 1561 741 τί
1568 712 1581 753 ;
1634 691 1837 759 πότερα
1882 705 1904 738 5

158 775 502 846 σαφεστέραν
546 785 772 845 ποιῆσαι
826 778 927 845 τὴν
972 776 1142 842 λε’ξιν;
1196 776 1335 830 ἀλλά
1387 775 1477 830 καὶ
1530 775 1698 847 χωρὶς
1742 785 1837 845 τῆς

155 864 510 935 προσθέσεως
547 866 747 934 ταύτης
785 864 898 918 ἐστὶ
932 868 1124 934 σαφής.
1190 870 1245 918 εἴ
1267 885 1330 934 γε
1362 862 1466 919 οὖν
1496 866 1670 928 οὕτως
1701 862 1837 935 εἶχε·

159 953 343 1027 εΛόγῳ
384 951 444 1007 δὲ
484 955 551 1022 δὴ
591 955 689 1007 τὸν
721 957 1046 1023 λειπόμενον
1084 957 1292 1024 κόσμον
1323 954 1352 1008 ὁ
1392 956 1561 1024 νόμος
1599 954 1838 1008 ἀποδοῦ-

157 1063 249 1095 ναι
286 1044 611 1113 προστάττει
649 1051 764 1106 τοῖς
802 1042 1074 1114 ἀνδράσι,’
1113 1046 1195 1106 τίς
1226 1042 1296 1095 ἂν
1326 1044 1532 1112 ταύτην
1563 1042 1836 1113 ἐμέμψατο

158 1132 231 1194 ὡς
270 1131 336 1184 οὐ
377 1139 551 1201 σαφῆ;
591 1131 730 1185 ἀλλὰ
767 1139 930 1185 τοῦτο
970 1132 1132 1199 ἥδιον
1162 1131 1508 1200 ἀκουσθῆναι
1545 1131 1636 1185 καὶ
1674 1153 1837 1202 μεγα-
1862 1151 1906 1183 ιο

157 1219 614 1290 λοπρεπέστερον;
681 1228 794 1273 πᾶν
853 1217 954 1290 μὲν
1015 1217 1118 1274 οὗν
1178 1220 1508 1274 τούναντίον
1566 1221 1837 1290 ἠφάνικεν

156 1308 325 1376 αὐτῆς
371 1309 431 1361 τὸ
473 1310 677 1378 σεμνὸν
714 1307 805 1361 καὶ
846 1309 1191 1377 λελύμανται.
1252 1307 1342 1361 καὶ
1381 1316 1545 1362 τοῦτο
1586 1310 1652 1363 οὐ
1692 1312 1836 1382 λόγῳ
1892 1305 1894 1308 ’

156 1398 242 1450 δεῖ
271 1402 476 1466 μαθεῖν
506 1396 753 1465 ἕκαστον,
785 1396 902 1450 ἀλλ’
929 1397 986 1450 ἐκ
1016 1407 1128 1450 τῶν
1154 1395 1352 1451 ἑαυτοῦ
1384 1407 1591 1465 γνῶναι
1623 1404 1837 1452 παθῶν.

154 1494 274 1548 ταῖς
325 1487 429 1555 γὰρ
477 1485 700 1554 ἀλόγοις
746 1487 1075 1554 αἰσθήσεσιν
1121 1487 1334 1538 ἅπαντα
1379 1487 1446 1539 τὰ
1491 1486 1698 1556 ὀχληρὰ
1746 1485 1836 1539 καὶ

153 1574 288 1643 ἡδέα
340 1577 609 1644 κρίνεται,
665 1573 756 1627 καὶ
803 1571 978 1628 οὐθὲν
1025 1576 1109 1628 δεῖ
1162 1575 1385 1637 ταύταις
1432 1575 1557 1628 οὔτε
1613 1576 1838 1644 διδαχῆς
1864 1591 1905 1623 15

156 1664 282 1716 οὔτε
319 1666 690 1734 παραμυθίας.
726 1661 732 1733 Ι

69 1763 183 1804 1032
269 1761 631 1821 συκοφαντεῖς
661 1753 722 1804 τὸ
754 1760 992 1822 πρᾶγμα,
1031 1750 1146 1821 τάχ’
1168 1750 1239 1804 ἂν
1270 1757 1414 1805 εἴποι
1446 1771 1544 1820 τις,
1585 1750 1838 1805 εὐέπειαν
1855 1749 1926 1802 25

157 1839 403 1892 ἀπαιτῶν
431 1838 522 1892 καὶ
552 1841 910 1908 καλλιλογίαν
936 1842 1083 1910 παρὰ
1115 1839 1318 1911 ἀνδρὸς
1342 1839 1410 1893 οὐ
1441 1848 1611 1893 ταῦτα
1642 1848 1837 1910 σοφοῦ.

157 1930 252 1990 τὰς
294 1930 510 1995 νοήσεις
550 1927 778 1996 ἐξέταζε,
825 1930 872 1981 εἰ
918 1927 1079 1982 καλαὶ
1125 1927 1216 1981 καὶ
1263 1933 1692 1998 μεγαλοπρεπεῖς
1731 1930 1837 1982 εἰσι

156 2014 247 2069 καὶ
298 2014 426 2086 παρ’
473 2015 669 2068 οὐθενὶ
723 2025 834 2069 τῶν
888 2018 1071 2070 ἄλλων
1123 2019 1381 2086 κείμεναι.
1457 2016 1582 2086 περὶ
1637 2018 1837 2080 ταύτας
1862 2033 1906 2066 20

158 2103 364 2167 ἐκεῖνος
423 2103 778 2172 ἐσπούδαζεν,
842 2102 902 2157 ἐν
954 2105 1178 2167 ταύταις
1231 2105 1414 2168 δεινὸς
1466 2102 1549 2173 ἦν.
1625 2106 1837 2158 τούτων

158 2193 402 2255 εὐθύνας
432 2191 556 2262 παρ’
581 2193 752 2246 αὐτοῦ
784 2193 1043 2262 λάμβανε,
1075 2194 1173 2246 τὸν
1197 2190 1257 2246 δὲ
1288 2195 1496 2263 τρόπον
1518 2201 1613 2261 τῆς
1645 2192 1837 2257 λέξεως

277 2373 302 2410 2
334 2366 579 2412 Menexeni
613 2366 730 2411 236‘1

277 2535 299 2574 1
333 2530 523 2587 ἀληθῶς
547 2529 845 2586 Sylburgius:
878 2529 908 2571 ἀ
965 2526 1053 2579 θες
1077 2529 1137 2579 ὡς
1228 2534 1253 2573 3
1283 2528 1444 2585 νόμοις
1468 2529 1610 2585 νόμος
1633 2530 1668 2573 Ρ
1696 2531 1702 2587 Ι
1730 2528 1836 2573 τάτ-

155 2604 224 2633 τει
245 2591 411 2645 postea
436 2589 531 2633 add
554 2589 602 2631 M
637 2591 642 2645 Ι
677 2589 857 2638 τούτοις
879 2588 930 2644 P,
1011 2590 1062 2631 in
1084 2603 1183 2645 mg:
1210 2602 1285 2632 om
1309 2602 1414 2632 cum
1438 2588 1589 2632 lacVI
1616 2588 1695 2632 litt
1718 2589 1779 2644 M,
1798 2589 1835 2631 B

156 2647 207 2690 in
236 2650 368 2692 textu
402 2650 452 2692 H
477 2647 648 2704 (Plato)
768 2652 796 2689 4
827 2646 900 2690 lac
924 2646 967 2690 Χ
996 2646 1075 2690 litt
1107 2647 1214 2704 MP,
1246 2647 1311 2691 VI
1350 2647 1430 2692 litt
1461 2647 1520 2693 Β·
1565 2647 1702 2704 suppl
1735 2647 1836 2703 Syl-

155 2705 350 2763 burgius
389 2709 394 2764 1
433 2705 647 2763 κείμενον
678 2705 852 2762 κόσμον
883 2704 956 2750 ὅτε
988 2684 1214 2762 κείμενον
1234 2706 1292 2751 B:
1326 2721 1427 2750 corr
1457 2706 1718 2750 rubricator

154 2769 184 2809 6
216 2765 399 2822 ποιήσει
430 2766 472 2809 ci
503 2766 681 2810 Usener
772 2770 795 2808 7
827 2762 1094 2819 προθέσεως
1124 2765 1161 2808 Β
1197 2767 1202 2823 Ι
1218 2763 1327 2839 εἴγ’
1354 2781 1383 2810 v
1474 2771 1500 2808 9
1533 2763 1773 2822 ἐπέμψατο
1798 2766 1834 2807 Β

277 2830 332 2868 13
364 2823 436 2868 ἅλ’
466 2825 503 2868 Β
633 2829 687 2868 14
727 2823 1006 2879 αἰσθήσασιν
1036 2823 1119 2868 ΒΡ
1162 2826 1167 2882 Ι
1211 2823 1422 2875 ἅπαντας
1453 2825 1511 2868 P¹
1553 2826 1559 2882 Ι
1601 2823 1660 2867 τὰ
1691 2838 1767 2868 om
1798 2824 1834 2866 B

278 2889 331 2928 15
364 2885 454 2942 δεῖ]
487 2885 546 2941 δῆ
570 2883 608 2927 Β
643 2886 659 2955 Ι
685 2883 788 2928 οὔτε
821 2884 1015 2955 διδαχῆς
1041 2896 1117 2926 om
1139 2884 1227 2940 Pv,
1260 2883 1303 2927 ci
1333 2883 1551 2928 Reiskius
1645 2889 1697 2926 17
1731 2880 1828 2939 τύχ’

159 2938 220 2984 ἂν
251 2941 425 2993 εἴποιος
455 2942 493 2985 Β
535 2946 541 2998 Ι
585 2940 827 2997 εὖὲπειραν
860 2942 1074 2986 εὐεπειαν
1106 2943 1142 2986 Ρ
1258 2947 1314 2986 20
1347 2942 1505 2987 οὐδενὶ
1538 2941 1833 2998 Sylburgius:

160 2997 306 3044 οὐθεν
330 3002 398 3057 M,
423 3001 460 3044 B
485 3016 564 3058 mg
602 2999 741 3046 οὐδὲν
766 3002 815 3056 P,
841 3001 877 3043 B
908 3002 1010 3045 text
1040 3016 1069 3045 v
