2004 3202
676 128 823 170 ΠΕΡΙ
853 126 1256 171 ΘΟΤΚΤΔΙΔΟΤ
1709 125 1817 179 365

130 257 291 315 οὖσαι
312 262 377 314 τὰ
400 262 639 331 πρότερα
662 260 752 315 καὶ
775 261 979 333 ῥᾳδίως
995 259 1213 314 ἔκαστοι
1238 262 1339 329 τὴν
1364 259 1576 315 ἑαυτῶν
1599 261 1818 315 ἀπολεί-

127 367 350 415 ποντες,
388 351 700 418 βιαζόμενοι
738 350 850 404 ὑπό
888 370 1059 403 τινων
1097 348 1203 403 αἰεὶ
1241 352 1527 403 πλειόνων.
1585 358 1681 418 τῆς
1711 352 1816 419 γὰρ

130 437 392 508 ἐμποριάς
423 437 524 491 οὐκ
557 439 741 508 οὔσης,
781 438 903 492 οὐδ’
943 438 1324 509 ἐπιμιγνύντες
1355 437 1528 501 ἀδεῶς
1559 438 1818 507 ἀλλήλοις

130 527 256 579 οὔτε
303 528 439 579 κατὰ
483 535 589 595 γῆν
635 529 762 581 οὔτε
807 529 901 581 διὰ
946 529 1254 596 θαλάσσης,
1309 529 1608 596 νεμόμενοί
1647 548 1704 581 τε
1751 529 1817 580 τὰ

130 614 314 668 αὑτῶν
345 613 581 685 ἕκαστοι,
622 618 755 670 ὅσον
787 616 1009 686 ἀποζῆν,
1047 615 1138 670 καὶ
1169 619 1496 687 περιουσίαν
1526 617 1819 686 χρημάτων
1842 636 1862 668 5

137 702 239 756 οὐκ
278 706 494 773 ἔχοντες
536 703 667 759 οὐδὲ
705 714 812 775 γῆν
858 706 1496 775 φυ<τεύοντες>******

8 802 133 863 {873
249 794 588 865 **<γνώ>μῃ
635 794 1042 864 δεδουλωμένοι
1081 795 1154 857 ὡς
1195 792 1283 847 ἐπὶ
1329 794 1816 863 Λακεδαιμονίους.

7 885 20 968 Ῐᾱ
128 885 646 953 καταφρονήσαντες
692 880 796 937 οὖν
843 883 1027 937 αὐτῶν
1063 882 1154 936 καὶ
1205 882 1568 952 ἐμβοήσαντες
1614 882 1817 950 ἀθρόοι

5 973 25 1049 3(
129 972 391 1040 ὥρμησαν
424 970 504 1025 ἐπ’
531 972 767 1035 αὐτούς’
829 971 915 1041 ἥδ’
954 973 987 1041 ἡ
1028 973 1255 1043 περιοχὴ
1295 973 1473 1041 ὤφελε
1518 969 1621 1042 μὲν
1665 991 1818 1024 κατε-

16 1052 18 1054 ’
130 1061 433 1114 σκευάσθαι
458 1062 530 1130 μὴ
554 1069 754 1115 τοῦτον
773 1060 869 1115 ὑπ’
890 1061 1063 1115 αὐτοῦ
1087 1062 1186 1115 τὸν
1215 1063 1440 1130 τρόπον,
1473 1061 1612 1114 ἀλλὰ
1634 1063 1815 1135 κοινό-

129 1169 292 1219 τερον
323 1155 534 1220 μᾶλλον
557 1149 648 1203 καὶ
673 1150 1114 1221 ὠφελιμώτερον,
1144 1158 1244 1204 τοῦ
1275 1152 1593 1204 τελευταίου
1616 1151 1816 1220 μορίου

128 1248 205 1311 τῷ
243 1241 440 1312 πρώτῳ
478 1238 905 1308 προστεθέντος,
952 1249 1064 1293 τῶν
1103 1236 1164 1292 δὲ
1205 1240 1297 1292 διὰ
1335 1238 1506 1309 μέσου
1543 1239 1646 1308 τὴν
1683 1240 1816 1312 μετὰ

128 1337 299 1382 ταῦτα
330 1330 517 1398 χώραν
547 1331 845 1398 λαβόντων.
900 1327 1252 1398 ἀγκυλωτέρα
1283 1325 1385 1398 μὲν
1416 1324 1520 1382 οὖν
1549 1328 1581 1396 ἡ
1616 1329 1818 1398 φράσις

130 1418 273 1472 οὕτω
300 1423 733 1487 σχηματισθεῖσα
756 1417 950 1486 γέγονε
973 1416 1064 1471 καὶ
1090 1417 1391 1487 δεινοτέρα,
1423 1416 1731 1487 σαφεστέρα
1756 1414 1816 1470 δὲ

133 1598 439 1666 δαιμονίων
463 1594 646 1650 οὐκέτι
671 1595 946 1663 ἐπεκθεῖν,
971 1588 1005 1667 ᾗ
1028 1598 1446 1666 προσπίπτοιεν,
1472 1595 1814 1665 δυναμένων,

130 1687 358 1753 γνόντες
381 1684 584 1748 αὐτοὺς
608 1685 662 1738 οἱ
685 1683 840 1748 ψιλοὶ
864 1683 1240 1755 βραδυτέρους
1264 1685 1386 1753 ἤδη,
1412 1683 1816 1754 συστραφέντες

130 1773 221 1827 καὶ
275 1773 663 1843 ἐμβοήσαντες,
710 1775 973 1843 ὥρμησαν
1013 1771 1092 1826 ἐπ’
1134 1773 1336 1836 αὐτοὺς
1383 1772 1608 1842 ἀθρόοι·
1654 1775 1714 1826 ἔκ
1759 1793 1816 1826 τε

131 1870 226 1930 τῆς
258 1863 434 1925 ὄψεως
463 1863 525 1915 τὸ
556 1868 794 1933 θαρρεῖν
824 1864 1272 1932 προσειληφότες,
1306 1862 1388 1915 ὅτι
1413 1862 1814 1916 πολλαπλάσιοι

252 2131 275 2170 7
303 2125 432 2170 Thuc
457 2125 521 2168 IV
544 2129 601 2169 34

255 2296 276 2333 1
313 2287 502 2339 ἕκαστος
532 2288 555 2330 f
716 2294 741 2331 2
775 2288 867 2332 αἰεὶ
898 2288 1010 2332 MP:
1045 2288 1118 2331 ἀεὶ
1143 2287 1213 2332 f&
1363 2292 1391 2331 4
1421 2287 1637 2345 θαλάσης
1660 2288 1696 2331 Ρ

134 2354 160 2393 6
191 2350 299 2405 post
331 2365 396 2405 φυ
428 2361 598 2392 nouem
629 2347 745 2391 folia
776 2361 928 2391 uacua
959 2346 1152 2402 reliquit
1177 2347 1243 2391 M:
1279 2346 1754 2404 φύφηδεδουλωμένοι
1780 2349 1815 2391 Ρ

134 2408 233 2452 sine
267 2407 465 2451 lacunae
497 2406 687 2451 indicio.
753 2406 1028 2463 Sylburgius
1061 2408 1168 2463 post
1192 2406 1412 2450 lacunam
1443 2407 1598 2451 locum
1630 2406 1815 2463 Thucy-

134 2467 326 2511 dideum
358 2466 595 2523 suppleuit
689 2471 712 2509 7
743 2466 924 2539 γνώμῃ]
956 2482 1017 2522 μη
1043 2466 1090 2509 Μ
1123 2483 1188 2522 φη
1215 2466 1250 2508 Ρ
1342 2471 1368 2509 8
1402 2464 1488 2511 οὖν
1521 2468 1675 2511 αὐτῶν
1699 2467 1813 2512 MP:

135 2540 211 2571 om
238 2527 278 2570 Θ
309 2525 503 2570 inclusit
526 2525 549 2567 f
628 2529 654 2568 9
679 2524 739 2582 ἥδ
764 2526 780 2583 ]
806 2519 864 2581 ἦν
890 2522 936 2568 δ’
965 2524 1092 2568 MPf
1114 2526 1119 2582 Ι
1148 2525 1174 2582 ἡ
1203 2525 1395 2584 περιοχὴ
1421 2525 1516 2570 Mf:
1549 2526 1754 2584 ὑπεροχὴ
1780 2527 1815 2570 Ρ

135 2586 219 2630 sed
258 2585 309 2629 in
347 2600 426 2642 mg
465 2585 524 2642 δὴ
563 2584 755 2641 περιοχὴ
800 2599 941 2627 manu
979 2583 1334 2643 recentissima!
1363 2586 1511 2642 ὤφελε
1549 2583 1652 2644 μὲν]
1694 2588 1814 2642 ὠφε-

133 2643 240 2702 λίμη
274 2644 401 2688 MPf
534 2648 584 2686 11
619 2641 924 2699 ἀφελέστερον
957 2643 1000 2687 ci
1031 2643 1264 2700 Reiskius‚
1298 2645 1381 2689 sed
1413 2644 1463 2688 cf
1487 2660 1518 2701 p
1544 2650 1643 2701 372,
1669 2650 1696 2688 4

136 2710 188 2747 11
224 2702 392 2761 μηρίου
416 2703 452 2746 Ρ
531 2708 583 2746 12
602 2701 755 2757 πρότω
778 2703 814 2746 Ρ
907 2707 960 2746 13
992 2701 1286 2759 ἀσκυλωτέρα
1310 2705 1369 2747 Ρι
1463 2709 1518 2748 14
1540 2702 1684 2755 οὕτως
1708 2705 1755 2747 Μ

138 2768 191 2807 16
226 2763 443 2807 ἐπελθεῖν
467 2763 515 2805 Μ
547 2763 776 2805 ἀπελθεῖν
800 2761 870 2805 Pf
903 2763 909 2819 Ι
947 2758 977 2816 ἧ
1002 2762 1050 2806 Μ
1081 2761 1109 2818 ἣ
1135 2762 1202 2819 (of
1227 2767 1372 2819 p368,
1388 2765 1432 2819 4)
1455 2764 1512 2808 P:
1542 2761 1570 2819 ἢ
1597 2763 1647 2820 f}
1675 2778 1815 2818 προσ-

134 2820 346 2867 πίπτειεν
370 2821 460 2866 M²=
500 2818 806 2877 προσπίπτειν
826 2820 896 2864 Μι
919 2821 988 2864 Pf
1082 2826 1135 2865 17
1169 2820 1507 2881 βραδυστέρους
1537 2823 1573 2866 Ρ
1601 2825 1606 2879 Ι
1635 2822 1725 2879 ἥδη
1747 2858 1754 2865 .
1775 2858 1783 2865 .
1805 2858 1812 2864 .

137 2886 236 2935 366,
255 2886 280 2924 2
312 2881 550 2938 ὑπόληψιν
582 2880 726 2924 uerba
751 2879 1038 2936 Thucydidis
1071 2880 1263 2925 liberius
1306 2885 1488 2926 mubata
1650 2887 1701 2924 18
1736 2882 1814 2925 καὶ

136 2939 388 2999 βοήσαντες
410 2940 446 2983 Ρ
568 2944 623 2983 20
656 2937 814 2995 σφίσιν
847 2939 914 2982 Pf

129 1506 220 1560 καὶ
243 1507 420 1576 ἡδίων
451 1505 670 1569 ἐκείνως
702 1506 772 1559 ἂν
802 1512 1328 1560 κατασκευασθεῖσα·
1369 1506 1518 1560 εΤῶν
1550 1502 1611 1559 δὲ
1644 1509 1815 1559 Λακε-
1865 1529 1882 1557 π

42 1968 130 2010 ⁸74
145 1947 303 2019 ἦσαν,
336 1948 426 2004 καὶ
459 1949 517 2003 ἐκ
548 1958 648 2003 τοῦ
680 1949 868 2019 μηκέτι
893 1951 1112 2013 δεινοὺς
1148 1951 1153 2018 Ι
1189 1950 1393 2013 αὐτοὺς
1425 1951 1626 2020 ὁμοίως
1658 1955 1814 2020 σφίσι
1841 1974 1860 2004 2

1841 1083 1883 1113 10
