2004 3202
240 147 348 198 436
667 149 1006 192 ΔΙΟΝΥΣΙΟΤ
1036 150 1504 191 ΑΛΙΚΑΡΝΑΣΕΩΣ

155 282 223 334 16
347 280 444 334 Ἐν
476 274 558 344 οἷς
591 278 652 334 δὲ
691 285 883 336 σκολιὰ
914 281 1004 335 καὶ
1042 284 1390 345 πολύπλοκος
1419 280 1512 335 καὶ
1543 283 1925 348 δυσεξέλικτος·
1986 302 1989 306 ⁴

239 370 272 438 ἡ
319 380 430 423 τῶν
485 370 888 441 ἐνθυμημάτων
939 372 1242 440 κατασκευὴ
1289 374 1524 441 γίνεται,
1574 380 1774 426 τοῦτον
1818 374 1921 427 τὸν

239 461 449 529 τρόπον
494 461 604 528 ἔχει
649 458 771 530 παρ’
814 460 982 531 αὐτῷ·
1027 469 1200 514 κεῖται
1251 457 1313 513 δὲ
1359 460 1421 514 ἐν
1457 467 1534 533 τῷ
1573 460 1841 533 ἐπιταφίῳ
1879 460 1915 529 ἡ

239 547 402 612 λέξις·
449 547 569 616 “τὴν
615 546 677 601 δὲ
722 557 833 600 τῶν
887 547 1154 602 ἐναντίων
1199 552 1467 620 τιμωρίαν
1515 548 1916 620 ποθεινοτέραν

192 658 213 691 5
240 635 422 689 αὐτῶν
476 639 737 706 λαβόντες
782 635 872 689 καὶ
917 638 1199 690 κινδύνων
1245 639 1354 707 ἅμα
1407 639 1568 691 τόνδε
1621 639 1921 691 κάλλιστον-

238 728 561 794 νομίσαντες
600 725 988 793 ἐβουλήθησαν
1018 728 1148 788 τοὺς
1186 723 1287 795 μὲν
1323 731 1686 796 τιμωρεῖσθαι
1717 736 1828 780 τῶν
1859 725 1907 779 δ’

239 812 524 882 ἐφίεσθαι,
581 813 762 865 ἐλπίδι
814 810 915 882 μὲν
967 815 1028 867 τὸ
1085 811 1292 883 ἀφανὲς
1337 822 1436 867 τοῦ
1486 816 1864 885 κατορθώσειν
1907 812 1912 886 Ι

239 901 640 973 ἐπιτρέψαντες,
680 904 821 973 ἔργῳ
855 899 915 955 δὲ
945 900 1071 973 περὶ
1109 910 1209 955 τοῦ
1247 904 1351 972 ἤδη
1392 902 1676 974 ὁρωμένου
1709 906 1902 973 σφίσιν
1917 917 1973 958 80

238 990 424 1052 αὐτοῖς
457 990 737 1066 ἀξιοῦντες
767 990 1118 1044 πεποιθέναι·
1159 991 1219 1044 ἐν
1253 999 1330 1063 τῷ
1362 991 1672 1061 ἀμύνεσθαι
1710 998 1915 1046 παθεῖν

171 1101 214 1132 10
237 1083 447 1147 μᾶλλον
477 1079 811 1149 ἡγησάμενοι
834 1079 867 1148 ἢ
894 1079 1146 1143 ἐνδόντες
1178 1079 1448 1152 σῴζεσθαι
1471 1082 1532 1134 τὸ
1562 1078 1663 1150 μὲν
1687 1082 1916 1152 αἰσχρὸν

235 1175 335 1220 τοῦ
374 1171 544 1236 λόγου
584 1171 819 1238 ἔφυγον,
858 1170 919 1222 τὸ
961 1168 1012 1222 δ’
1049 1172 1216 1239 ἔργον
1253 1177 1329 1241 τῷ
1370 1171 1577 1239 σώματι
1614 1169 1916 1239 ὑπέμειναν

235 1254 325 1308 καὶ
367 1255 440 1309 δι’
482 1257 768 1326 ἐλαχίστου
814 1266 1011 1328 καιροῦ
1057 1260 1223 1327 τύχης
1269 1260 1379 1327 ἅμα
1429 1258 1568 1329 ἀκμῇ
1615 1266 1710 1327 τῆς
1756 1257 1919 1327 δόξης

235 1349 446 1413 μᾶλλον
483 1345 517 1414 ἢ
557 1354 655 1399 τοῦ
696 1345 857 1409 δέους
904 1346 1331 1416 ἀπηλλάγησαν.’
1407 1348 1634 1401 τοιαῦτα
1673 1347 1787 1400 ἐστι
1825 1345 1916 1406 καὶ

235 1434 301 1485 τὰ
339 1433 464 1504 περὶ
508 1434 940 1504 Θεμιστοκλέους
978 1434 1235 1506 εἰρημένα
1272 1436 1380 1489 ὑπὸ
1420 1443 1520 1489 τοῦ
1557 1433 1918 1506 συγγραφέως

169 1543 211 1576 15
237 1520 297 1573 ἐν
334 1530 399 1592 τῇ
446 1525 633 1594 πρώτῃ
680 1525 888 1596 βύβλῳ·
937 1520 1026 1592 (ἦν
1070 1526 1176 1594 γὰρ
1216 1524 1244 1577 ὁ
1289 1527 1656 1593 Θεμιστοκλῆς
1699 1525 1916 1592 βεβαιό-

235 1630 367 1663 τατα
407 1612 474 1679 δὴ
514 1613 730 1681 φύσεως
770 1614 929 1681 ἰσχὺν
961 1613 1211 1681 δηλώσας
1241 1611 1331 1664 καὶ
1364 1613 1738 1682 διαφερόντως
1765 1620 1829 1664 ’τι
1861 1611 1917 1673 ἐς

237 1698 369 1752 αὐτὸ
395 1705 606 1768 μᾶλλον
631 1699 820 1770 ἑτέρου
845 1700 994 1764 ἄξιος
1016 1701 1316 1770 θαυμάσαι.
1358 1702 1531 1771 οἰκείᾳ
1552 1702 1657 1770 γὰρ
1683 1698 1917 1768 ξυνέσει,

235 1785 326 1839 καὶ
375 1789 502 1841 οὔτε
547 1790 857 1859 προμαθὼν
902 1791 980 1851 εἰς
1027 1789 1198 1857 αὐτὴν
1245 1786 1419 1842 οὐθὲν
1466 1787 1578 1842 οὔτ’
1626 1788 1918 1858 ἐπιμαθὼν

235 1883 347 1927 τῶν
400 1895 458 1928 τε
510 1884 837 1947 παραχρῆμα
899 1876 970 1930 δι’
1027 1876 1304 1946 ἐλαχίστης
1364 1880 1568 1945 βουλῆς
1627 1878 1917 1947 κράτιστος

169 1987 212 2018 20
237 1964 472 2032 γνώμων
517 1964 607 2017 καὶ
653 1975 764 2018 τῶν
810 1968 1125 2035 μελλόντων
1175 1964 1263 2018 ἐπὶ
1308 1970 1567 2019 πλεῖστον
1612 1973 1711 2018 τοῦ
1757 1985 1916 2034 γενη-

238 2050 474 2121 σομένου
513 2054 735 2123 ἄριστος
767 2055 1036 2122 εἰκαστής·
1074 2052 1164 2106 καὶ
1198 2053 1231 2106 ἃ
1262 2050 1363 2123 μὲν
1393 2055 1525 2123 μετὰ
1564 2062 1746 2123 χεῖρας
1781 2055 1915 2122 ἔχοι,

235 2139 325 2192 καὶ
375 2140 745 2210 ἐξηγήσασθαι
793 2136 908 2204 οἷός
954 2159 1031 2195 τε·
1073 2138 1151 2195 ὧν
1198 2139 1259 2194 δὲ
1306 2144 1527 2212 ἄπειρος
1575 2147 1682 2210 εἴη,
1729 2151 1914 2212 κρῖναι

239 2229 435 2291 ἱκανῶς
476 2230 576 2282 οὐκ
616 2230 948 2299 ἀπήλλακτο·
987 2234 1048 2284 τό
1088 2251 1145 2284 τε
1185 2229 1474 2300 ἀμεινονῆ
1514 2239 1700 2299 χεῖρον
1740 2229 1799 2282 ἐν
1837 2236 1915 2301 τῷ·

353 2394 380 2432 4
413 2389 542 2433 Thuc
565 2390 608 2432 Π
631 2395 687 2434 42
811 2395 864 2434 15
896 2391 917 2434 Ι
944 2395 1027 2434 138

354 2541 381 2578 4
413 2535 739 2592 ποθινωτέραν
764 2538 799 2580 Ρ
921 2542 947 2581 5
979 2538 1060 2583 τὸν
1093 2535 1143 2581 δὲ
1175 2538 1211 2580 Ρ
1326 2542 1351 2581 6
1385 2537 1666 2593 νομήσαντες
1689 2535 1724 2578 Ρ
1752 2538 1758 2592 Ι
1785 2535 1912 2592 τοὺς]

236 2591 333 2648 μετ’
364 2595 506 2637 αὐτοῦ
539 2596 645 2646 τοὺς
682 2598 720 2639 Θ
747 2597 752 2654 Ι
782 2594 832 2639 δὲ
867 2597 978 2640 CDs
1146 2602 1169 2640 7
1204 2594 1427 2653 ἐφιέσθαι
1458 2596 1494 2638 Ρ
1533 2593 1763 2651 ἀφίεσθαι
1794 2594 1911 2637 Her--

236 2653 477 2696 werdenus
611 2660 636 2697 8
669 2653 931 2710 ὁρωμένουσ
964 2656 1105 2712 φησὶν
1137 2656 1253 2712 P,a:
1288 2669 1388 2699 corr
1421 2670 1440 2698 s
1562 2659 1587 2698 9
1622 2652 1672 2698 ἐν
1703 2657 1763 2711 τῷ
1794 2652 1910 2708 ἀμύ-

237 2712 424 2768 νεσθαι]
473 2713 552 2755 καὶ
592 2712 641 2756 ἐν
675 2714 797 2771 αὐτῷ
835 2715 885 2758 τὸ
926 2715 1191 2770 ἀμύνεσθαι
1230 2715 1310 2759 καὶ
1346 2716 1396 2758 Θ.
1459 2715 1566 2770 possa
1605 2708 1911 2756 πεποιθέναι

235 2773 350 2826 puto
382 2770 462 2814 καὶ
493 2770 784 2814 intercidisse
907 2778 961 2815 10
993 2772 1041 2830 ἢ]
1075 2772 1102 2829 ἢ
1135 2774 1186 2818 τὸ
1224 2775 1263 2818 Θ
1293 2772 1321 2830 ἢ
1354 2777 1416 2831 τῷ
1449 2787 1468 2816 s
1502 2787 1557 2816 ex
1594 2773 1633 2815 Θ
1667 2770 1778 2814 0G¹

239 2834 294 2872 14
326 2829 415 2873 ὑπὸ
447 2836 528 2873 τοῦ
562 2828 857 2887 συγγραφέως
890 2845 964 2874 om
996 2831 1107 2875 CDs
1231 2838 1284 2876 15
1318 2830 1476 2892 βίβλωι
1507 2831 1556 2887 P,
1583 2844 1610 2873 a
1703 2834 1755 2872 17
1787 2831 1908 2872 θαυ-

237 2893 380 2943 μᾶσαι
404 2887 438 2930 Ρ
620 2894 673 2931 18
707 2887 852 2932 οὐθὲν
884 2890 943 2934 P:
978 2889 1116 2934 οὐδὲν
1150 2905 1206 2933 as
1375 2895 1429 2934 22
1463 2886 1534 2933 οἷο
1567 2903 1707 2932 στεων
1739 2887 1774 2930 Ρ
1803 2889 1808 2944 Ι
1839 2885 1909 2943 εἴη

236 2955 393 3002 κρῖναι
429 2948 518 2991 Θει
554 2945 786 3003 ἐπικρῖναι
818 2948 943 2991 PGD
979 2946 1211 3004 ἐπικρῖναι
1237 2949 1268 2992 C
1912 2975 1914 2978 >
