2004 3202
754 133 1175 178 Afflaozfflmnz
1693 133 1803 186 235

125 271 319 341 λιχρὸν
355 267 446 323 καὶ
478 271 807 338 φιλόκαινον
838 267 1259 338 ἐμφαινόμενον.
1309 270 1370 320 τό
1402 287 1459 320 τε
1490 268 1559 336 δὴ
1590 266 1803 336 πρέπον

124 360 382 413 ἁπάντων
412 358 645 427 μάλιστα
680 358 923 426 μεγάλην
952 355 1193 427 παρέχον
1223 357 1300 419 εἰς
1331 354 1588 425 ἑκάτερον
1619 355 1802 408 αὐτῶν

125 448 316 518 ῥοπήν.
377 447 623 499 συνιδὼν
661 447 728 514 δὴ
766 454 954 514 ταῦτα,
993 445 1154 499 ὁπότε
1185 442 1286 514 μὲν
1315 452 1416 498 τοῦ
1446 448 1618 497 καλοῦ
1653 447 1802 497 πλεί-

123 557 254 599 ονος
303 537 421 589 δεῖν
470 535 618 606 αὑτῷ
667 542 731 604 τῇ
781 542 1082 604 κατασκευῇ
1131 531 1451 602 ὑπολάβοι,’
1475 534 1571 595 τάς
1616 553 1673 586 τε
1713 532 1802 602 ἐμ-

122 627 338 695 μελειάς
377 623 549 676 ἐποίει
588 627 1014 692 μεγαλοπρεπεῖς
1057 619 1148 674 καὶ
1186 623 1316 684 τοὺς
1354 621 1607 691 ῥυθμοὺς
1645 620 1801 685 ἀξιω-
1825 641 1846 673 5

121 715 382 783 ματικοὺς
433 697 524 764 καὶ
578 713 673 773 τὰς
711 712 1012 781 μεταβολὰς
1048 710 1318 778 γενναίας.
1387 709 1550 764 ὁπότε
1600 706 1662 762 δὲ
1707 717 1802 777 τῆς

121 800 308 870 ἑτέρας
346 801 494 872 αὐτῷ
533 803 731 869 φανείη
768 801 987 852 δεῖσθαι
1019 797 1332 861 συνθέσεως
1360 797 1394 866 ἡ
1427 797 1586 866 λέξις,
1623 798 1803 851 πάντα

119 898 292 943 ταῦτα
336 891 686 957 κατεβίβαζεν
732 886 820 941 ἐπὶ
864 889 926 940 τὸ
980 888 1400 957 μουσικώτερον.
1475 885 1565 940 καὶ
1611 885 1802 956 μηδεὶς

118 979 371 1048 ὑπολάβῃ
417 977 744 1046 θαυμαστὸν
790 972 931 1029 εἶναι
970 976 1068 1028 τὸν
1114 978 1306 1044 λόγον,
1353 977 1401 1029 εἰ
1438 974 1530 1028 καὶ
1568 985 1632 1046 τῇ
1670 979 1798 1046 πεζῇ

120 1066 260 1130 λέξει
316 1065 454 1136 φημὶ
510 1067 630 1118 δεῖν
684 1064 961 1134 ἐμμελείας
1010 1063 1099 1117 καὶ
1154 1064 1460 1134 εὐρυθμίας
1505 1063 1594 1117 καὶ
1642 1085 1799 1134 μετα-
1825 1085 1866 1115 10

118 1158 318 1223 βολῶν,
351 1156 531 1224 ὥσπερ
564 1163 682 1216 ταῖς
715 1152 881 1225 ᾠδαῖς
910 1151 1001 1205 καὶ
1032 1161 1147 1215 τοῖς
1178 1153 1453 1222 ὀργάνοις,
1486 1155 1535 1206 εἰ
1565 1155 1800 1223 μηδενὸς

117 1245 331 1297 τούτων
375 1243 832 1311 ἀντιλαμβάνεται
878 1249 972 1310 τῆς
1010 1240 1412 1310 Δημοσθένους
1458 1241 1676 1295 ἀκούων
1715 1242 1799 1296 λέ-

118 1332 273 1398 ξεως,
323 1328 459 1400 μηδὲ
503 1339 832 1400 κακουργεῖν
877 1350 941 1399 με
994 1330 1246 1400 ὑπολάβῃ
1300 1332 1366 1383 τὰ
1411 1333 1688 1400 προσόντα
1733 1339 1797 1401 τῇ

31 1435 144 1474 1105
182 1425 315 1491 ψιλῇ
370 1419 510 1484 λέξει
570 1426 1114 1489 προσμαρτυροῦντα.
1165 1418 1170 1489 Ι
1220 1421 1329 1487 ἔχει
1383 1421 1487 1489 γὰρ
1541 1427 1711 1472 ταῦτα
1764 1419 1796 1487 ἡ

116 1513 294 1571 καλῶς
343 1506 810 1576 κατεσκευασμένη
864 1506 1007 1571 λέξις
1055 1506 1146 1559 καὶ
1185 1508 1418 1576 μάλιστά
1463 1528 1525 1575 γε
1562 1507 1595 1575 ἡ
1635 1509 1798 1561 τοῦδε
1824 1525 1866 1558 15

116 1605 216 1650 τοῦ
273 1597 515 1666 ῥήτορος.
592 1604 655 1666 τῇ
711 1594 763 1648 δ’
811 1596 1063 1666 εὐκαιρία
1123 1594 1214 1648 καὶ
1267 1604 1331 1665 τῇ
1385 1598 1644 1664 ποσότητι
1698 1598 1800 1664 τὴν

118 1690 382 1754 αἴσθησιν
420 1685 807 1738 διαλανθάνει·
853 1686 920 1737 τὰ
958 1680 1060 1754 μὲν
1097 1686 1201 1754 γὰρ
1243 1683 1594 1753 συγκέχυται,
1632 1687 1699 1737 τὰ
1738 1682 1799 1738 δὲ

118 1773 523 1843 συνέφθαρται,
569 1775 635 1826 τὰ
682 1772 734 1826 δ’
780 1774 927 1845 ἄλλῳ
981 1771 1091 1826 τινὶ
1137 1775 1320 1845 τρόπῳ
1367 1774 1469 1842 τὴν
1514 1773 1800 1843 ἀκρίβειαν

116 1861 406 1931 ἐκβέβηκεν
442 1869 536 1929 τῆς
573 1869 923 1929 κατασκευῆς,
962 1863 1098 1915 ὥστε
1137 1861 1309 1929 αὐτὴν
1341 1861 1668 1931 ἐξηλλάχθαι
1708 1865 1800 1916 δο-

115 1959 234 2003 κεῖν
272 1957 348 2021 τῷ
385 1948 548 2002 παντὶ
579 1948 670 2022 καὶ
701 1951 837 2002 κατὰ
868 1946 1040 2018 μηδὲν
1072 1949 1308 2002 ἐοικέναι
1339 1959 1455 2013 τοῖς
1485 1953 1797 2020 ποιήμασιν.
1823 1968 1867 2000 20

228 2034 334 2107 ἀρά
372 2058 434 2106 γε
473 2037 756 2106 ἀπαιτήσει
793 2037 863 2107 μέ
898 2058 980 2100 τις
1018 2037 1283 2091 ἐνταυθοῖ
1322 2041 1490 2106 λόγον
1520 2045 1702 2108 μελῶν
1740 2060 1797 2094 τε
1814 2041 1885 2092 49

114 2125 206 2179 καὶ
240 2127 473 2196 ῥυθμῶν
510 2125 601 2178 καὶ
640 2135 751 2179 τῶν
791 2125 850 2178 ἐν
881 2134 998 2188 ταῖς
1028 2129 1353 2194 μεταβολαῖς
1385 2128 1674 2195 σχημάτων
1704 2127 1793 2180 καὶ

115 2223 215 2268 τοῦ
271 2215 331 2267 ἐν
384 2214 587 2285 ἑκάστῳ
640 2213 966 2284 πρέποντος,
1030 2213 1199 2277 ἀξιῶν
1251 2214 1506 2281 ἀκοῦσαι,
1562 2219 1686 2268 τίνα
1739 2236 1795 2268 τε

234 2408 260 2446 2
285 2401 500 2461 παρέχων
523 2403 605 2445 ΒΡ
689 2408 715 2446 3
741 2400 891 2459 ροπὴν
916 2402 1213 2460 Sylburgius:
1237 2403 1410 2458 τρόπον
1431 2404 1435 2462 Ι
1457 2402 1649 2448 πλείονα
1673 2405 1795 2448 BPv

234 2467 262 2506 4
292 2464 416 2521 αὐτῷ
448 2462 628 2505 MBPv
671 2462 676 2520 Ι
718 2469 772 2520 τῇ
804 2463 1085 2520 κατασκευῇ]
1124 2462 1210 2519 τὴν
1247 2463 1539 2520 κατασκευὴν
1571 2457 1750 2507 MBPv

114 2520 198 2573 τάς
228 2537 276 2565 τε
308 2507 491 2577 ἐμμελεῖ
510 2522 546 2564 Ρ
585 2519 643 2564 τά
666 2536 712 2564 τε
738 2518 847 2578 μέλη
874 2520 1149 2596 Sylburgius
1173 2537 1203 2565 v
1286 2527 1311 2565 5
1338 2524 1708 2578 μεγαλωπρεπεῖς
1731 2523 1768 2565 Β

114 2579 366 2637 ῤἠθμοὺς
352 2596 403 2623 m
426 2578 637 2636 ῤὐθμοὺς
662 2593 763 2623 corr
787 2580 824 2622 Β
865 2577 1077 2636 ῥἠθμοὺς
1098 2580 1135 2623 Ρ
1227 2586 1250 2624 7
1284 2579 1402 2634 λέξις
1432 2584 1601 2652 postea!
1629 2582 1724 2625 add
1747 2582 1795 2624 M

235 2644 261 2683 8
294 2637 586 2714 μετεβίβαζεν
611 2639 787 2683 Usener
863 2643 889 2682 9
920 2637 1199 2714 ὑπολάβηθη
1224 2640 1262 2683 Β
1291 2643 1297 2696 Ι
1323 2657 1378 2699 τῃ
1410 2643 1527 2711 πεζῇ
1552 2638 1670 2694 λέξει
1694 2641 1795 2697 Syl-

117 2697 332 2755 burgius.
363 2699 449 2756 τὴν
480 2698 621 2755 πεζὴν
652 2696 774 2751 λέξιν
897 2702 950 2741 10
982 2697 1228 2754 ἐμμελείων
1251 2699 1289 2742 Β
1394 2704 1447 2742 12
1479 2697 1643 2752 λέξεων
1668 2700 1705 2743 Β

120 2761 175 2799 13
205 2764 501 2814 καινουργεῖν
526 2757 763 2813 Kiessh’ng
789 2759 794 2813 Ι
822 2772 876 2811 με
902 2770 980 2800 om
1001 2772 1032 2800 v
1059 2758 1065 2815 Ι
1092 2756 1149 2801 τὰ
1173 2758 1234 2815 μὴ
1259 2758 1492 2809 προσόντα
1519 2758 1792 2815 Sylburgius

230 2820 284 2859 15
308 2814 671 2872 κατεσκευσμένη
697 2816 733 2859 Β
828 2820 881 2859 18
907 2814 1230 2873 συνέφθαρται
1258 2831 1362 2860 cum
1373 2817 1520 2890 signo
1545 2818 1580 2860 P
1609 2819 1613 2873 Ι
1643 2817 1691 2860 in
1714 2832 1794 2872 mg

116 2873 223 2918 ἀντὶ
253 2882 334 2919 τοῦ
368 2873 670 2932 συγκέκραται
703 2872 1019 2945 (συγκίκραται
1050 2876 1103 2932 Ρ)
1134 2876 1278 2919 ΜΒΡ
1306 2878 1311 2933 Ι
1340 2873 1391 2920 δε
1424 2875 1541 2936 άλλῳ
1574 2877 1656 2919 BP

122 2936 176 2975 19
208 2933 349 2978 αὐτὸν
381 2934 502 2978 BPv
623 2938 678 2977 23
709 2940 791 2977 τοῦ
822 2931 1080 3007 πρέποντος
1111 2934 1348 2980 Reiskius:
1388 2936 1496 2986 τοὺς
1531 2933 1793 2989 πρέποντας
