2004 3202
204 122 275 175 96
625 122 965 166 ΔΙΟΝΤΣΙΟΤ
996 120 1462 163 ΑΛΙΚΑΡΝΑΣΕΩΣ

202 261 391 327 βολαῖς
415 256 731 324 ἐναγωνίων
757 254 847 308 καὶ
871 260 1195 322 παθητικῶν
1217 257 1487 308 ποικίλλει
1511 256 1640 316 τοὺς
1665 255 1876 322 λόγους.

200 345 291 399 καὶ
329 346 466 415 πρὸς
502 342 603 414 μὲν
639 346 738 405 τὸν
785 343 1068 396 ἀντίδικον
1114 343 1591 413 διαπονηρεύεται,
1642 343 1771 404 τοὺς
1816 339 1878 396 δὲ

202 436 460 496 δικαστὰς
497 430 952 502 καταστρατηὶγεῖ,
991 438 1105 493 τοῖς
1143 427 1204 483 δὲ
1237 431 1569 500 πράγμασιν,
1606 427 1746 500 ὑπὲρ
1779 425 1858 484 ὧν
1881 443 1963 501 591

202 523 231 577 ὁ
271 525 449 590 λόγος,
490 520 548 574 ἐκ
586 521 789 582 παντὸς
826 526 1076 588 πειρᾶται
1116 521 1363 587 βοηθεῖν.

143 612 179 664 4
312 612 404 664 ἵνα
458 607 519 663 δὲ
572 614 781 677 μᾶλλον
833 607 865 675 ἡ
922 608 1163 677 διαφορὰ
1216 617 1327 660 τῶν
1380 607 1602 678 ἀνδρῶν
1655 606 1878 676 γένηται
1909 634 1919 646 ·

160 717 179 747 6
203 700 534 768 καταφανής,
574 699 744 750 εἰκόνι
784 697 1052 765 χρήσομαι
1091 704 1203 748 τῶν
1234 695 1448 766 ὁρατῶν
1478 715 1602 749 τινι.
1673 693 1778 749 εἰσὶ
1810 696 1878 763 δή
1923 750 1927 755 ,
2003 684 2004 691 ¹

203 788 347 849 τινες
385 787 601 855 ἀρχαῖαι
641 787 866 853 γραφαί,
901 784 1150 854 ’χρώμασι
1181 781 1283 852 μὲν
1314 783 1664 854 εἰργασμέναι
1696 783 1879 846 ἁπλῶς

203 874 292 928 καὶ
355 874 617 942 οὐδεμίαν
679 872 739 925 ἐν
799 881 914 934 τοῖς
975 875 1241 941 μίγμασιν
1298 874 1523 941 «ἔχουσαι
1583 875 1880 939 ποικιλίαν,

205 963 445 1033 ἀκριβεῖς
499 959 559 1014 δὲ
613 970 729 1023 ταῖς
783 969 1055 1029 γραμμαῖς
1114 959 1205 1013 καὶ
1266 963 1409 1014 πολὺ
1463 947 1548 1013 τὸῖ
1578 962 1767 1030 χαρίεν
1821 959 1904 1036 ἐν.

142 1069 182 1099 10
205 1052 423 1113 ταύταις
477 1052 711 1118 ἔχουσαι.
789 1050 844 1102 αἱ
896 1045 957 1101 δὲ
1006 1047 1121 1118 μετ’
1171 1048 1379 1112 ἐκείνας
1433 1050 1736 1119 εὔγραμμοι
1782 1044 1884 1117 μὲν

204 1135 390 1207 ἧττον,
446 1136 852 1206 ἐξειργασμέναι
907 1135 968 1190 δὲ
1020 1142 1254 1206 μᾶλλον,
1310 1144 1436 1209 σκιᾷ
1486 1156 1544 1190 τε
1596 1135 1687 1190 καὶ
1741 1135 1882 1206 φωτὶ

203 1224 756 1294 ποικιλλόμεναίκαὶ
806 1225 866 1278 ἐν
911 1232 987 1297 τῷ
1033 1228 1235 1294 πλήθει
1289 1236 1400 1279 τῶν
1453 1226 1738 1295 μιγμάτων
1783 1225 1883 1293 τὴν

207 1315 365 1383 ἰσχὺν
397 1316 631 1383 ἔχουσαι.
693 1314 905 1367 τούτων
928 1311 1030 1382 μὲν
1054 1315 1121 1382 δὴ
1147 1323 1264 1376 ταῖς
1295 1313 1673 1385 ἀρχαιοτέραις
1705 1316 1883 1367 ἔοικεν

206 1402 234 1455 ὁ
275 1405 486 1464 Λυσίας
523 1404 659 1463 κατὰ
697 1403 797 1470 τὴν
837 1402 1112 1470 ἁπλότητα
1149 1401 1238 1454 καὶ
1278 1403 1379 1470 τὴν
1424 1403 1610 1472 χάριν,
1657 1410 1775 1464 ταῖς
1822 1398 1883 1454 δὲ

140 1507 182 1538 15
208 1490 665 1559 ἐκπεπονημέναις
703 1510 759 1543 τε
798 1490 886 1542 καὶ
927 1490 1336 1561 τεχνικωτέραις
1374 1491 1403 1544 ὁ
1434 1490 1645 1553 Ἰσαῖος.
1713 1486 1783 1559 ἦν
1822 1487 1883 1543 δὲ

206 1577 329 1647 περὶ
370 1578 540 1631 αὐτοῦ
581 1578 712 1642 δόξα
750 1580 895 1647 παρὰ
934 1587 1047 1640 τοῖς
1086 1581 1207 1631 τότε
1245 1582 1495 1647 γοητείας
1533 1578 1623 1632 καὶ
1660 1579 1882 1647 ἀπάτης,

208 1667 279 1728 ὡς
319 1667 499 1728 δεινὸς
539 1666 676 1735 ἁνὴρ
709 1674 1046 1734 τεχνιτεῦσαι
1078 1670 1277 1735 λόγους
1311 1667 1396 1720 ἐπὶ
1428 1670 1494 1721 τὰ
1524 1669 1883 1737 πονηρότερα,

206 1753 295 1806 καὶ
330 1756 406 1816 εἰς
436 1762 597 1807 τοῦτο
631 1755 958 1822 διεβάλλετο.
1022 1756 1181 1824 δηλοῖ
1211 1753 1271 1808 δὲ
1303 1764 1465 1809 τοῦτο
1497 1766 1608 1809 τῶν
1641 1755 1884 1826 ἀρχαίων

208 1862 290 1904 τις
330 1843 577 1913 ρητόρων
616 1842 676 1895 ἐν
714 1851 776 1913 τῇ
809 1843 1211 1912 Δημοσθένους
1245 1845 1251 1913 Ι
1285 1848 1584 1915 κατηγορίᾳ
1615 1843 1862 1913 Πυθέας,
1887 1857 1970 1897 592

145 1947 187 1979 20
210 1931 282 1992 ὡς
344 1930 461 1999 ἐμοὶ
525 1933 687 1984 δοκεῖ.
771 1936 1043 2002 πονηρίαν
1100 1934 1204 2002 γὰρ
1258 1939 1333 2004 τῷ
1387 1933 1740 2002 Δημοσθένει
1793 1932 1883 1986 καὶ

210 2021 404 2071 κακίαν
442 2019 542 2086 τὴν
582 2019 633 2082 ἐξ
674 2019 989 2089 ἀνθρώπων
1025 2029 1207 2073 πᾶσαν
1246 2020 1482 2074 ἐνοικεῖν
1516 2023 1711 2090 φήσας,
1749 2023 1884 2074 κατὰ

211 2108 333 2159 τόδε
373 2108 432 2159 τὸ
472 2106 634 2176 μέρος
674 2101 796 2160 οἷον
835 2110 911 2171 εἰς
957 2110 1222 2178 διαβολὴν
1269 2109 1606 2178 ἐπιτίθησιν,
1658 2111 1741 2163 ὅτι
1786 2112 1884 2164 τὸν

140 2218 144 2222 ·
204 2193 406 2247 Ἰσαῖον
445 2195 576 2248 ὅλον
615 2195 702 2248 καὶ
742 2198 836 2258 τὰς
875 2206 984 2249 τῶν
1023 2201 1204 2265 λόγων
1243 2197 1457 2251 ἐκείνου
1506 2197 1696 2266 τέχνας
1742 2198 1885 2251 σεσί-

335 2358 385 2396 19
417 2353 622 2409 Pytheae
654 2354 695 2396 fr
718 2355 782 2398 ΠΙ
800 2355 828 2398 S

334 2505 356 2542 1
392 2499 696 2558 ἐνα[γων]ι’ων
729 2515 832 2544 cum
864 2516 938 2546 ras
971 2502 1005 2544 F
1045 2504 1050 2560 Ι
1089 2501 1328 2548 numid-et
1360 2517 1464 2547 cum
1495 2516 1569 2547 ras
1601 2502 1636 2546 F
1741 2508 1765 2547 6
1800 2503 1885 2547 εἰσὶ

215 2558 271 2614 δὴ
305 2558 373 2602 M:
409 2558 449 2601 εἰ
479 2559 536 2615 δὴ
570 2559 695 2602 FPB
797 2565 819 2603 7
851 2563 1083 2617 χρώμασιν
1116 2562 1286 2606 omisso
1318 2559 1402 2618 μὲν
1434 2562 1469 2604 F
1568 2566 1593 2604 9
1626 2559 1674 2605 δ’
1705 2561 1755 2606 ἐν
1786 2570 1886 2614 ταῖς

214 2615 465 2660 Holwellus
487 2617 492 2674 Ι
513 2616 672 2674 χάριεν
702 2619 782 2660 FB
879 2625 930 2663 11
965 2619 1288 2677 ἐξειργασμένα
1321 2622 1356 2664 F
1457 2625 1510 2664 12
1542 2620 1884 2676 ποικι.λόμενα

215 2674 249 2717 F
282 2690 386 2718 cum
416 2690 491 2719 ras
520 2679 524 2732 Ι
552 2684 633 2720 τῶι
663 2679 827 2732 postea
859 2679 952 2722 add
976 2679 1010 2720 F
1107 2684 1158 2723 13
1193 2679 1323 2725 ἔσκεν
1347 2679 1383 2722 F
1476 2683 1529 2723 15
1562 2680 1587 2724 ὁ
1612 2693 1686 2723 om
1709 2679 1768 2721 F1

218 2739 270 2778 17
303 2734 421 2790 ἀνὴρ
455 2735 657 2780 FMBP:
698 2750 799 2779 corr
829 2736 1008 2793 Krtiger
1049 2739 1054 2795 Ι
1097 2738 1428 2796 πονηρότ[ερ]οι
1458 2752 1563 2781 oum
1599 2752 1674 2781 ras
1711 2738 1770 2780 F2

218 2797 271 2836 18
304 2791 515 2850 διέβαλεν
547 2793 604 2835 F¹
644 2808 744 2837 corr
775 2795 834 2837 F²
885 2795 978 2840 fort
1016 2798 1095 2841 καὶ
1133 2795 1393 2855 διεβάλλετο
1514 2802 1568 2840 21
1603 2797 1754 2853 φήσας
1786 2797 1885 2854 Syl-

215 2851 429 2908 burgius:
474 2859 618 2923 φῆσαι
649 2851 683 2895 F
731 2854 845 2910 φησὶ
875 2854 1014 2898 ΜΒΡ
1050 2858 1055 2913 Ι
1091 2855 1209 2901 κατὰ
1245 2855 1351 2900 τόδε
1388 2855 1439 2900 τὸ
1477 2853 1614 2911 μέρος
1653 2852 1774 2914 οἷον]
1807 2857 1887 2901 καὶ

215 2909 321 2954 τόδε
351 2911 402 2955 τὸ
435 2927 570 2966 μερος
601 2910 708 2957 ὅλον
741 2912 962 2957 FMBPv
