1958 3192
847 168 1078 210 ΛΤΣΙΑΣ
1540 171 1546 178 ’
1736 167 1804 219 13

127 303 380 375 ἐκφέρειν
415 305 482 356 τὰ
521 304 766 372 νοήματα
803 303 936 371 μετὰ
974 309 1074 354 τοῦ
1113 309 1318 370 σαφῶς,
1358 306 1598 370 χαλεποῦ
1635 302 1807 371 πράγ-

127 413 294 463 ματος
347 394 507 454 ὄντος
553 391 717 460 φύσει
763 398 863 443 τοῦ
910 398 1246 458 συναγαγεῖν
1292 391 1454 459 ἄμφω
1501 397 1671 442 ταῦτα
1716 388 1806 442 καὶ

125 482 350 551 κεράσαι
388 483 637 551 μετρίως,
675 472 710 550 ᾗ
748 480 982 548 μάλιστα
1020 478 1249 541 οὐδενὸς
1285 475 1594 552 ἦττονὶτῶν
1625 480 1809 532 ἄλλων

126 570 517 624 ἀποδείκνυται
573 571 812 635 Λυσίας,
867 568 926 630 ὅς
979 587 1041 636 γε
1095 565 1262 621 οὐδὲν
1314 575 1430 630 τοῖς
1483 568 1576 620 διά
1628 569 1809 639 χειρὸς

127 661 315 729 ἔχουσι
353 659 452 711 τὸν
498 658 674 727 ἄνδρα
723 658 848 710 οὔτε
895 656 1280 726 ἀκαιρολογίας
1326 657 1452 709 οὔτε
1498 656 1764 726 ἀσαφείας
1800 655 1804 729 Ι
1856 678 1876 710 5

11 791 13 797 4
39 772 126 813 463
151 747 362 812 δόξειεν
393 745 462 799 ἂν
493 749 697 815 λαβεῖν.
765 746 966 799 τούτου
997 742 1058 798 δὲ
1090 750 1285 813 αἴτιον,
1325 745 1408 798 ὅτι
1441 745 1509 798 οὐ
1539 753 1655 807 τοῖς
1686 745 1810 799 ὀνό-

127 850 258 907 μασι
298 835 550 890 δουλεύει
590 836 655 888 τὰ
694 835 983 905 πράγματα
1021 833 1150 904 παρ’
1190 833 1354 906 αὐτῷ,
1393 842 1508 896 τοῖς
1546 831 1608 887 δὲ
1638 835 1811 904 πράγ-

127 939 295 995 μασιν
334 924 634 978 ἀκολουθεῖ
671 924 738 976 τά
776 923 1041 1002 ὀνύματα,
1095 923 1195 975 τὸν
1240 919 1302 975 δὲ
1347 925 1556 992 κόσμον
1602 922 1703 975 οὐκ
1750 922 1811 975 ἐν

126 1021 203 1086 τῷ
243 1013 590 1067 διαλλάττειν
634 1012 732 1065 τὸν
780 1012 1030 1080 ἰδιώτην,
1082 1010 1198 1064 ἀλλ’
1239 1010 1299 1064 ἐν
1344 1018 1420 1083 τῷ
1465 1014 1811 1081 μιμήσασθαι

130 1104 411 1173 λαμβάνει.
1835 1122 1877 1154 10

239 1190 329 1244 καὶ
370 1191 470 1244 οὐκ
510 1189 598 1244 ε’πὶ
636 1187 738 1259 μὲν
774 1197 869 1258 τῆς
910 1187 1196 1259 ἑρμηνείας
1234 1191 1484 1251 τοιοῦτός
1531 1188 1703 1257 ἐστιν,
1751 1188 1811 1241 ἐν
1835 1195 1869 1248 5

129 1278 191 1334 δὲ
214 1288 329 1342 τοῖς
351 1280 668 1350 πράγμασιν
692 1279 916 1347 ἄκαιρός
939 1297 1022 1339 τις
1045 1276 1135 1330 καὶ
1161 1281 1382 1348 μακρός,
1411 1276 1811 1347 συνέστραπται
1888 1288 1891 1290 ’

129 1366 191 1422 δὲ
231 1373 285 1422 εἴ
316 1387 398 1431 τις
435 1366 525 1420 καὶ
565 1369 730 1429 ἄλλος
767 1364 858 1418 καὶ
896 1366 1247 1419 πεπύκνωται
1284 1375 1400 1428 τοῖς
1431 1368 1682 1435 νοήμασι,
1721 1365 1811 1418 καὶ

128 1458 398 1510 τοσούτου
438 1458 523 1509 δεῖ
559 1465 671 1509 τῶν
709 1454 810 1508 οὐκ
849 1454 1166 1522 ἀναγκαίων
1203 1474 1255 1507 τι
1295 1454 1499 1522 λέγειν,
1547 1456 1683 1508 ὥστε
1721 1453 1811 1507 καὶ

129 1547 307 1599 πολλὰ
344 1543 436 1598 καὶ
474 1554 586 1598 τῶν
624 1546 906 1614 χρησίμων
946 1542 1016 1596 ἂν
1049 1542 1224 1607 δόξειε
1252 1548 1600 1613 παραλιπεῖν,
1641 1543 1707 1596 οὐ
1738 1545 1812 1613 μὰ
1837 1563 1878 1597 15

130 1636 243 1686 Δία
282 1633 546 1704 ἀσθενείᾳ
584 1633 846 1703 εὑρέσεως
881 1633 1015 1686 αὐτὸ
1046 1642 1240 1700 ποιῶν,
1279 1631 1418 1685 ἀλλὰ
1450 1634 1813 1702 συμμετρήσει

131 1730 230 1775 τοῦ
261 1724 483 1792 χρόνου,
514 1723 651 1791 πρὸς
675 1721 741 1775 ὃν
765 1723 876 1774 ἔδει
899 1719 1162 1789 γενέσθαι
1186 1722 1315 1783 τοὺς
1340 1723 1553 1788 λόγους.
1607 1721 1815 1790 βραχύς

133 1830 193 1879 γε
232 1811 341 1879 μὴν
379 1806 563 1878 οὗτος,
610 1811 683 1873 ὡς
722 1807 822 1879 μὲν
863 1811 1052 1880 ἰδιώτῃ
1094 1811 1336 1877 δηλῶσαι
1382 1809 1702 1882 βουλομένῳ
1748 1811 1814 1863 τὰ

131 1900 421 1970 πράγματα
451 1898 724 1967 ἀποχρῶν,
757 1899 830 1961 ὡς
863 1895 923 1951 δὲ
948 1898 1141 1969 ῥήτορι
1171 1901 1498 1967 περιουσίαν
1530 1899 1814 1967 δυνάμεως

42 2011 131 2050 464
157 1987 507 2053 ἐνδείξασθαι
546 1990 795 2055 ζητοῦντι
836 1987 937 2056 οὐχ
979 1988 1178 2048 ἱκανός.
1254 1986 1519 2056 μιμητέον
1561 1985 1676 2057 Ιδὴ
1722 1984 1813 2039 καὶ
1839 2009 1881 2040 20

132 2076 233 2143 τὴν
271 2076 582 2145 βραχύτητα
627 2076 729 2143 τὴν
768 2078 1008 2128 Λυσίου·
1063 2074 1395 2145 μετριωτέρα
1443 2077 1548 2145 γὰρ
1595 2075 1698 2128 οὐκ
1745 2074 1815 2127 ἂν

133 2163 388 2235 εὑρεθείη
427 2161 555 2233 παρ’
596 2161 760 2235 ἑτέρω
801 2164 1005 2234 ῥήτορι.

243 2254 376 2322 μετὰ
428 2251 628 2314 ταύτας
682 2251 882 2322 ἀρετὴν
935 2253 1169 2322 εὑρίσκω
1231 2253 1378 2322 παρὰ
1434 2254 1615 2322 Λυσίᾳ
1667 2252 1814 2304 πάνυ
1847 2260 1879 2311 6

255 2447 277 2485 1
313 2448 491 2498 σαφοῦς
521 2457 551 2485 v
579 2442 583 2499 Ι
611 2448 693 2485 τοῦ
726 2439 995 2514 πράγματος
1027 2440 1104 2485 Gv
1225 2446 1250 2484 3
1284 2439 1504 2496 κεράσσαι
1536 2441 1594 2484 F¹
1598 2441 1627 2515 Ι
1666 2439 1694 2497 ἢ
1727 2439 1814 2496 μά-

135 2499 322 2557 λισταὴ
354 2500 672 2556 Marklandus‚
711 2500 792 2544 sed
823 2495 852 2559 ᾗ
886 2499 1078 2575 μάλιστα
1113 2501 1273 2556 ‘quam
1303 2500 1521 2544 maxime’
1555 2501 1560 2559 1
1589 2496 1727 2554 ἧττον
1759 2513 1815 2543 ex

135 2558 283 2616 ἥττων
293 2519 451 2603 Umbro
477 2573 578 2604 corr
601 2559 649 2602 M
689 2556 826 2614 ἧττον
859 2573 915 2602 ex
939 2556 1085 2614 ἧττων
1109 2559 1145 2602 Ρ
1188 2558 1336 2616 ἥττων
1360 2574 1438 2616 mg
1463 2559 1498 2601 B
1589 2564 1617 2602 4
1641 2556 1817 2609 Λυσίας

135 2619 368 2685 χρώμενος
401 2618 480 2662 Gv
522 2621 527 2675 Ι
571 2617 622 2669 ὅς
652 2634 701 2675 γε
734 2618 882 2662 FPB:
923 2617 973 2669 ὅς
1003 2634 1051 2662 τε
1083 2618 1132 2662 Μ
1181 2617 1292 2662 ὥστε
1325 2594 1434 2661 Gvo
1447 2620 1452 2674 Ι
1503 2616 1609 2662 οὐδ’
1640 2617 1690 2662 ἐν
1720 2618 1815 2660 ΜΒ

137 2677 277 2734 iunge
310 2675 448 2722 οὐδεν
481 2677 585 2721 οὔτε
617 2675 848 2734 ἀσαφείας
880 2677 984 2721 οὔτε
1016 2675 1343 2734 ἀκαιρολογίας
1452 2682 1478 2721 5
1510 2674 1817 2734 ἀκυρολογίας

138 2735 267 2781 libri:
300 2751 401 2780 corr
430 2736 602 2792 Taylor
691 2742 716 2780 6
750 2735 930 2789 δόξειεν
962 2734 1042 2794 ἂν]
1075 2736 1219 2790 δόξαν
1243 2736 1353 2780 libri
1377 2751 1406 2781 v
1434 2736 1439 2794 1
1466 2738 1637 2794 λαβεῑ·
1661 2736 1697 2779 F

140 2799 166 2837 9
199 2794 484 2848 ἐξαλλάττειν
514 2796 794 2839 Herwerden
818 2796 829 2868 1
855 2799 1098 2851 μιμεῖσθαι
1130 2795 1207 2839 Gv
1311 2801 1362 2838 11
1399 2795 1491 2838 ἐστι
1522 2796 1581 2839 F¹
1688 2800 1742 2838 14
1773 2811 1815 2838 τι

141 2865 216 2896 om
239 2854 273 2897 F
358 2860 412 2898 15
437 2854 517 2898 καὶ
542 2869 617 2898 om
635 2854 712 2898 Gv
740 2856 745 2910 1
774 2854 952 2907 δοξειεν
968 2855 1003 2899 Ρ
1031 2860 1037 2910 1
1086 2856 1387 2927 παρα]λιπεῖν
1412 2855 1470 2897 F¹
1494 2869 1598 2897 cum
1622 2868 1696 2897 ras

144 2915 197 2954 18
222 2909 417 3014 οἷέτὸςδΜ
427 2927 470 3015 aG
467 2927 513 2960 ς
558 2912 691 2964 οὗτος
708 2913 744 2956 Β
779 2912 921 2965 οὕτως
946 2927 1002 2958 ex
1026 2930 1159 2964 ουτος
1182 2914 1240 2957 F¹
1277 2912 1419 2964 οὕτως
1443 2912 1814 2968 PGSylburgius

377 2987 397 3015 ε
478 2987 507 3015 v
