2004 3202
239 98 350 151 434
663 100 1002 145 ΔΙΟΝΥΣΙΟΤ
1032 100 1501 144 ΑΛῙΚΑΡΝΑΣΕῼΣ

239 231 300 286 δὲ
338 235 404 287 τὰ
445 234 760 305 ὑπάρχοντά
806 254 864 287 τε
905 233 1096 306 σςόζειν
1140 232 1232 287 καὶ
1279 233 1579 302 ἐπιγνῶναι
1616 233 1789 304 μηδὲν
1825 236 1918 290 καὶ

239 325 380 394 ἔργῳ
436 319 568 376 οὐδὲ
620 324 686 375 τὰ
733 322 1003 390 ἀναγκαῖα
1055 321 1374 386 ἐξικέσθαι’·
1449 321 1607 394 μέχρι
1658 321 1761 393 μὲν
1814 321 1923 379 οὗν

238 412 450 464 τούτων
495 412 556 464 τὸ
606 418 784 480 σχῆμα
828 418 922 479 τῆς
969 409 1162 475 λέξεως
1209 410 1364 482 σῴζει
1410 413 1512 480 τὴν
1557 411 1922 483 ἀκολουθίαν,

239 501 311 562 ὡς
359 498 446 552 ἐπὶ
491 501 803 571 προσώπων
850 498 1176 568 ἀμφοτέρων
1212 502 1480 569 κείμενον.
1557 503 1741 554 ἔπειτα
1787 501 1920 556 ἀπο-

193 608 213 640 5
240 586 530 659 στρέφεται
567 590 703 641 κατὰ
741 588 983 657 θάτερον
1020 597 1132 641 τῶν
1169 597 1352 659 μερῶν
1391 588 1420 642 ὁ
1453 591 1632 658 λόγος,
1670 589 1761 643 καὶ
1794 589 1920 644 ἀντὶ

238 678 505 746 σωμάτων
558 685 780 747 πρᾶγμα
834 679 1043 744 γίνεται
1096 677 1229 745 <τὸ>
1284 675 1411 748 περὶ
1467 680 1596 740 τοὺς
1650 680 1918 732 Λακεδαι-

236 769 481 834 μονίους,
522 765 655 818 ὅταν
693 772 793 835 φῇ·
835 760 1020 826 ἀὖθις
1052 762 1113 817 δὲ
1145 767 1203 817 οἳ
1237 762 1338 834 μὲν
1377 764 1468 818 καὶ
1497 768 1645 836 παρὰ
1677 768 1920 837 δύναμιν

236 852 497 923 τολμηταὶ
544 852 635 906 καὶ
681 854 828 923 παρὰ
886 854 1112 922 γνώμην
1157 852 1511 907 κινδυνευταὶ
1557 853 1648 908 καὶ
1695 855 1756 908 ἐν
1801 865 1919 919 τοῖς

236 943 441 1004 δεινοῖς
489 941 792 1004 εὐέλπιδες·
846 942 907 994 τὸ
957 938 1017 994 δὲ
1062 941 1330 1013 ὑμέτερον
1382 950 1477 1012 τῆς
1523 932 1580 996 τε
1634 945 1921 1014 δυνάμεως

171 1050 213 1083 10
240 1030 399 1083 ἐνδεᾶ
468 1028 669 1100 πρᾶξαι
735 1037 831 1098 τῆς
898 1050 955 1083 τε
1016 1031 1237 1099 γνώμης
1304 1028 1441 1100 μηδὲ
1501 1041 1614 1094 τοῖς
1674 1035 1920 1101 βεβαίοις

234 1119 564 1171 πιστεῦσαί·
603 1119 664 1170 τὸ
704 1119 808 1188 γὰρ
847 1117 1169 1188 ὑμέτερον
1209 1118 1331 1172 ἀντὶ
1369 1127 1469 1172 τοῦ
1507 1120 1692 1189 ὑμεῖς
1730 1125 1918 1192 παρεί-

236 1212 452 1276 ληπται,
491 1215 715 1277 πρᾶγμα
751 1207 1003 1277 ὑπάρχον
1042 1206 1164 1260 ἀντὶ
1206 1209 1466 1277 σώματος.

148 1297 215 1347 15
336 1294 432 1348 Ἐν
459 1292 520 1348 δὲ
551 1305 667 1358 τοῖς
699 1295 1086 1364 ἐνθυμήμασίν
1116 1315 1174 1348 τε
1204 1294 1294 1348 καὶ
1325 1298 1598 1366 νοήμασιν
1630 1299 1685 1351 αἱ
1716 1299 1919 1368 μεταξὺ

233 1385 646 1455 παρεμπτώσεις
676 1382 876 1437 πολλαὶ
908 1386 1196 1456 γινόμεναι
1226 1383 1318 1437 καὶ
1356 1387 1514 1454 μόλις
1551 1384 1639 1438 ἐπὶ
1669 1387 1730 1439 τὸ
1762 1386 1917 1450 τέλος

167 1495 208 1526 15
234 1473 653 1543 ἀφικνούμεναι,
693 1471 764 1525 δι’
798 1473 860 1535 ἃς
899 1472 932 1540 ἡ
973 1473 1176 1543 φράσις
1206 1474 1803 1543 δυσπαρακολούθητος
1832 1479 1914 1543 γί-

231 1581 406 1629 νεται,
453 1565 703 1614 πλεῖσται
749 1560 850 1630 μέν
904 1562 1047 1613 εἰσιν
1099 1559 1226 1614 καθ’
1267 1561 1402 1628 ὅλην
1447 1562 1548 1630 τὴν
1590 1563 1859 1632 ἱστορίαν·
1902 1561 1908 1634 Ι

233 1649 527 1720 ἀρκέσουσι
567 1646 629 1701 δὲ
668 1648 725 1701 ἐκ
763 1657 862 1702 τοῦ
901 1651 1199 1719 προοιμίου
1238 1650 1340 1702 δύο
1377 1654 1678 1718 ληφθεῖσαι
1716 1652 1897 1719 μόναι,
1914 1659 1994 1701 805

231 1739 264 1806 ἥ
303 1758 360 1791 τε
407 1739 651 1806 δηλοῦσα
696 1738 798 1805 τὴν
853 1736 1150 1790 ἀσθένειαν
1202 1746 1313 1790 τῶν
1367 1737 1610 1807 ἀρχαίων
1659 1746 1754 1806 τῆς
1794 1737 1911 1792 Ἑλ-

232 1827 397 1888 λάδος
427 1826 761 1896 πραγμάτων
790 1824 882 1878 καὶ
913 1826 1008 1887 τὰς
1041 1826 1217 1887 αἰτίας
1253 1825 1618 1879 ἀποδιδοῦσα·
1660 1827 1774 1895 (τῆς
1805 1828 1909 1897 γὰρ

167 1937 210 1968 20
235 1915 496 1985 ἐμπορίας
543 1914 644 1967 οὐκ
691 1915 882 1982 οὔσης,
931 1911 1062 1966 οὐδὲ
1111 1913 1493 1983 ἐπιμιγνύντες
1541 1913 1712 1977 ἀδεῶς
1751 1915 1912 1984 ἀλλή-

230 2008 347 2066 λοις
388 2005 512 2056 οὔτε
551 2004 686 2056 κατὰ
725 2010 830 2071 γῆν
870 2003 995 2055 οὔτε
1036 2003 1128 2055 διὰ
1166 2003 1476 2071 θαλάσσης,
1525 2005 1821 2072 νεμόμενοί
1854 2025 1914 2057 τε
1983 1998 2004 2025 ⁵

230 2094 296 2145 τὰ
344 2093 526 2145 αὑτῶν
574 2091 792 2144 ἕκαστοι
838 2091 972 2144 ὅσον
1020 2090 1225 2159 ἀποζῆν
1277 2090 1367 2143 καὶ
1412 2095 1738 2161 περιουσίαν
1783 2113 1911 2162 χρη-

231 2182 417 2249 μάτων
457 2180 557 2233 οὐκ
598 2183 837 2248 ἔχοντες,
879 2180 1004 2232 οὔτε
1043 2186 1148 2247 γῆν
1195 2180 1550 2248 φυτεύοντες,
1599 2181 1806 2248 ἄδηλον
1845 2181 1913 2234 ὃν

352 2340 663 2383 7Thu0170
786 2340 941 2383 1912

363 2492 383 2528 1
420 2487 576 2539 σώζειν
610 2487 707 2530 sine
739 2486 838 2530 iota
870 2487 905 2529 P
936 2489 989 2530 ub
1021 2487 1140 2531 solet
1267 2491 1291 2529 5
1324 2486 1447 2543 ἀντὶ]
1481 2486 1586 2530 ἀντὶ
1615 2494 1706 2530 τῶν
1737 2486 1839 2529 Pas

235 2549 259 2587 6
293 2543 470 2601 γίνεται
500 2546 569 2602 τὸ]
604 2543 778 2600 γίνεται
801 2546 908 2589 Pas
942 2543 1146 2602 γίγνεται
1177 2544 1235 2588 τὰ
1266 2544 1601 2588 Herwerdenus
1795 2549 1820 2587 8
1854 2540 1907 2588 ἐν

234 2603 378 2647 etiam
415 2604 555 2647 ΘΟΕ
586 2604 659 2646 ἐπὶ
692 2604 833 2647 ceteri
907 2610 961 2647 10
987 2604 1123 2648 ἐνδεᾶ
1148 2604 1324 2660 πρᾶξαι
1349 2603 1486 2648 CDs:
1514 2600 1618 2648 ἐνδε
1643 2601 1846 2657 απάρξαι
1870 2602 1906 2644 Ρ

355 2668 405 2705 11
440 2669 677 2705 πιστεῦσαι
702 2663 757 2706 P:
791 2670 1048 2707 πιστεῦσαι·
1081 2671 1172 2707 τῶν
1197 2661 1248 2707 δὲ
1274 2664 1442 2707 δεινῶν
1468 2660 1694 2718 μηδέποτε
1719 2660 1905 2705 οἴεσθαι

235 2721 620 2775 ἀπολυθήσεσθαι
638 2720 750 2764 CDs
782 2721 1066 2777 interpolata
1098 2736 1153 2766 ex
1183 2738 1214 2778 p
1238 2726 1405 2778 437,13
1514 2726 1566 2764 12
1599 2718 1816 2776 ὑπάρχων
1839 2719 1872 2761 Ρ
1895 2719 1900 2778 Ι

235 2781 359 2838 ἀντὶ]
393 2780 497 2823 ἀντὶ
528 2786 607 2822 τοῦ
640 2779 749 2822 libri
880 2785 932 2822 13
967 2777 1260 2836 ἐνθυμήμασι
1293 2794 1320 2823 a
1472 2784 1525 2823 16
1557 2783 1741 2822 πλεῖστα
1772 2777 1903 2823 libri:

236 2853 337 2882 corr
353 2839 614 2894 Kruegerus
643 2839 648 2892 Ι
678 2838 762 2881 εἰσι
788 2838 833 2896 a!
855 2839 1064 2895 καθόλην
1082 2840 1166 2882 PD
1264 2845 1315 2882 19
1340 2838 1426 2895 γὰρ
1444 2838 1530 2882 Ps:
1556 2835 1639 2893 μὲν
1663 2836 1749 2893 γὰρ
1769 2836 1845 2880 Ga

237 2903 291 2941 22
310 2899 462 2942 αὐτῶν
481 2912 522 2941 s:
549 2898 702 2941 ἀυτῶν
718 2897 806 2952 P‚a
888 2902 941 2940 :23
961 2895 1067 2941 οὐδὲ
1091 2900 1130 2941 Θ
1157 2899 1163 2956 Ι
1193 2915 1246 2942 ον
1263 2895 1374 2941 ποτέ
1389 2898 1444 2941 P:
1465 2894 1518 2940 ὃν
1536 2893 1670 2940 ὁπότε
1693 2895 1905 2939 &GCDS
