2004 3202
0 1758 40 2289 &affixae-awanam

22 2675 29 2678 ν
21 2631 28 2649 ·
16 2564 31 2609 »Δ
15 2524 30 2552 ⁶
12 2442 38 2510 vm<
0 2325 41 2430 nti-2⁸·

40 1343 128 1382 ‘23

686 137 830 179 ΠΕΡΙ
860 135 1262 179 ΘοΤΚΤΔΙΔοΤ
1704 134 1813 188 333

134 267 196 323 δὲ
233 269 368 322 κατὰ
413 269 475 321 τὸ
515 272 706 338 λαβεῖν
751 270 1026 323 ὑπόθεσιν
1070 273 1203 339 μήτε
1248 271 1570 339 μονόκωλον
1613 271 1815 322 παντά-

132 372 265 412 πασι
318 355 438 426 μήτ’
493 358 571 420 εἰς
629 359 807 411 πολλὰ
855 357 1253 428 μεμερισμένην
1312 356 1403 410 καὶ
1467 356 1814 427 ἀσυνάρτητα

131 447 426 515 κεφάλαια·
465 447 651 498 ἔπειτα
689 447 825 499 κατὰ
862 447 924 499 τὸ
963 443 1136 516 μηδὲν
1174 446 1312 516 αὐτῇ
1351 446 1608 515 μυθῶδες
1645 460 1813 515 προσ-

132 535 291 602 άψαι,
352 532 476 603 μηδ’
535 535 613 596 εἰς
675 534 887 603 ἀπάτην
946 534 1038 588 καὶ
1098 537 1355 603 γοητείαν
1414 543 1525 587 τῶν
1592 538 1814 587 πολλῶν

133 621 386 692 ἐκτρέψαι
410 623 512 690 τὴν
536 626 775 692 γραφήν,
808 624 880 685 ὡς
905 624 957 676 οἱ
981 624 1087 693 πρὸ
1112 622 1284 676 αὐτοῦ
1306 623 1506 684 πάντες
1531 620 1811 690 ἐποιήσαν,
1859 644 1879 676 5

133 714 346 780 Λαμίας
376 712 530 773 τινὰς
572 712 921 781 ἱστοροῦντες
954 710 1015 764 ἐν
1052 711 1211 774 ὕλαις
1249 709 1341 764 καὶ
1379 711 1578 774 νάπαις
1618 709 1676 763 ἐκ
1715 719 1813 780 γῆς

134 798 439 868 ἀνὶεμένας,
469 798 560 851 καὶ
585 801 803 862 Ναΐδας
826 799 1126 869 ἀμφιβίους
1157 799 1215 852 ἐκ
1247 800 1542 870 Ταρτάρων
1566 798 1814 863 ἐξιούσας

130 887 222 941 καὶ
254 889 347 941 διὰ
375 889 649 956 πελάγους
680 887 982 958 νηχομένας
1012 887 1102 941 καὶ
1134 887 1454 958 μιξόθηρας,
1492 886 1583 940 καὶ
1614 888 1814 950 ταύτας

132 978 211 1039 εἰς
250 976 472 1045 ὁμιλίαν
517 976 837 1046 ἀνθρώποις
886 975 1316 1046 συνερχομένας,
1362 974 1453 1029 καὶ
1492 975 1551 1029 ἐκ
1587 982 1814 1044 θνητῶν

131 1063 222 1118 καὶ
261 1068 436 1118 θείων
475 1075 789 1118 συνουσιῶν
820 1066 987 1133 γονὰς
1017 1063 1302 1133 ἡμιθέους,
1341 1063 1431 1116 καὶ
1464 1065 1632 1127 ἄλλας
1661 1066 1814 1127 τινὰς
1838 1087 1880 1118 ιο

133 1152 397 1216 ἀπίστους
434 1160 509 1224 τῷ
539 1154 678 1206 καθ’
707 1153 846 1222 ἡμᾶς
877 1156 979 1225 βίῳ
1011 1151 1100 1205 καὶ
1132 1155 1274 1206 πολὺ
1306 1153 1367 1206 τὸ
1401 1152 1638 1221 ἀνόητον
1668 1154 1815 1221 ἔχειν

133 1243 406 1304 δοκούσας
446 1243 702 1311 ἱστορίας.

251 1334 432 1383 Ταῦτα
471 1329 519 1383 δ’
567 1332 740 1383 εἰπεῖν
786 1332 1079 1400 προήχθην
1126 1330 1226 1383 οὐκ
1274 1329 1537 1399 ἐπιτιμῶν
1584 1329 1862 1392 ἐκείνοις7

132 1427 247 1481 τοῖς
286 1418 572 1489 ἀνδράσιν,
612 1419 752 1472 ἀλλὰ
789 1418 880 1471 καὶ
919 1419 1131 1486 πολλὴν
1170 1421 1310 1488 ἔχων
1356 1420 1713 1487 συγγνώμην,
1765 1419 1813 1471 εἰ

131 1505 222 1560 καὶ
260 1517 372 1560 τῶν
409 1513 666 1576 μυθικῶν
703 1508 915 1575 ἥψαντο
947 1507 1296 1576 πλασμάτων,
1338 1506 1564 1569 ἐθνικὰς
1594 1505 1683 1558 καὶ
1723 1526 1812 1559 το-
1836 1529 1878 1562 15

130 1597 293 1659 πικάς
338 1595 661 1667 ἐκφέροντες
710 1597 972 1666 ἱστορίας·
1021 1595 1081 1648 ἐν
1128 1596 1295 1648 ἅπασι
1342 1596 1446 1665 γὰρ
1494 1594 1815 1664 ἀνθρώποις

131 1683 223 1737 καὶ
261 1693 419 1754 κοινῇ
465 1686 600 1738 κατὰ
646 1687 850 1747 τόπους
894 1683 986 1737 καὶ
1031 1685 1168 1737 κατὰ
1212 1686 1399 1747 πόλεις
1448 1685 1563 1754 ἰδίᾳ
1607 1686 1819 1752 μνῆμαί

132 1792 278 1836 τινες
317 1771 580 1845 ἐσῴζοντο
619 1772 710 1826 καὶ
748 1783 860 1826 τῶν
897 1773 1166 1826 τοιούτων
1206 1772 1591 1842 ἀκουσμάτων,
1638 1773 1813 1840 ὥςπερ

133 1864 291 1930 ἔφην,
331 1861 394 1923 ἃς
433 1862 815 1930 διαδεχόμενοι
851 1863 1044 1924 παῖδες
1081 1863 1228 1931 παρὰ
1271 1860 1521 1931 πατέρων
1568 1858 1815 1929 ἐπιμελὲς

134 1949 422 2002 ἐποιοῦντο
460 1951 828 2019 παραδιδόναι
867 1959 982 2012 τοῖς
1022 1949 1271 2017 ἐκγόνοις
1319 1948 1410 2002 καὶ
1448 1951 1579 2011 τοὺς
1617 1951 1813 2017 βουλο-
1837 1972 1880 2003 20

133 2037 335 2107 μένους
389 2037 554 2100 αὐτὰς
609 2039 686 2100 εἰς
731 2039 791 2090 τὸ
842 2039 1036 2091 κοινὸν
1088 2037 1343 2107 ἐκφέρειν
1397 2037 1569 2099 οὕτως
1622 2036 1814 2104 ἠξίουν

134 2126 496 2195 συγγράφειν,
536 2126 609 2188 ὡς
644 2127 792 2195 παρὰ
829 2135 940 2178 τῶν
980 2125 1223 2196 ἀρχαίων
1262 2124 1527 2189 ἐδέξαντο.
1585 2124 1814 2188 ἐκείνοις

134 2211 236 2284 μὲν
282 2211 385 2267 οὖν
429 2223 544 2276 τοῖς
590 2213 860 2284 ἀνδράσιν
906 2213 1207 2281 ἀναγκαῖον
1244 2210 1315 2281 ἦν
1352 2216 1659 2266 ποικίλλειν
1698 2221 1813 2276 τοῖς

134 2304 456 2371 μυθώδεσιν
481 2301 808 2364 ἐπεισοδίοις
831 2303 926 2365 τὰς
949 2303 1174 2364 τοπικὰς
1206 2301 1542 2372 ἀναγραφάς.
1602 2305 1814 2354 Θουκυ-

135 2391 263 2461 δίδῃ
303 2388 364 2443 δὲ
402 2398 477 2462 τῷ
514 2390 862 2461 προελομένῳ
901 2393 1034 2459 μιάν
1071 2390 1374 2458 ὑπόθεσιν,
1414 2383 1448 2461 ᾖ
1485 2393 1809 2460 παρεγίνετο
1835 2413 1876 2445 25

137 2613 220 2653 331
254 2554 370 2653 {12
400 2550 633 2607 Eugeonis
666 2550 716 2594 cf
741 2549 1002 2594 Meinekius
1035 2549 1155 2594 anal.
1189 2549 1319 2594 Alex.
1352 2554 1456 2606 p60
1474 2564 1527 2605 sq
1606 2555 1658 2594 19
1693 2549 1812 2607 ἔφην

255 2762 278 2799 1
310 2755 535 2807 ὑπόθεσις
564 2756 623 2799 P¹
650 2757 656 2812 Ι
684 2754 938 2812 μονόκολον
969 2771 1024 2812 pr
1046 2756 1095 2799 M
1121 2758 1127 2814 Ι
1155 2755 1453 2801 παντάπασιν
1476 2757 1544 2799 Pf
1638 2761 1663 2799 2
1697 2754 1806 2812 μηδ’

135 2813 274 2859 MPf:
307 2829 407 2859 corr
437 2814 747 2871 Kiesslingius
868 2820 894 2859 3
925 2818 1142 2871 θυμῶδες
1164 2816 1223 2859 Ρι
1328 2821 1355 2859 4
1387 2815 1583 2859 ἀπάτειν
1612 2815 1659 2858 Μ
1687 2817 1692 2871 1
1721 2822 1811 2858 τῶν

138 2885 213 2916 om
227 2874 285 2916 Ρ1
360 2879 385 2918 5
404 2873 623 2931 ἐντρέψαι
647 2874 670 2916 f
734 2879 759 2917 6
785 2873 836 2918 ἐν
859 2873 908 2917 in
931 2873 1073 2918 litura.
1091 2875 1126 2918 P
1196 2880 1249 2918 15
1266 2874 1451 2931 ἥψαντο
1469 2874 1517 2917 Μ
1591 2879 1646 2917 20
1663 2889 1810 2926 παρα-

137 2931 378 2988 διδόμεναι
401 2933 450 2975 Μ
592 2938 646 2977 52
678 2934 758 2991 τῷ]
791 2940 880 2977 τῶν
914 2933 949 2976 Ρ
983 2935 988 2991 Ι
1023 2931 1315 2991 παραγίνατο
1347 2933 1404 2976 P¹
1435 2931 1718 2989 παρεγίνατο
1752 2931 1809 2973 1³²
