2004 3202
776 115 1120 158 ῙΣΟΚΡΑΤΗΣ
1718 114 1790 167 65

115 249 318 304 δαλέαν
355 249 593 318 ἡγοῦντο
632 248 721 301 καὶ
769 250 905 318 πρὸς
950 249 1048 302 τὸν
1094 251 1220 317 βιόν
1264 249 1363 300 τὸν
1408 247 1537 301 καθ’
1583 247 1792 317 ἡμέραν

116 337 523 407 συμφέρουσαν,
559 338 660 405 τὴν
684 334 744 389 δὲ
770 338 1130 405 δικαιοσύνην
1152 336 1443 404 ἀλυσιτελῆ
1466 335 1556 389 καὶ
1581 342 1793 405 μᾶλλον

27 439 112 480 549
138 425 342 496 ἑτέροις
386 425 418 494 ἢ
467 433 580 488 τοῖς
626 428 847 494 ἔχουσιν
897 423 1205 498 ὠφέλιΙμον.
1282 425 1493 478 τούτων
1538 426 1642 495 γὰρ
1691 425 1792 478 οὐκ

115 511 222 568 οἶδ’
262 519 316 567 εἴ
354 534 437 576 τις
482 513 552 566 ἂν
598 514 629 582 ἢ
678 517 926 583 βελτίους
975 514 1007 583 ἢ
1055 513 1464 587 ἀληθεστέρους
1503 514 1536 582 ἢ
1583 518 1794 583 μᾶλλον

114 602 421 674 πρέποντας
461 606 766 673 φιλοσοφίᾳ
806 604 1032 656 δύναιτο
1072 605 1272 671 λόγους
1311 604 1499 662 εἰπεῖν.

225 694 307 755 τίς
345 689 406 745 δὲ
444 692 541 744 τὸν
572 690 1018 761 Ἀρεοπαγιτικὸν
1056 691 1330 760 ἀναγνοὺς
1377 694 1545 759 λόγον
1584 691 1684 744 οὐκ
1723 690 1793 743 ἄν

114 779 330 849 γένοιτο
383 781 774 849 κοσμιώτερος,
835 779 867 847 ἢ
922 782 1004 842 τίς
1057 779 1157 833 οὐκ
1211 779 1280 832 ἂν
1332 780 1635 848 θαυμάσειε
1691 780 1794 848 τὴν

117 869 379 937 ἐπιβολὴν
417 876 515 921 τοῦ
556 869 811 938 ῥήτορος;
862 867 922 929 ὃς
962 867 1220 937 ἐτόλμησε
1261 870 1619 937 διαλεχθῆναι
1666 867 1791 938 περὶ

115 960 391 1019 πολιτείας
422 955 741 1024 Ἀθηναίοις
783 956 950 1021 ἀξιῶν
995 955 1334 1026 μεταθέσθαι
1380 954 1481 1026 μὲν
1526 957 1627 1024 τὴν
1671 958 1792 1009 τότε

114 1051 472 1099 καθεστῶσαν
512 1047 881 1115 δημοκρατίαν
927 1047 999 1108 ὡς
1044 1046 1250 1115 μεγάλα
1295 1046 1648 1114 βλάπτουσαν
1693 1045 1793 1112 τὴν

115 1137 296 1202 πόλιν,
327 1131 466 1204 ὑπὲρ
490 1130 554 1202 ἧς
577 1143 687 1187 τῶν
711 1135 1053 1203 δημαγωγῶν
1078 1133 1268 1196 οὐθεὶς
1301 1134 1562 1204 ἐπεχείρει
1595 1132 1792 1201 λέγειν,

115 1228 347 1292 θεωρῶν
385 1224 462 1285 εἰς
500 1223 770 1291 τοσαύτην
809 1222 981 1291 αὐτὴν
1018 1228 1469 1293 προεληλυθυῖαν
1507 1222 1792 1291 ἀκοσμιάν,

115 1311 253 1363 ὥστε
299 1307 434 1379 μηδὲ
483 1312 612 1372 τοὺς
666 1312 933 1380 ἄρχοντας
979 1313 1058 1363 ἔτι
1105 1321 1214 1363 τῶν
1269 1312 1504 1364 ἰδιωτῶν
1555 1319 1792 1380 κρατεῖν,

1839 621 1861 654 5

1818 695 1849 747 8

1818 1065 1860 1098 10

116 1397 233 1452 ἀλλ’
288 1397 539 1466 ἕκαστον,
596 1399 624 1452 ὅ
671 1420 722 1451 τι
774 1398 903 1452 καθ’
950 1399 1160 1467 ἡδονὴν
1213 1399 1360 1471 αὐτῷ
1414 1403 1647 1467 γίνοιτο,
1702 1397 1792 1451 καὶ
1845 1456 1849 1459 ,

115 1494 383 1540 ποιοῦντα
435 1486 524 1539 καὶ
580 1486 834 1555 λέγοντα,
895 1486 986 1540 καὶ
1039 1489 1140 1556 τὴν
1193 1489 1422 1558 ἄκαιρον
1482 1491 1794 1558 παρρησίαν

117 1576 415 1644 δημοτικὴν
455 1575 707 1640 ἐξουσίαν
744 1577 851 1629 ὑπὸ
890 1577 1113 1629 πάντων
1152 1575 1535 1645 νομιζομένην,
1584 1575 1793 1628 ἀνασώ-

117 1670 323 1717 σασθαι
384 1661 444 1717 δὲ
504 1666 605 1733 τὴν
665 1666 772 1718 ὑπὸ
834 1667 1095 1727 Σόλωνός
1148 1685 1205 1718 τε
1265 1663 1354 1717 καὶ
1416 1663 1794 1727 Κλεισθένους

27 1766 114 1805 550
139 1759 573 1806 κατασταθεῖσα-ν
611 1756 906 1806 πολιτείαν.
966 1750 1030 1822 ἧς
1065 1754 1069 1821 Ι
1105 1754 1205 1822 τὴν
1235 1752 1558 1823 προαίρεσιν
1596 1751 1686 1806 καὶ
1728 1754 1793 1805 τὰ

118 1842 229 1908 ἤθη
271 1841 486 1905 διεξιὼν
525 1843 839 1912 δεινότερον
877 1839 978 1911 μὲν
1015 1842 1277 1910 ἡγεῖσθαί
1319 1856 1454 1911 φησι
1499 1844 1627 1904 τοὺς
1673 1843 1795 1894 τότε

120 1928 452 1997 ἀνθρώπους
504 1930 564 1982 τὸ
619 1939 732 1992 τοῖς
786 1929 1175 2000 πρεσβυτέροις
1233 1930 1510 1983 ἀντειπεῖν
1562 1930 1594 1999 ἢ
1652 1973 1660 1982 .

119 2018 489 2086 δημοκρατίαν
543 2014 602 2070 δὲ
657 2018 856 2080 αὐτοὺς
910 2021 1151 2087 νομίζειν
1205 2018 1270 2071 οὐ
1324 2020 1426 2086 τὴν
1479 2018 1794 2086 ἀκολασίαν,

240 2211 292 2249 13
326 2207 477 2263 Areop
502 2210 557 2249 20
652 2212 704 2250 16
738 2207 888 2262 Areop
916 2212 968 2251 16
1064 2212 1117 2250 19
1150 2207 1302 2263 Areop
1327 2212 1382 2250 49

241 2388 262 2426 1
296 2383 494 2440 ἡγοῦντο
528 2397 691 2426 sanum
723 2386 795 2426 est
821 2385 826 2439 Ι
856 2382 1055 2427 alterum
1085 2383 1166 2427 τὸν
1199 2384 1293 2427 add
1325 2383 1382 2427 F²
1459 2389 1484 2427 3
1518 2381 1716 2439 ἑταίροις
1746 2384 1794 2426 Μ

236 2447 264 2485 4
295 2440 324 2498 ἢ
357 2442 765 2499 μᾶλλον-λόγους
801 2455 875 2485 0111
907 2442 941 2484 P
1049 2447 1073 2486 6
1105 2443 1474 2500 ἀρεοπαγητικὸν
1507 2443 1541 2486 F
1638 2449 1663 2487 8
1697 2443 1795 2488 ἐπι-

121 2500 262 2557 βολὴν
294 2500 343 2544 in
375 2501 606 2560 ἐπηβολὴν
631 2515 731 2545 corr
755 2500 813 2543 F²
910 2505 935 2544 9
968 2500 1232 2558 ἀθηναίους
1257 2502 1291 2545 F
1315 2516 1415 2546 corr
1443 2503 1608 2546 eadem
1630 2518 1677 2546 m

125 2564 178 2602 10
209 2559 550 2616 δημοκρατείαν
582 2560 617 2603 F
650 2574 751 2604 corr
782 2560 945 2604 eadem
968 2575 1014 2603 m
1107 2566 1159 2606 16
1191 2560 1285 2605 fort,
1315 2562 1678 2606 ἀνανεώσασθαι

124 2621 178 2661 18
209 2622 498 2664 καταθεῖσαν
523 2620 604 2663 ΡΒ
691 2624 744 2662 19
769 2618 867 2675 ἤθη
892 2618 1221 2666 Holwelliana:
1249 2619 1337 2677 ἔθη
1422 2626 1477 2664 20
1503 2619 1529 2677 ἢ
1554 2621 1638 2677 τὴν
1662 2619 1794 2673 τάξιν

122 2676 248 2721 λύειν
280 2678 555 2723 continuant
586 2677 716 2734 libri,
761 2691 879 2733 quae
913 2680 1020 2722 sunt
1050 2679 1195 2723 uerba
1226 2679 1574 2736 interpolatoris
1605 2679 1792 2736 proprio

123 2738 271 2780 marte
294 2736 510 2781 lacunam
534 2737 776 2795 explentis,
826 2737 1051 2782 Isocrates
1076 2738 1200 2782 enim
1222 2739 1338 2783 haec
1362 2739 1526 2783 habet:
1556 2739 1792 2782 ἀντειπεῖν

124 2790 175 2837 δὲ
206 2802 301 2846 τοῖς
331 2795 652 2855 πρεσβυτέροις
683 2795 708 2852 ὴ
734 2795 1100 2852 λοιδορήσασθαι
1129 2797 1391 2871 δεινότερον
1417 2797 1627 2853 ἐνόμιζον
1652 2797 1678 2853 ἢ
1708 2805 1792 2841 νῦν

125 2853 229 2907 περὶ
258 2855 364 2906 τοὺς
395 2853 560 2912 γονέας
593 2855 862 2911 ἐξαμαρτεῖν
964 2860 1016 2899 21
1050 2858 1390 2913 ὃημοκρατειαν
1422 2857 1517 2912 ΡΒ,
1543 2857 1577 2898 F
1611 2856 1746 2899 initio
1784 2868 1786 2912 g

126 2911 333 2970 αὐτο[·ὺ]ς
363 2914 398 2956 F
430 2928 534 2958 cum
563 2929 637 2958 ras

214 2992 323 3026 Dion.
346 2995 541 3029 Habeam,
579 2998 622 3029 V.
1502 2995 1526 3031 5

1816 1507 1859 1540 15

1738 1950 1862 1982 ..20
