2004 3202
710 126 874 168 ΠΡΟΣ
905 127 1186 169 AMMAION
1672 126 1779 180 259

108 263 277 331 σοφία
327 262 394 314 τὰ
445 261 706 331 ῥητορικὰ
750 259 1195 331 παραγγέλματα,
1249 258 1339 312 καὶ
1387 261 1512 313 οὔτε
1558 262 1611 314 οἱ
1655 260 1780 332 περὶ

110 350 402 419 Θεόδωρον
453 347 545 402 καὶ
595 350 963 419 Θρασύμαχον
1014 347 1104 402 καὶ
1140 347 1484 418 Ἀντιφῶντα
1537 351 1781 418 σπουδῆς

105 437 262 502 ἄξιον
300 434 467 491 οὐδὲν
506 433 673 508 εὗρον
704 439 830 491 οὔτε
854 437 1165 507 Ἰσοκράτης
1194 435 1285 489 καὶ
1308 435 1660 506 Ἀναξιμένης
1689 437 1781 491 καὶ

103 527 423 596 Αλκιδάμας
462 527 588 579 οὔτε
627 527 680 579 οἱ
714 528 931 589 τούτοις
962 527 1370 596 συμβιώσαντες
1399 529 1516 589 τὀῖς
1546 526 1781 598 ἀνδράσι

102 616 570 685 παραγγελμάτων
630 625 894 685 τεχνικῶν
949 623 1285 685 συγγραφεῖς
1336 613 1428 668 καὶ
1482 614 1781 683 ἀγωνισταὶ
1825 634 1846 667 5

103 706 285 771 λόγων
325 704 647 774 ῥητορικῶν,
687 706 740 758 οἱ
770 702 896 775 περὶ
932 702 1239 772 Θεοδέκτην
1267 701 1358 756 καὶ
1394 706 1661 757 Φιλίσκον
1689 703 1780 757 καὶ

16 791 314 851 ’723Ἰσαῖον
349 792 442 846 καὶ
480 795 889 863 Κηφισόδωρον
924 792 1274 863 ΙὙπερείδην
1310 812 1367 846 τε
1404 790 1496 845 καὶ
1528 796 1781 863 Λυκοῦρ-

101 901 205 950 γον
249 879 341 934 καὶ
381 883 678 951 Αἰσχίνην,
726 880 843 935 οὐδ’
889 881 1031 951 <ἂν>
1071 882 1235 944 αὐτὸς
1273 881 1302 934 6
1342 879 1711 951 Δημοσθένης
1748 881 1778 934 6

99 971 308 1034 πάντας
359 971 805 1040 ὑπερβαλόμενος
857 971 988 1032 τούς
1040 990 1098 1023 τε
1143 971 1248 1040 πρὸ
1297 970 1469 1023 αὑτοῦ
1514 968 1605 1022 καὶ
1650 972 1780 1032 τοὺς

100 1058 226 1112 καθ’
269 1058 466 1112 ἑαυτὸν
499 1058 589 1112 καὶ
620 1056 758 1128 μηδὲ
788 1067 903 1121 τοῖς
932 1058 1246 1128 γινομένοις
1275 1059 1591 1129 ὑπερβολὴν
1619 1079 1779 1112 κατα-
1802 1079 1845 1111 10

101 1149 279 1201 λιπὼν
315 1156 578 1210 τοσοῦτος
610 1146 824 1216 ἐγένετο
856 1156 971 1210 τοῖς
994 1146 1341 1218 Ἰσοκράτους
1371 1167 1429 1200 τε
1459 1146 1549 1200 καὶ
1573 1146 1779 1202 Ἰσαίου

99 1237 474 1306 κοσμούμενος
518 1235 993 1306 παραγγέλμασιν,
1040 1238 1088 1289 εἰ
1133 1237 1205 1305 μὴ
1245 1238 1340 1298 τὰς
1369 1235 1778 1306 Ἀριστοτέλους

7 1360 9 1362 -
99 1324 290 1394 τέχνας
329 1323 606 1394 ἐξέμαθεν.

211 1413 350 1467 (Οὐκ
381 1412 485 1467 ἔστ’
519 1416 715 1483 ἔτυμος
740 1416 903 1482 λόγος
927 1410 1126 1482 οὗτος’,
1158 1411 1199 1466 ὦ
1226 1417 1355 1483 φίλε
1376 1411 1618 1482 Ἀμμαῖε,
1651 1412 1768 1466 οὐδ’
1801 1416 1833 1468 3

99 1501 159 1555 ἐκ
188 1512 299 1555 τῶν
322 1500 736 1573 Ἀριστοτέλους
766 1512 974 1571 τεχνῶν
997 1512 1108 1555 τῶν
1130 1502 1365 1572 ὕστερον
1390 1500 1778 1571 ἐξενεχθεισῶν
1799 1520 1842 1554 15

99 1592 152 1644 οῑ
182 1589 586 1661 Δημοσθένους
625 1594 781 1660 λόγοι
817 1592 1236 1660 συνετάχθησαν
1267 1590 1406 1644 ἀλλὰ
1435 1590 1560 1644 καθ’
1594 1590 1778 1662 ἑτέρας

23 1697 25 1699 ·
98 1682 251 1742 τινὰς
297 1682 618 1748 εἰσαγωγάς·
663 1677 803 1750 ὑπὲρ
847 1675 925 1732 ὧν
966 1680 1026 1732 ἐν
1066 1681 1181 1750 ἰδίᾳ
1219 1680 1447 1748 δηλώσω
1488 1689 1670 1750 γραφῇ
1710 1682 1777 1733 τὰ

99 1770 372 1822 δοκοῦντά
409 1785 523 1838 μοι’
561 1771 736 1831 πολὺς
773 1770 878 1838 γὰρ
919 1769 948 1822 6
987 1767 1113 1839 περὶ
1153 1768 1338 1821 αὐτῶν
1376 1770 1560 1837 λόγος,
1602 1768 1669 1821 ὃν
1708 1769 1774 1822 οὐ

97 1862 275 1919 καλῶς
321 1853 466 1926 εἶχεν
506 1855 690 1927 ἑτέρας
727 1865 945 1927 γραφῆς
982 1864 1206 1925 ποιῆσαι
1244 1858 1537 1927 πάρεργον.
1615 1857 1675 1910 ἐν
1715 1855 1776 1910 δὲ

16 1948 18 2007 ᾗ
97 1954 172 2018 τῷ
225 1948 458 2016 παρόντι
511 1953 672 1999 τοῦτο
723 1947 1051 2017 πειράσομαι
1098 1946 1344 2016 φανερὸν
1387 1953 1635 2014 ποιῆσαι,
1691 1947 1841 1999 &uzo

10 2086 23 2102 Ι,
97 2033 501 2104 Δημοσθένους
540 2034 871 2103 ἀκμάζοντος
909 2036 1013 2103 ἤδη
1052 2036 1188 2087 κατὰ
1226 2035 1327 2102 τὴν
1364 2037 1647 2087 πολιτείαν
1684 2033 1775 2087 καὶ

13 2162 22 2182 ;
97 2126 226 2186 τοὺς
265 2123 730 2192 ἐπιφανεστάτους
762 2124 1040 2193 εἰρηκότος
1072 2123 1287 2190 ἀγῶνας
1318 2122 1447 2184 τούς
1478 2142 1534 2175 τε
1566 2124 1775 2175 δικανι-

97 2215 227 2275 κοὺς
279 2211 370 2265 καὶ.
423 2213 553 2274 τοὺς
606 2213 1011 2281 δημηγορικοὺς
1062 2209 1154 2263 καὶ
1206 2211 1628 2279 θαυμαζομένου
1682 2212 1775 2264 διὰ

96 2302 270 2370 πάσης
310 2308 404 2369 τῆς
435 2299 698 2362 Ἑλλάδος
737 2298 825 2351 ἐπὶ
865 2300 1136 2367 δεινότητι
1176 2301 1358 2366 λόγων
1395 2300 1516 2351 τότε
1554 2299 1583 2352 6
1617 2300 1773 2367 φιλό-

216 2451 271 2489 14
305 2445 596 2490 Sbesichorus
628 2444 682 2490 fr.
710 2449 764 2488 26
782 2443 949 2499 Bergk.

214 2583 239 2621 2
271 2578 634 2634 θεορθεόδωρον
666 2577 702 2619 P
730 2578 735 2633 Ι
762 2576 1102 2634 θρασύμμαχον
1126 2576 1163 2619 Ρ
1254 2581 1279 2619 3
1314 2573 1410 2620 οὔτ’
1438 2591 1461 2619 r
1567 2581 1592 2620 6
1624 2576 1770 2633 λόγων

35 2687 38 2692 ¹
98 2636 301 2693 ῥητόρων
334 2635 589 2694 ῥητορικῶν
613 2637 649 2680 Ρ
698 2636 742 2680 οἱ
773 2635 878 2691 περὶ
910 2633 1047 2692 ρίδην
1070 2637 1166 2693 (mg
1197 2648 1299 2679 corr
1327 2633 1571 2692 ὑπερίδην)
1604 2635 1769 2679 ceteris

99 2696 278 2739 omissis
295 2696 332 2739 B
361 2698 366 2754 Ι
396 2695 605 2753 φίλιστον
689 2695 823 2739 OPs:
850 2708 951 2738 corr
976 2693 1250 2751 Sylburgius
1336 2700 1359 2738 7
1386 2693 1613 2751 ὑπερίδην
1636 2693 1767 2739 libri:

98 2766 197 2797 corr
225 2755 560 2799 Herwerdenus
669 2759 694 2798 8
737 2750 838 2797 οὐδ’
869 2751 928 2798 ἂν
982 2753 1084 2797 οὔτε
1116 2753 1227 2797 libri
1287 2751 1389 2798 οὐδ’
1421 2753 1650 2810 Sauppius

98 2815 123 2854 9
158 2813 554 2872 ὑπερβαλλόμενος
583 2814 620 2857 Ρ
649 2814 654 2871 Ι
683 2815 825 2857 αὐτοῦ
858 2812 906 2855 Μ
1047 2817 1099 2856 10
1130 2811 1456 2870 γενησομένοις
1488 2827 1508 2855 s
1594 2818 1644 2856 11
1673 2810 1768 2869 ἐγέ-

97 2873 219 2930 νετο]
245 2871 304 2918 ἂν
329 2873 391 2930 ἐγ.
417 2873 612 2918 Morello
639 2875 827 2916 auct-ore
860 2871 1079 2943 uolgatur
1186 2877 1238 2915 17
1274 2870 1526 2929 εἰσαγωγάς
1556 2887 1687 2922 τινας
1708 2872 1766 2914 Ps

215 2936 268 2974 22
299 2932 430 2976 τούτε
461 2932 499 2975 Β
591 2937 646 2975 23
678 2933 1064 2989 θαυμαζομενους
1095 2931 1131 2973 Β

1413 3005 1502 3048 17*
