2004 3202
765 110 1187 156 ΔΗΜΟΣΘΕΝΗΣ
1701 109 1809 161 247

135 257 254 310 πῶς
298 245 435 299 αὐτὰ
485 246 569 298 δεῖ
621 244 905 313 λέγεσθαι,
955 247 1130 315 μόνον
1183 244 1249 298 οὐ
1304 245 1499 313 φωνὴν
1552 243 1812 313 ἀφιέντα·

138 335 407 388 (ἐνταῦθα
440 333 658 387 ἀστεῖον
687 330 838 402 ἦχον,
878 341 1046 387 ταῦτα
1078 331 1454 402 ἐσπευσμένως
1485 332 1616 401 εἰπέ,
1656 332 1803 385 ταῦτ’

138 421 611 491 ἀναβεβλημένως,
659 421 814 492 δευρὶ
855 421 906 475 δ’
953 422 1183 475 ἀπόλιπε
1227 422 1288 474 τὸ
1330 421 1574 490 συνεχές,
1623 420 1812 474 ἐνταυ-

137 517 236 564 θοῖ
285 510 534 573 σύναψον
588 512 653 563 τὰ
709 509 849 578 ἑξῆς,
904 511 1119 572 τούτοις
1174 510 1546 578 συνάλγησον,
1600 510 1813 562 τούτων

136 600 579 667 καταφρόνησον,
619 607 788 651 ταῦτα
828 598 1279 667 ἐκδειματώθητι,
1318 606 1488 651 ταῦτα
1528 599 1812 669 διάσυρον,
1859 615 1899 648 5.

47 700 163 740 1122
188 695 358 739 ταῦτα
381 686 671 755 αὕξησον’;
705 686 822 756 ἐμοὶ
847 685 948 756 μὲν
973 689 1135 741 δοκεῖ.
1177 686 1381 740 οὐκοῦν
1405 689 1555 740 ἔστιν
1581 685 1585 757 Ι
1606 686 1814 755 ἀλόγου

136 773 275 847 ζῴου
313 776 496 844 ψυχὴν
534 778 752 844 ἔχοντα,
800 780 1009 845 μᾶλλον
1048 773 1108 828 δὲ
1147 779 1318 829 λίθου
1355 776 1529 844 φύσιν
1566 777 1812 846 νωθράν,

136 863 494 932 ἀναίσθητον,
534 863 811 932 ἀκίνητον,
852 864 1064 932 ἀπαθῆ,
1104 865 1205 932 τὴν
1243 863 1643 933 Δημοσθένους
1680 882 1813 933 προ-

136 951 406 1022 φέρεσθαι
432 951 601 1016 λέξιν;
640 957 849 1006 πολλοῦ
882 973 942 1020 γε
973 951 1063 1005 καὶ
1097 954 1241 1022 δεῖν,
1281 951 1395 1006 ἐπεὶ
1426 954 1487 1006 τὸ
1520 954 1815 1006 κάλλιστον

135 1041 303 1109 αὐτῆς
341 1041 559 1109 ἀγαθὸν
597 1041 894 1109 ἀπολεῖται,
933 1042 994 1094 τὸ
1026 1049 1256 1110 πνεῦμα,
1295 1041 1385 1094 καὶ
1418 1038 1584 1094 οὐδὲν
1616 1043 1813 1094 διοίσει
1838 1058 1881 1089 10

135 1131 383 1199 σώματος
413 1134 586 1182 καλοῦ
618 1128 736 1198 μέν,
769 1129 1031 1198 ἀκινήτου
1065 1127 1125 1182 δὲ
1155 1129 1245 1182 καὶ
1277 1138 1492 1199 νεκροῦ.
1546 1129 1704 1183 πόλλ’
1745 1131 1814 1182 ἄν

133 1238 217 1279 τις
257 1219 333 1279 εἰς
364 1225 527 1270 τοῦτο
559 1219 620 1270 τὸ
653 1217 816 1287 μέρος
848 1220 1023 1271 εἰπεῖν
1055 1221 1186 1287 ἔχοι,
1218 1227 1316 1272 τοῦ
1349 1215 1409 1271 δὲ
1441 1219 1816 1287 συντάγματος

135 1307 329 1358 ἱκανὸν
377 1307 665 1374 εἰληφότος
714 1307 818 1374 ἤδη
872 1314 1041 1375 μῆκος
1091 1306 1263 1359 αὐτοῦ
1316 1325 1424 1360 που
1474 1314 1814 1359 καταπαῦσαι

134 1395 236 1463 χρὴ
289 1395 388 1446 τὸν
441 1397 632 1463 λόγον,
688 1394 864 1448 ἐκεῖνο
919 1397 998 1447 ἔτι
1051 1396 1120 1463 νὴ
1174 1398 1287 1447 Δία
1340 1404 1454 1457 τοῖς
1509 1394 1816 1464 εἰρημένοις

132 1483 610 1551 προσαποδόντας,
659 1483 741 1536 ὅτι
787 1483 963 1546 πάσας
1010 1485 1210 1552 ἔχουσα
1255 1485 1350 1546 τὰς
1397 1483 1590 1553 ἀρετὰς
1629 1483 1660 1551 ἡ
1702 1488 1816 1550 Δη-
1838 1498 1884 1531 15

132 1569 447 1638 μοσθένους
479 1570 620 1635 λέξις
652 1574 890 1624 λείπεται
923 1571 1295 1640 εὐτραπελίας,
1319 1571 1390 1639 ἣν
1421 1573 1474 1625 οἱ
1504 1571 1699 1625 πολλοὶ
1723 1583 1820 1624 καὲ

133 1663 294 1712 λοῦσι
334 1661 508 1730 χάριν.
554 1664 811 1713 πλεῖστον
849 1661 954 1729 γὰρ
994 1659 1162 1728 αὐτῆς
1199 1659 1407 1729 μετέχει
1445 1659 1608 1730 μέρος
1633 1682 1704 1710 **
1726 1682 1751 1710 *

250 1747 331 1800 Οὐ
393 1749 497 1818 γάρ
568 1766 683 1810 πως
751 1750 860 1817 ἅμα
921 1750 1099 1802 πάντα
1166 1747 1292 1802 θεοὶ
1363 1750 1537 1802 δόσαν
1597 1749 1817 1820 ἀνθρώ-

1194 1851 1406 1905 ποισιν,

134 1926 209 1986 ὡς
254 1923 344 1976 καὶ
398 1926 526 1987 τοὺς
583 1924 906 1994 ἀστεϊσμοὺς
951 1927 1094 1994 Ῠᾶμα
1149 1924 1209 1977 ἐν
1255 1934 1369 1988 τοῖς
1416 1925 1817 1994 Δημοσθένους
1842 1941 1884 1972 20

136 2015 336 2080 λόγοις.
399 2010 565 2065 οὐδὲν
610 2014 739 2081 γάρ,
787 2009 865 2066 ὧν
905 2012 1109 2083 ἑτέροις
1154 2011 1301 2066 τισὶν
1346 2015 1549 2066 ἔδωκεν
1588 2013 1817 2082 ἀγαθῶν

135 2101 166 2155 ὁ
208 2102 436 2170 δαίμων,
477 2100 664 2173 ἐκείνῳ
706 2101 1034 2170 ἐφθόνησεν.

249 2189 282 2242 ἃ
322 2188 387 2242 δέ
421 2209 481 2256 γε
515 2191 780 2258 Αἰσχίνης
817 2188 941 2257 περὶ
982 2189 1153 2243 αὐτοῦ
1191 2182 1392 2258 γράφει
1433 2198 1814 2257 συκοφαντῶν,
1831 2188 1903 2242 55

257 2324 310 2364 18
342 2319 567 2363 Homerus
600 2323 643 2363 Γ
668 2324 753 2363 320

255 2444 279 2481 ‘2
320 2438 503 2482 ἀστεῖον
543 2433 676 2495 ἦχον]
724 2438 906 2481 ἀστεῖον
955 2433 1080 2494 εἶχον
1112 2437 1159 2480 Μ
1220 2444 1524 2492 παρεντεῖνον
1573 2437 1654 2482 τὸν
1702 2432 1817 2495 ἦχον

136 2497 376 2552 Hammer,
422 2497 505 2540 alii
546 2496 641 2539 alia
684 2499 688 2553 Ι
732 2493 1015 2552 ἐσπεσμένως
1039 2497 1074 2539 Ρ
1116 2498 1121 2553 Ι
1165 2496 1214 2540 τὸ
1256 2494 1441 2555 συνεχὲς
1482 2495 1532 2540 ἐν
1571 2499 1678 2553 post
1718 2494 1816 2540 εἰπὲ

138 2555 302 2599 inserit
333 2555 369 2598 B
492 2562 517 2600 6
551 2557 722 2599 οὐκοῦν
758 2554 899 2621 ἔστιν]
933 2556 1015 2599 οὐκ
1051 2554 1224 2599 ἔνεστιν
1255 2555 1437 2599 MBPv
1567 2561 1592 2598 9
1624 2557 1724 2600 δεῖν
1756 2556 1815 2600 B:

138 2616 212 2658 δεῖ
239 2614 370 2658 MPv
456 2619 509 2658 10
543 2612 706 2659 διοίσει
731 2614 791 2669 Μ,
818 2614 853 2656 Β
886 2629 935 2657 1n
966 2629 1064 2670 mg:
1098 2614 1245 2669 διήσει
1269 2615 1304 2658 Ρ
1337 2614 1508 2670 δειήσει
1534 2614 1570 2656 Β
1603 2614 1652 2657 in
1683 2616 1818 2658 textu

258 2678 309 2716 11
336 2671 612 2730 ἀκίνητονΒ
641 2677 646 2729 Ι
674 2670 802 2717 πόλλ’
826 2672 905 2731 ἄν]
923 2672 1067 2717 πολλὰ
1084 2673 1264 2717 MBPv
1327 2679 1380 2716 12
1407 2675 1514 2731 [τ]ις
1531 2687 1635 2717 cum
1651 2673 1813 2732 rasM{

141 2731 237 2790 ἔχοι
260 2731 499 2776 Reiskius:
528 2732 617 2790 ἔχει
645 2735 650 2789 Ι
679 2730 814 2787 μέρος
838 2731 887 2774 in
911 2746 989 2787 mg
1013 2746 1114 2775 corr
1137 2732 1174 2774 B
1297 2737 1350 2776 16
1381 2730 1681 2787 εὐτραπελίας
1714 2731 1816 2788 Syl-

139 2790 351 2847 burgius:
394 2790 715 2847 εὐτραπελείας
743 2796 747 2847 Ι
777 2789 1024 2847 σημείωσαι
1055 2791 1104 2834 in
1135 2806 1214 2848 mg
1245 2791 1281 2834 B
1310 2793 1315 2848 Ι
1343 2792 1476 2835 πολοὶ
1501 2792 1537 2834 Ρ
1647 2796 1699 2834 17
1732 2792 1818 2833 αὐ-

138 2851 236 2908 τῆς]
261 2851 419 2901 αὐτοῖς
442 2851 478 2893 Β
507 2856 513 2906 Ι
540 2851 589 2894 in
612 2850 744 2894 libris
770 2849 899 2893 nulla
923 2849 1091 2893 lacuna
1119 2852 1124 2907 Ι
1152 2851 1447 2905 ἀνθρώποισι
1472 2850 1546 2893 Pv
1641 2854 1694 2892 20
1722 2848 1816 2904 ἅμα

142 2907 211 2965 ἔν]
244 2906 520 2953 ἀναίνονται
552 2910 727 2953 Usener
