2004 3202
179 124 285 176 228
605 123 946 168 ΔΙΟΝΤΣΙΟΤ
975 123 1440 166 ΑΛΙΚΑΡΝΑΣΕΩΣ

177 255 319 312 εἶναι
356 260 457 327 τὴν
494 260 691 328 μικτὴν
730 259 1020 325 σύνθεσιν,
1067 257 1236 328 ταύτῃ
1276 254 1337 310 δὲ
1373 259 1680 328 κεχρῆσθαί
1713 278 1853 327 φημι

176 348 275 400 τὸν
334 346 706 417 Δημοσθένην
767 346 1023 398 ἁπάντων
1084 346 1418 416 μετριώτατα
1481 356 1591 399 τῶν
1653 347 1851 415 ἄλλων,

179 435 448 498 ἐπιτάσεις
487 433 548 488 δὲ
578 434 667 487 καὶ
700 433 910 495 ἀνέσεις
942 432 1263 501 ἀξιολόγους
1294 433 1354 487 ἐν
1386 434 1521 505 αὐτῇ
1553 441 1853 503 ποιεῖσθαι,

177 521 299 577 τοτὲ
337 521 438 593 μὲν
470 521 990 592 ἀξιωματικωτέραν,
1028 518 1150 574 τοτὲ
1181 520 1233 574 δ’
1273 522 1706 593 εὐπρεπεστέραν
1735 541 1854 603 πορ-

133 628 155 660 5
180 619 348 665 οῦντα
386 612 486 679 τὴν
525 610 761 678 ἀγωγήν,
799 612 858 662 τί
891 611 960 677 δή
998 627 1130 662 ποτε
1167 612 1502 679 βουλόμενος
1534 611 1598 664 οὐ
1629 613 1855 681 πορεύε-

177 720 267 752 ται
312 702 443 769 μίαν
496 697 600 751 αἰεὶ
646 696 736 750 καὶ
782 698 883 765 τὴν
931 697 1106 765 αὐτὴν
1153 697 1308 763 ὁδόν;
1361 697 1452 751 καὶ
1498 700 1559 751 τὸ
1609 698 1668 752 ἑν
1716 702 1855 772 τῷδε

178 788 211 856 ἢ
244 789 381 859 τῷδε
404 787 719 850 πλεονάζειν
742 776 1039 856 χαρακτῆρι
1062 789 1243 849 ποίοις
1274 785 1420 839 τισὶν
1444 787 1609 858 ὁρίζει
1638 791 1855 854 κανόσι;

180 878 329 930 δοκεῖ
379 877 447 943 δή
496 895 589 943 μοι
641 874 806 943 φύσει
853 893 911 926 τε
959 873 1050 926 καὶ
1101 877 1264 946 πείρᾳ
1314 873 1599 944 διδαχθεὶς
1645 875 1674 928 ὁ
1715 875 1853 947 ἀνὴρ

181 975 396 1035 πρῶτον
434 960 534 1032 μὲν
574 961 748 1015 ἐκεῖνο
795 968 1158 1032 καταμαθεῖν,
1207 963 1291 1016 ὅτι
1330 962 1431 1031 οὐχ
1469 963 1659 1032 ὁμοίας
1697 963 1855 1017 ἀπαι-

112 1071 155 1102 10
178 1061 334 1106 τοῦσι
371 1052 704 1113 κατασκευὰς
750 1049 941 1114 λέξεως
980 1052 1033 1104 οἱ
1070 1052 1208 1121 πρὸς
1253 1052 1349 1114 τὰς
1394 1052 1728 1122 πανηγύρεις
1764 1051 1855 1106 καὶ

179 1142 375 1210 σχολὰς
422 1139 747 1210 συρρέοντες
800 1141 953 1208 ὄχλοι
998 1147 1114 1202 τοῖς
1159 1141 1237 1202 εἰς
1289 1141 1355 1192 τὰ
1402 1141 1722 1211 δικαστήρια
1766 1140 1857 1194 καὶ

177 1232 271 1292 τὰς
304 1229 587 1298 ἐκκλησίας
626 1228 958 1297 ἀπαντῶσιν,
998 1226 1119 1282 ἀλλ’
1160 1231 1217 1281 οἳ
1251 1225 1352 1297 μὲν
1390 1228 1596 1297 ἀπάτης
1635 1227 1856 1299 ὀρέγον-

176 1338 263 1370 ται
302 1316 392 1370 καὶ
430 1320 800 1386 ψυχαγωγίας,
841 1319 898 1369 οἳ
927 1314 987 1369 δὲ
1020 1318 1265 1386 διδαχῆς,
1297 1313 1376 1370 ὧν
1408 1317 1734 1386 ἐπιζητοῦσι,
1765 1317 1857 1371 καὶ

178 1407 455 1476 ὠφελείας.
533 1407 658 1458 οὔτε
705 1406 771 1473 δὴ
818 1406 916 1458 τὸν
962 1405 1022 1458 έν
1076 1407 1448 1476 δικαστηρίοις
1501 1408 1669 1473 λόγον
1723 1404 1855 1477 ᾤετο

114 1512 154 1544 15
179 1497 297 1548 δεῖν
341 1498 628 1547 κωτίλλειν
673 1492 763 1546 καὶ
803 1497 1106 1561 λιγαίνειν,
1163 1495 1289 1547 οὔτε
1341 1495 1440 1547 τὸν
1494 1493 1856 1547 ἐπιδεικτικὸν

179 1584 390 1653 αὐχμοῦ
444 1584 643 1652 μεστὸν
696 1578 838 1634 εἶναι
890 1580 980 1634 καὶ
1036 1585 1217 1635 πίνου.
1292 1584 1702 1653 πανηγυρικοὺς
1755 1580 1856 1652 μὲν
1990 1626 1993 1638 .

180 1668 282 1724 οὖν
321 1673 519 1739 λόγους
557 1670 658 1723 οὐκ
689 1672 883 1738 ἔχομεν
917 1670 922 1737 Ι
958 1669 1128 1723 αὐτοῦ
1159 1669 1559 1740 παρασχέσθαι·
1597 1672 1804 1733 πάντας
1830 1685 1942 1725 1095
1988 1650 1994 1753 ⁴!

179 1761 283 1829 γὰρ
330 1761 499 1826 ἔγωγε
545 1760 673 1820 τοὺς
719 1757 1162 1828 ἀναφερομένους
1210 1760 1287 1821 εἰς
1325 1759 1495 1812 αὐτὸν
1533 1758 1857 1829 ἀλλοτρίους
1987 1757 1993 1807 3

180 1843 322 1899 εἶναι
381 1849 644 1917 πείθομαι
703 1845 793 1898 καὶ
849 1843 979 1899 οὐδὲ
1038 1848 1172 1899 κατὰ
1226 1848 1424 1917 μικρὸν
1477 1849 1699 1916 ἔχοντας
1759 1849 1857 1900 τὸν

114 1953 157 1984 20
182 1934 393 1987 ἐκείνου
425 1942 735 2004 χαρακτῆρα
767 1933 881 1987 οὔτ’
923 1934 982 1987 ἐν
1013 1944 1127 1997 τοῖς
1156 1937 1427 2004 νοήμασιν
1460 1933 1611 2002 (οὔτ’
1651 1935 1712 1988 ἐν
1742 1943 1857 1998 τοῖς

180 2022 462 2092 ὀνόμασι),
501 2031 595 2090 τῆς
635 2019 695 2074 δὲ
735 2022 1046 2086 συνθέσεως
1086 2024 1193 2095 ὅλῳ
1232 2022 1322 2076 καὶ
1361 2031 1436 2095 τῷ
1473 2022 1636 2076 παντὶ
1676 2028 1855 2077 λειπο-

180 2109 392 2179 μένους.
470 2106 548 2164 ὧν
595 2110 744 2163 ἐστιν
792 2112 820 2164 ὅ
867 2131 924 2164 τε
970 2113 1229 2182 φορτικὸς
1274 2111 1364 2165 καὶ
1409 2113 1567 2174 κενὸς
1603 2111 1694 2165 καὶ
1731 2131 1855 2165 παι-

181 2200 454 2268 δαριώδης
516 2197 801 2268 ἐπιτάφιος
861 2197 951 2251 καὶ
1012 2201 1072 2252 τὸ
1134 2207 1233 2252 τοῦ
1299 2208 1621 2269 σοφιστικοῦ
1681 2203 1854 2271 λήρου

181 2289 379 2355 μεστὸν
419 2287 687 2355 ἐγκώμιον
726 2289 802 2349 εἰς
843 2291 1182 2340 Παυσανίαν.
1250 2290 1345 2351 τὰς
1384 2286 1445 2341 δὲ
1482 2287 1606 2359 περὶ
1644 2290 1856 2342 τούτων

1991 1479 1996 1514 ,ῑ

302 2450 474 2487 22-24
517 2446 566 2488 cf
591 2446 791 2490 Bekkeri
825 2461 875 2491 or
914 2449 985 2491 att
1015 2447 1079 2490 IV
1109 2463 1139 2504 p
1167 2452 1204 2504 7,
1231 2452 1285 2491 29
1326 2447 1580 2504 (Demosth.
1615 2448 1685 2492 ed.
1718 2447 1851 2490 Blass

183 2502 203 2545 I
234 2518 264 2558 p
296 2507 368 2559 53)
399 2503 531 2547 Phot.
565 2504 678 2549 bibl.
712 2521 754 2561 p.
781 2510 891 2549 492²
917 2511 972 2549 25

305 2625 326 2663 1
346 2620 508 2678 ταύτῃ]
523 2621 707 2677 τήντηΡ
761 2628 788 2665 4
805 2621 924 2681 τοτὲ]
938 2621 1061 2674 τοςτὲ
1079 2624 1116 2667 Β
1172 2629 1197 2667 6
1215 2623 1361 2679 αὐτὴν
1379 2637 1454 2666 om
1469 2623 1505 2666 P
1560 2628 1583 2666 7
1599 2621 1626 2678 ἢ
1644 2630 1734 2667 τῶν
1751 2621 1800 2666 δὲ
1815 2623 1851 2666 Β

304 2683 355 2721 11
391 2678 555 2730 σπολὰς
571 2680 652 2723 ΒΡ
681 2683 686 2735 Ι
716 2680 984 2736 συραέοντες
1008 2683 1044 2726 Ρ
1116 2688 1168 2726 12
1208 2689 1441 2727 παντῶσιν
1466 2682 1503 2724 Β
1567 2686 1619 2723 13
1653 2681 1851 2725 alterum

184 2737 264 2782 καὶ
294 2737 366 2780 bis
392 2738 427 2779 P
514 2743 567 2780 14
600 2738 720 2796 οὔτε]
755 2738 862 2783 οὐδὲ
887 2756 917 2784 V
945 2743 949 2798 Ι
978 2738 1088 2800 ᾤετο
1142 2741 1267 2799 ὤςζτε
1291 2741 1327 2783 Β
1413 2744 1466 2783 17
1497 2741 1679 2795 παραδε
1703 2756 1852 2796 παρα-

185 2794 380 2854 σχέσθαι
410 2796 446 2838 Β
555 2801 607 2840 18
642 2799 783 2841 αὐτοῦ
819 2799 882 2848 εἰς
913 2800 1055 2844 αὐτὸν
1158 2801 1240 2843 sed
1270 2801 1412 2843 αὐτοῦ
1451 2801 1615 2854 postea
1649 2799 1853 2843 deletum

186 2858 257 2899 est
355 2860 410 2898 20
443 2856 639 2911 νοήμασι
671 2856 780 2899 libri
808 2859 812 2914 Ι
842 2856 941 2901 οὔτ’
980 2858 1029 2903 ἐν
1061 2866 1156 2909 τοῖς
1188 2858 1380 2914 ὀνόμασι
1411 2858 1505 2900 add
1535 2857 1751 2901 Reiskius

186 2918 242 2957 22
275 2912 519 2971 σημείωσαι
552 2929 652 2958 corr
682 2915 719 2957 B
752 2916 800 2959 in
830 2930 909 2972 mg
1029 2922 1083 2960 23
1115 2918 1195 2961 καὶ
1224 2917 1301 2967 τὸς
1332 2923 1439 2960 οῦτο
1470 2916 1519 2960 τὸ
1552 2923 1633 2960 τοῦ
1666 2918 1701 2959 Ρ
