2004 3202
1901 0 1990 95 ’Ἢ

170 138 275 190 308
594 138 935 182 ΔΙΟΝΤΣΙΟΤ
965 137 1432 180 ΑΛΙΚΑΡΝΑΣΕΩΣ
1913 153 1915 157 ·
1972 101 1989 264 ξ

169 275 404 342 κυδίὸην
444 277 643 342 ζηλοῦν
682 272 934 340 λέγοντες
971 270 1064 323 καὶ
1101 272 1162 323 τὸ
1202 267 1302 339 μὲν
1341 271 1571 324 εὔτονον
1608 269 1698 323 καὶ
1731 285 1846 324 στε-

173 363 301 431 ρεὸν
353 360 444 414 καὶ
499 362 684 414 δεινὸν
736 359 827 413 καὶ
881 361 946 411 τὰ
999 359 1216 421 τούτοις
1266 359 1427 428 ὅμοια
1473 364 1717 428 χαλεπῶς
1765 359 1848 412 ἐκ-

172 452 559 519 λαμβάνοντες,
598 451 727 511 τοὺς
765 446 826 501 δὲ
866 452 1282 516 σολοικοφανεῖς
1321 450 1724 517 σχηματισμοὺς
1757 447 1847 500 καὶ

172 540 232 591 τὸ
297 535 503 607 ἀσαφὲς
561 528 1053 607 προχειριζόμενοι,
1114 537 1263 588 πάνυ
1324 535 1558 606 εὐχερῶς
1611 535 1681 588 ἂν
1735 536 1851 590 ἁλί-

128 645 149 676 5
172 642 391 680 σκοιντο
433 626 490 679 ἐκ
522 627 720 679 τούτου
752 632 850 677 τοῦ
882 623 1344 694 παραγγέλματος.
1412 625 1485 686 ὥς
1518 623 1618 694 πέρ
1659 645 1720 692 γε
1758 623 1849 677 καὶ

174 714 262 768 ἐπὶ
308 726 419 768 τῶν
467 716 715 785 ῥητόρων
754 714 807 766 οἱ
846 709 947 781 μὲν
978 712 1296 783 Ὑπερείδην
1334 713 1685 782 μιμούμενοι,
1733 715 1851 766 δια-

173 807 468 874 μαρτόντες
522 811 615 871 τῆς
668 788 899 872 χάριτος
939 800 1147 869 ἐκείνης
1192 799 1283 853 καὶ
1329 808 1423 868 τῆς
1470 803 1637 870 ἄλλης
1684 803 1851 854 δυνά-

173 914 330 962 μεως,
370 892 645 961 αὐχμηροί
671 910 815 952 τινες
848 889 1119 958 ἐγένοντο,
1160 882 1268 942 οἷοι
1299 892 1558 957 γεγόνασι
1581 889 1850 943 Ῥοδιακοὶ

175 983 398 1052 ῥήτορες
438 981 490 1032 οἱ
529 977 654 1049 περὶ
685 977 1022 1047 Ἀρταμένην
1059 977 1150 1030 καὶ
1177 977 1527 1048 Ἀριστοκλέα
1556 977 1646 1031 καὶ
1683 981 1851 1031 Φιλά-
1984 1039 1986 1043 y

109 1089 150 1119 ιο
174 1091 335 1140 γριον
392 1067 482 1121 καὶ
535 1070 804 1120 Μόλωνα·
852 1069 904 1120 οἱ
951 1066 999 1119 δ’
1045 1065 1363 1136 Ἰσοκράτην
1415 1065 1506 1119 καὶ
1559 1068 1625 1119 τὰ
1660 1067 1665 1135 ἱ
1700 1066 1835 1120 Ἰσο-
1854 1083 1938 1122 646
1984 1092 1986 1097 ·

1982 605 1989 659 ἐ

1984 662 1989 669 .

172 1160 405 1228 κράτους
444 1157 915 1210 ἀποτυπώσασθαι
945 1158 1279 1224 θελήσαντες
1309 1155 1496 1208 ὕπτιοι
1526 1154 1616 1208 καὶ
1648 1154 1851 1225 ψυχροὶ

173 1246 262 1299 καὶ
302 1246 643 1316 ἀσύστροφοι
682 1244 774 1297 καὶ
821 1244 1140 1312 ἀναληθεῖς·
1188 1240 1341 1297 οὗτοι
1382 1243 1430 1296 δ’
1470 1243 1611 1296 εἰσὶν
1643 1243 1852 1314 οἱπερὶ

182 1339 411 1404 Τίμαιον
449 1333 540 1387 καὶ
588 1335 797 1386 Ψάωνα
835 1332 925 1385 καὶ
966 1332 1305 1401 Σωσιγένην.
1368 1334 1420 1386 οἱ
1460 1330 1522 1385 δὲ
1560 1332 1852 1401 Δημοσθέ-

174 1444 279 1492 νην
323 1423 803 1492 προχειρισάμενοι
841 1420 932 1474 καὶ
971 1423 1067 1484 τὰς
1106 1421 1300 1491 ἀρετὰς
1338 1422 1434 1483 τὰς
1474 1420 1686 1474 ἐκείνου
1726 1422 1852 1473 διώ-

110 1530 151 1562 15
175 1532 363 1574 κοντες
396 1518 491 1578 τῆς
522 1507 622 1579 μὲν
651 1509 1019 1580 προαιρέσεως
1050 1509 1208 1562 ἕνεκα
1239 1508 1606 1579 ἐπῃνέθησαν,
1647 1508 1711 1562 οὐ
1744 1510 1852 1577 μὴν

177 1606 409 1669 ἴσχυσαν
454 1600 520 1651 τὰ
565 1599 825 1667 κράτιστα
863 1607 975 1650 τῶν
1014 1597 1228 1650 ἐκείνου
1267 1605 1366 1650 τοῦ
1406 1597 1635 1667 ῥήτορος
1674 1599 1852 1667 ἔργων

177 1691 379 1756 λαβεῖν.
455 1687 666 1739 τούτων
713 1688 940 1755 ἄριστον
988 1688 1057 1739 ἄν
1102 1707 1184 1748 τις
1228 1689 1356 1754 θείη
1403 1687 1501 1738 τὸν
1540 1689 1853 1756 Δείναρχον

177 1775 452 1844 γενέσθαι.
528 1778 767 1827 λείπεται
815 1772 875 1827 δὲ
914 1774 1316 1843 Δημοσθένους
1360 1776 1495 1827 κατὰ
1534 1772 1707 1843 <μὲν>
1753 1775 1854 1842 τὴν

179 1865 410 1932 ἐκλογὴν
448 1873 559 1916 τῶν
591 1864 877 1932 ὀνομάτων
907 1872 971 1933 τῇ
1006 1865 1294 1931 δεινότητι,
1333 1864 1469 1916 κατὰ
1501 1861 1561 1916 δὲ
1592 1865 1693 1931 τὴν
1724 1865 1853 1916 σύν-

111 1972 153 2003 20
176 1958 339 2005 θεσιν
393 1961 456 2022 τῇ
510 1943 756 2023 ποικιλία
809 1962 919 2004 τῶν
974 1953 1262 2021 σχημάτων
1314 1950 1405 2004 καὶ
1459 1960 1522 2022 τῇ
1572 1951 1853 2022 ἐξαλλαγῇ,

176 2043 311 2093 κατὰ
350 2038 411 2093 δὲ
449 2042 551 2108 τὴν
589 2040 808 2110 εὕρεσιν
847 2050 958 2093 τῶν
998 2040 1429 2110 ἐπιχειρημάτων
1467 2047 1542 2111 τῷ
1581 2042 1652 2109 μὴ
1691 2042 1854 2093 καινὰ

177 2128 266 2182 καὶ
305 2129 586 2199 παράδοξα
627 2130 926 2197 λαμβάνειν
965 2129 1103 2182 ἀλλὰ
1143 2130 1355 2198 φανερὰ
1390 2126 1479 2180 καὶ
1511 2128 1572 2181 ἐν
1602 2135 1677 2200 τῷ
1708 2127 1852 2200 μέσῳ

177 2221 419 2286 κείμενα,
466 2219 600 2270 κατὰ
647 2214 707 2270 δὲ
753 2219 854 2285 τὴν
902 2220 1222 2286 οἰκονομίαν
1267 2226 1331 2287 τῇ
1371 2216 1516 2280 τάξει
1554 2215 1644 2269 καὶ
1681 2214 1685 2286 Ι
1722 2225 1839 2278 ταῖς
1857 2231 1941 2270 647

181 2406 210 2449 S
300 2352 353 2390 10
402 2347 630 2392 Μόλωναε
681 2346 957 2399 διδάσκαλος
1004 2344 1137 2398 οὗτος
1182 2344 1445 2402 Κικέρωνος
1490 2353 1571 2390 τοῦ
1613 2344 1852 2401 Ῥωμαίου.

214 2422 406 2449 (1110111οΝ

298 2527 325 2564 4
358 2529 383 2565 5
431 2521 491 2567 ἂν
531 2522 811 2595 ἁλισκοιντο]
855 2521 1201 2579 ἀνευρίσκοιντο
1241 2523 1276 2566 F
1346 2521 1406 2567 ἂν
1446 2519 1732 2577 εὑρίσκοιντο
1774 2522 1854 2566 Sa—

183 2582 325 2625 daeus
471 2586 496 2623 8
536 2580 657 2632 τινὲς
689 2583 723 2624 F
752 2584 756 2638 Ι
786 2582 1030 2639 ’γεγόνασιν
1070 2582 1115 2626 οἱ
1147 2581 1420 2638 Sylburgius
1551 2585 1605 2623 10
1646 2580 1856 2624 scholion

182 2641 231 2683 in
261 2655 341 2695 mg
371 2654 534 2683 manus
567 2655 643 2683 rec
676 2641 926 2697 adscripsit
1047 2647 1099 2685 11
1140 2641 1240 2699 καὶ]
1272 2659 1332 2685 κα
1363 2640 1417 2683 111
1442 2653 1517 2682 ras
1550 2639 1584 2681 F
1709 2644 1761 2682 12
1794 2641 1854 2684 ἀν

183 2700 376 2765 ἀληθεῖς
408 2699 463 2743 F:
500 2713 600 2742 corr
631 2715 677 2741 m
708 2714 782 2743 rec
844 2702 1068 2751 ἀναλθεῖς
1100 2700 1142 2744 ci
1173 2698 1475 2743 Ruhnkenius
1505 2700 1510 2755 Ι
1539 2697 1583 2741 οἱ
1614 2699 1719 2754 περὶ
1749 2698 1854 2742 Vie-

183 2755 498 2811 13011118ιὺπερ
525 2758 558 2799 F
709 2764 761 2800 13
803 2757 978 2803 Ψάωνα
1002 2759 1325 2803 Ruhnkenius:
1369 2756 1585 2801 πλάτωνα
1611 2757 1645 2799 F
1675 2760 1679 2813 Ι
1710 2760 1855 2801 Σωσι-

183 2814 343 2889 γένην]
371 2814 574 2860 Σωσίλον
600 2817 640 2858 Α
666 2816 937 2860 Sohaeferus
970 2817 1432 2873 0011.P01yb.11120
1526 2822 1580 2859 14
1611 2831 1855 2873 περιχειρι-

186 2874 375 2930 σάμενοι
400 2875 455 2920 F:
489 2889 589 2918 corr
622 2875 894 2931 Sylburgius
980 2881 1033 2919 18
1059 2874 1142 2932 μὲν
1175 2876 1268 2919 add
1293 2874 1565 2931 Sylburgius
1665 2879 1720 2918 20
1752 2890 1855 2918 ποι-

185 2932 331 2994 κιλλίᾳ
365 2935 399 2977 F
522 2939 576 2977 22
609 2932 861 2992 λαμβάνειν
894 2935 927 2976 F
983 2949 1039 2978 ex
1071 2934 1259 2990 φαίνειν
1291 2938 1343 2978 ut
1374 2933 1561 2977 uidessur
