2004 3202
646 153 791 194 ΠΕΡΙ
820 151 1168 195 ΔΕῙΝΑΡΧΟΤ
1657 150 1764 202 319

86 290 314 342 στασίου
374 286 643 354 ἀπολογία
697 287 956 358 Αἰσχύλῳ
1013 286 1150 356 πρὸς
1205 284 1557 354 Ξενοφῶντα·
1619 285 1765 354 εχρή-

86 381 292 431 σασθαι
330 373 448 444 μέν,
488 372 530 428 ὦ
571 376 803 445 ἄνδρεςῖ
863 377 1019 428 Κατὰ
1056 377 1389 428 Καλλίππου
1426 375 1765 442 μεταλλικός·

86 466 190 520 εὅτι
242 464 366 534 μέν,
421 461 463 517 ὦ
518 464 740 534 ἄνδρες,
786 464 1143 526 Κάλλιπποςῖ
1219 459 1376 532 Ὑπὲρ
1423 463 1765 529 υἱοποιήτου,

84 555 196 608 ἔδει
244 551 292 606 δ’
332 552 740 622 ἐπιγεγράφθαι
780 549 959 622 “Τπὲρ
1004 553 1322 621 Θεοδώρου,
1369 541 1453 603 δυ’
1474 549 1764 618 ἐποιήσατο

84 644 211 696 υἱὸν
234 641 566 711 Ἀρχεφῶν’·
607 641 933 710 ςβουλοίμην
957 642 1043 709 ἄν,
1067 638 1110 694 ὦ
1143 641 1358 710 ἄνδρες,
1389 640 1570 709 ὥσπερ
1594 640 1766 692 καλὸν
1809 658 1830 690 5

19 751 21 753 ’
82 730 174 786 καὶ
213 729 466 784 δίκαιον.’
539 727 681 798 Περὶ
720 737 820 782 τοῦ
851 727 1228 798 Ἀρχεφῶντος
1264 730 1494 798 κλήρου·
1534 726 1644 780 (καὶ
1683 729 1765 781 δί-

19 845 21 849 ·
83 839 242 873 καιον
281 814 422 871 εἶναι
462 817 732 886 νομίζων.’

467 993 813 1047 Ἰδιωτικοὶ
854 995 1395 1064 ψευδεπίγραφοι.

197 1099 352 1168 Πρὸς
384 1097 591 1150 Πεδιέα
620 1100 978 1167 παραγραφή·
1015 1097 1168 1150 (κατὰ
1199 1098 1298 1150 τὸν
1328 1099 1502 1166 νόμον
1532 1099 1766 1151 τοῦτον.’
1786 1103 1854 1156 13

4 1199 81 1267 ffb
99 1184 260 1250 οὗτος
293 1186 321 1239 ὁ
355 1189 517 1254 λόγος
549 1191 759 1256 εἴρηται
792 1184 879 1239 ἐπὶ
903 1185 1303 1263 Ἀριστοδήμου
1335 1187 1616 1255 ἄρχοντος,
1652 1186 1657 1256 Ι
1693 1188 1766 1250 ὡς
1790 1206 1832 1237 10

4 1274 9 1290 ³
84 1275 138 1340 ἐξ
185 1275 357 1329 αὐτοῦ
403 1283 503 1328 τοῦ
550 1278 720 1343 λόγου
766 1278 976 1342 γίνεται
1023 1275 1207 1342 δῆλον.
1292 1276 1345 1328 οἱ
1390 1272 1491 1343 μὲν
1536 1277 1640 1345 γὰρ
1689 1266 1799 1338 εἰς’

4 1401 22 1428 ·.
83 1366 280 1434 Σάμον
325 1362 718 1426 ἀποσταλέντες
762 1367 1060 1433 κληροῦχοι
1106 1365 1241 1416 κατὰ
1286 1371 1487 1416 τοῦτον
1531 1364 1630 1416 τὸν
1671 1365 1765 1434 ἄρ-

83 1473 250 1522 χοντα
296 1452 700 1520 ἀπεστάλησαν,
756 1452 829 1514 ὡς
879 1454 1184 1521 Φιλόχορος
1230 1451 1291 1505 ἐν
1335 1461 1454 1514 ταῖς
1502 1454 1766 1523 ἱστορίαις

34 1543 37 1545 ’
83 1540 242 1610 λέγει.
334 1542 642 1610 Δείναρχος
703 1538 751 1593 δ’
806 1541 958 1593 οὔπω
1013 1539 1243 1594 δέκατον
1297 1543 1416 1603 ἔτος
1469 1547 1766 1609 τηνικαῦτα

83 1625 206 1698 εἶχε.
276 1630 431 1699 Πρὸς
468 1631 878 1699 Μελήσανδρον
915 1626 1054 1700 ὑπερ
1094 1637 1189 1697 τῆς
1226 1632 1602 1699 τριηραρχίας·
1643 1629 1766 1682 ὥσ·
1791 1647 1831 1680 15

43 1752 45 1754 -
82 1736 183 1789 περ
229 1719 282 1771 οἱ
321 1720 483 1787 νόμοι
520 1719 879 1772 κελεύουσιν]
956 1714 1022 1771 οὗ
1063 1717 1133 1770 ἂν
1171 1718 1200 1771 ὁ
1240 1721 1403 1786 λόγος
1442 1759 1600 1771 .....
1641 1717 1757 1771 ἀλλ’

17 1795 26 1850 *f
82 1806 112 1860 ὁ
159 1827 261 1875 μεν
305 1806 483 1874 λέγων
527 1808 601 1870 ὡς
647 1806 734 1860 ἐπὶ
774 1810 1048 1869 Μόλωνος
1095 1809 1360 1877 άρχοντος
1398 1805 1767 1876 γεγενημένου

15 1941 21 1953 .,
82 1903 182 1948 τοῦ
244 1895 574 1964 ἀδικήματος
633 1904 870 1948 ποιεῖται
924 1897 1022 1948 τὸν
1075 1898 1258 1963 λόγον.
1350 1894 1523 1964 φησὶν
1576 1892 1637 1947 δε
1690 1902 1766 1967 τῷ

14 1986 38 2044 ,ἶ
81 1982 294 2055 ὑστέρῳ
333 1986 440 2036 ἔτει
479 1985 708 2037 εἰσιέναι
737 1985 836 2037 τὸν
866 1983 1051 2051 ἀγῶνα
1084 1983 1171 2037 ἐπὶ
1203 1986 1539 2053 Νικοφήμου
1570 1985 1766 2053 ἄρχον-

14 2101 55 2147 4⁷
83 2091 200 2140 τος,
255 2070 380 2124 καθ’
438 2071 504 2124 ὃν
557 2072 864 2141 εὑρίσκεται
918 2077 1314 2140 γεγεννημένος
1359 2072 1388 2126 ὁ
1443 2075 1764 2141 Δείναρχος.
1789 2091 1831 2122 20

85 2162 240 2230 Πρὸς
294 2161 543 2213 Βοιωτὸν
603 2157 742 2229 ὑπὲρ
798 2167 896 2212 τοῦ
952 2160 1240 2229 ὀνόματος·
1304 2160 1555 2231 (οὐδεμιᾷ
1607 2165 1765 2228 φιλο-

83 2249 480 2319 πραγμοσύνῃ.’
556 2249 604 2301 εἰ
650 2246 739 2300 καὶ
780 2249 852 2316 μὴ
892 2257 1006 2310 τοῖς
1045 2249 1232 2310 ἄλλοις
1271 2249 1324 2300 οἱ
1363 2248 1765 2317 Δημοσθένους

204 2399 258 2437 21
290 2393 626 2438 Demosthenes
659 2406 722 2436 or.
756 2392 947 2435 XXXIX

204 2547 229 2584 2
261 2538 533 2585 Καλλίππου
564 2539 795 2584 Blassius:
828 2537 1054 2595 φιλίππου
1160 2543 1187 2582 3
1234 2538 1501 2591 Κάλλιππος
1533 2541 1594 2583 ad
1630 2553 1764 2596 prae-

18 2598 60 2671 23*
86 2600 293 2644 cedentis
327 2614 389 2644 or.
421 2599 611 2643 initium
635 2598 851 2643 Reiskius
876 2598 1041 2643 traxit:
1074 2601 1293 2650 καλλιπος
1323 2597 1439 2655 ὑπὲρ
1471 2599 1506 2642 F
1590 2605 1617 2643 4
1649 2599 1764 2643 ὑπο--

28 2647 357 2740 ἲγεγράφθαι
388 2659 445 2703 F.
489 2673 591 2703 corr
615 2657 889 2714 Sylbuxgius
933 2659 938 2714 Ι
981 2654 1097 2713 ὑπὲρ
1129 2671 1185 2702 ex
1215 2658 1306 2702 ὑπὸ
1339 2658 1397 2702 F¹
1548 2663 1602 2702 13
1636 2658 1763 2714 φιλό-

46 2733 231 2784 χωρος
261 2718 318 2764 F:
358 2732 460 2762 corr
492 2716 805 2774 Sylburgiana
926 2721 980 2760 16
1011 2716 1146 2774 λόγος
1177 2731 1234 2761 ex
1264 2717 1407 2773 νόμος
1438 2717 1496 2760 F1
1524 2719 1529 2774 Ι
1564 2717 1762 2761 lacunae

42 2778 58 2833 ζ
87 2774 222 2833 signa
260 2777 491 2833 Sauppius
539 2775 726 2820 addidit
773 2775 1047 2831 suppletque
1096 2775 1188 2832 εἴη,
1237 2777 1321 2821 οὐκ
1371 2776 1455 2850 ἔχω
1494 2774 1644 2832 λέγειν

90 2838 143 2877 19
176 2834 264 2879 ἔτει
296 2834 488 2880 εἰσιέναι
517 2835 598 2879 τὸν
630 2835 789 2891 ἀγῶνα
813 2834 1051 2880 Reiskius:
1085 2811 1337 2879 ἐπεισιέναι
1364 2836 1445 2879 τὸν
1469 2834 1701 2891 ἀγάθωνα
1727 2835 1761 2877 F

89 2896 141 2936 21
176 2898 231 2937 22
265 2895 459 2950 οὐδεμιᾶ
490 2894 900 2952 φιλοπραγμοσύνῃ
931 2893 1060 2939 Dem.
1095 2908 1158 2938 or
1184 2899 1240 2937 39
1258 2894 1366 2939 init:
1406 2892 1599 2950 οὐδεμία
1633 2896 1762 2950 φιλο-

2 2978 3 2982 =
46 3004 50 3006 ἡ
88 2954 386 3010 πραγμοσύνη
