1958 3192
860 134 1091 176 ΛΤΣῙΑΣ
1747 132 1814 185 27

141 266 503 321 ἐπιδεικτικὸν
554 266 587 335 ἢ
641 270 1045 338 πανηγυρικόν,
1108 267 1168 320 έν
1221 269 1389 320 ἅπασι
1449 265 1550 336 μὲν
1602 268 1818 330 τούτοις

140 354 290 410 ἐστὶν
328 355 357 410 ὁ
397 355 536 426 ἀνὴρ
576 358 747 423 λόγου
787 355 952 425 ἄξιος,
990 357 1222 426 μάλιστα
1261 353 1321 408 δὲ
1362 355 1422 408 ἐν
1459 364 1574 418 τοῖς
1609 357 1819 408 δικανι-

137 453 256 507 κοῖς
294 444 480 512 ἀγῶσι.
549 443 653 497 κᾶν
702 445 919 507 τούτοις
964 442 1026 498 δὲ
1072 444 1260 507 αὐτοῖς
1305 444 1546 514 ἀμείνων
1593 442 1706 497 ἐστὶ
1752 445 1818 497 τὰ

137 534 305 603 μικρὰ
357 531 446 585 καὶ
499 532 782 603 παράδοξα
834 532 925 586 καὶ
972 535 1150 603 ἄπορα
1196 534 1372 586 εἰπεῖν
1415 538 1617 601 καλῶς,
1672 532 1704 601 ἢ
1752 534 1818 586 τὰ

137 623 309 691 σεμνὰ
346 620 436 674 καὶ
476 623 683 691 μεγάλα
722 620 812 674 καὶ
850 623 1056 693 εὔπορα
1087 623 1350 684 δυνατῶς.
1419 621 1448 675 ὁ
1480 623 1819 690 βουλόμενος
1865 641 1885 674 5

137 712 206 779 δὴ
244 711 346 779 τὴν
385 713 602 763 Λυσίου
648 711 889 780 δύναμιν
933 710 1171 781 ἀκριβῶς
1216 716 1558 780 καταμαθεῖν
1605 709 1663 763 ἐκ
1708 718 1819 762 τῶν

137 801 437 852 δικανικῶν
472 799 646 867 αὐτὴν
676 804 888 868 μᾶλλον
919 802 1100 867 λόγων
1129 799 1162 868 ἢ
1197 798 1255 852 ἐκ
1285 809 1396 852 τῶν
1426 808 1820 869 πανηγυρικῶν

46 899 134 940 489
159 909 216 942 τε
253 887 344 941 καὶ
384 891 868 958 συμβουλευτικῶν
911 891 1191 942 σκοπείτω.
1267 889 1361 940 ἵνα
1407 885 1469 940 δὲ
1513 886 1604 940 καὶ
1647 887 1653 956 Ι
1694 885 1819 956 περὶ

135 987 246 1031 τῶν
286 978 450 1030 ἰδεῶν
490 975 780 1046 ἐγγένηταί
812 997 905 1046 μοι
944 979 1010 1030 τὰ
1047 978 1396 1046 προσήκοντα
1435 978 1638 1044 εἰπεῖν,
1679 975 1818 1029 ἐάσω

136 1086 193 1119 τε
232 1073 402 1118 ταῦτα
447 1068 579 1135 περί
620 1085 678 1118 τε
723 1069 1032 1136 προοιμίων
1080 1064 1170 1118 καὶ
1218 1067 1527 1134 διηγήσεων
1571 1063 1662 1117 καὶ
1707 1074 1819 1118 τῶν
1844 1086 1886 1118 ιο

137 1156 321 1208 ἄλλων
359 1163 541 1224 μερῶν
579 1161 679 1207 τοῦ
718 1156 889 1221 λόγου
934 1153 1024 1207 καὶ
1071 1153 1387 1223 διαλέξομαι
1433 1152 1524 1206 καὶ
1571 1154 1818 1222 δηλώσω,

134 1245 294 1305 ποῖός
331 1244 414 1304 τίς
454 1242 603 1295 ἐστιν
643 1241 703 1295 έν
742 1240 938 1312 ἑκάστῃ
976 1252 1089 1295 τῶν
1130 1243 1293 1295 ἰδεῶν
1328 1242 1356 1295 ὁ
1390 1242 1544 1311 ἀνήρ.
1606 1229 1829 1312 διαιρήᾹ

137 1346 300 1401 σομαι
339 1328 400 1384 δὲ
432 1330 617 1398 αὐτάς,
657 1331 730 1392 ὡς
760 1329 1058 1401 Ἰσοκράτει
1092 1351 1150 1383 τε
1180 1329 1270 1383 καὶ
1303 1339 1418 1393 τοῖς
1448 1329 1566 1383 κατ’
1608 1329 1820 1383 ἐκεῖνον

134 1421 233 1473 τὸν
271 1420 448 1489 ἄνδρα
485 1417 884 1488 κοσμουμένοις
932 1421 1152 1489 ἤρεσεν,
1208 1418 1509 1489 ἀρξάμενος
1555 1419 1660 1471 ἀπὸ
1708 1428 1819 1471 τῶν

132 1510 455 1579 προοιμίων.
1842 1527 1884 1560 15

245 1595 386 1666 φημὶ
425 1597 492 1664 δὴ
531 1597 756 1649 πάντων
786 1595 1115 1660 δεξιώτατον
1145 1593 1288 1650 εἶναι
1319 1597 1418 1649 τὸν
1449 1596 1653 1667 ῥήτορα
1684 1598 1819 1649 κατὰ
1839 1603 1904 1655 17

133 1687 230 1748 τὰς
262 1686 514 1754 εἰσβολὰς
545 1688 656 1738 τῶν
687 1687 870 1753 λόγων
898 1683 990 1738 καὶ
1022 1684 1395 1755 χαριέστατον,
1439 1684 1819 1754 ἐννοούμενος,

136 1775 220 1828 ὅτι
260 1773 532 1844 ἄρξασθαι
571 1770 674 1843 μὲν
718 1778 897 1836 καλῶς
943 1773 1010 1827 οὐ
1058 1773 1255 1845 ῥᾴδιόν
1303 1774 1477 1843 ἐστιν,
1529 1775 1577 1827 εἰ
1623 1775 1692 1842 δή
1737 1793 1820 1835 τις

133 1871 198 1932 τῇ
252 1863 604 1933 προσηκούσῃ
658 1868 898 1932 χρῆσθαι
952 1863 1211 1931 βούλοιτο
1266 1862 1404 1933 ἀρχῇ
1459 1861 1549 1915 καὶ
1599 1863 1671 1931 μὴ
1722 1863 1821 1915 τὸν

136 1949 461 2019 ἐπιτυχόντα
506 1953 677 2018 λόγον
725 1952 902 2004 εἰπεῖν
955 1949 1047 2022 (οὐ
1093 1953 1197 2022 γὰρ
1244 1952 1305 2004 τὸ
1352 1960 1573 2022 πρῶτον
1627 1949 1819 2021 ῥηθέν,
1844 1974 1886 2006 20

135 2038 252 2093 ἀλλ’
292 2038 321 2092 ὃ
360 2047 460 2092 τοῦ
497 2038 866 2109 προτεθέντος
904 2042 1074 2107 λόγου
1113 2041 1368 2109 μηδαμοῦ
1407 2044 1621 2109 μᾶλλον
1657 2039 1690 2107 ἢ
1732 2038 1819 2092 ἐπὶ

133 2129 356 2198 πρώτου
411 2128 740 2196 ὠφελήσειε,
801 2136 964 2181 τοῦτο
1019 2127 1157 2198 ἀρχή
1218 2148 1276 2181 τε
1330 2127 1419 2181 καὶ
1479 2126 1819 2198 προοίμιον),

134 2215 282 2286 ὁρῶν
321 2212 383 2268 δὲ
421 2216 519 2268 τὸν
558 2216 762 2286 ῥήτορα
807 2225 940 2269 πᾶσι
985 2215 1346 2286 κεχρημένον,
1402 2210 1485 2279 οἷς
1529 2215 1715 2285 τέχναι
1763 2235 1819 2269 τε

253 2409 279 2448 2
313 2403 361 2448 δ’
390 2405 438 2447 Μ
544 2410 569 2448 3
603 2402 653 2448 δὲ
688 2404 747 2449 G:
791 2403 844 2460 δὲ
890 2421 937 2448 τε
968 2405 1005 2449 Ρ
1047 2421 1094 2449 τε
1126 2405 1304 2449 FMBv
1411 2411 1438 2449 4
1469 2404 1626 2461 μακρὰ
1659 2405 1772 2448 GF¹
1809 2407 1812 2464 Ι

135 2463 215 2507 καὶ
244 2463 492 2519 παράδοξα
532 2478 607 2507 om
639 2463 679 2507 G
719 2478 855 2520 super
893 2465 972 2509 καὶ
1010 2464 1165 2521 ἄπορα
1206 2465 1302 2509 add
1332 2465 1366 2508 F
1409 2465 1579 2509 omisso
1619 2465 1700 2509 καὶ

136 2526 162 2566 5
187 2522 361 2579 μεγάλα
378 2524 458 2568 καὶ
475 2522 620 2579 σεμνὰ
636 2523 775 2567 ΜΡΒ
792 2523 886 2567 fort
900 2523 1072 2567 rectius
1146 2530 1172 2568 6
1196 2524 1282 2581 τὴν
1299 2523 1548 2568 MPBGv:
1565 2530 1646 2567 τοῦ
1664 2524 1699 2567 F

137 2585 162 2624 7
195 2583 590 2639 συμβουλευτικῶν
621 2598 668 2626 τε
700 2583 780 2627 καὶ
812 2590 1143 2639 πανηγυρικῶν
1166 2583 1306 2627 ΜΡΒ
1399 2589 1454 2627 10
1486 2583 1591 2639 περὶ
1622 2581 1674 2627 δὲ
1701 2582 1779 2626 Grv
1806 2582 1810 2640 Ι

138 2639 382 2697 προοιμίου
406 2657 435 2686 v
520 2647 572 2686 11
599 2642 679 2686 καὶ
704 2644 813 2685 ante
838 2639 1109 2698 διαλέξομαι
1132 2656 1208 2686 om
1229 2642 1306 2686 Gv
1392 2648 1445 2686 12
1470 2658 1537 2693 τις
1561 2656 1637 2686 om
1662 2641 1702 2685 G

141 2702 194 2742 15
225 2698 511 2756 προοιμοίων
541 2701 578 2744 Ρ
671 2706 723 2744 16
757 2700 875 2756 φημὶ
906 2698 959 2744 δὲ
989 2701 1026 2744 Ρ
1119 2706 1173 2745 18
1207 2702 1248 2745 εἰ
1278 2701 1339 2756 δή
1369 2701 1600 2745 Mathaei:
1642 2700 1683 2744 εἰ
1714 2700 1774 2757 μὴ
1810 2700 1815 2757 Ι

137 2771 205 2807 τις
241 2757 292 2801 in
331 2773 406 2803 ras
438 2759 497 2802 F‘
616 2764 670 2803 21
712 2758 796 2814 ὄ,τι
834 2758 1067 2815 προτεθὲν
1106 2767 1187 2804 τοῦ
1227 2759 1365 2817 λόγου
1404 2760 1615 2804 Mathaei
1660 2773 1819 2816 praue,

138 2816 383 2870 genetiuus
415 2832 444 2862 a
474 2820 689 2875 μηδαμοῦ
722 2819 895 2875 pendet
926 2819 976 2862 cf
1000 2819 1139 2863 Alcid
1172 2820 1228 2864 de
1263 2819 1377 2876 soph
1406 2824 1459 2862 15
1487 2821 1493 2875 Ι
1530 2818 1605 2862 ἐπὶ
1637 2819 1819 2874 πρώτου

140 2873 334 2920 Usener:
360 2874 431 2920 ἐπ’
454 2878 597 2921 αὐτοῦ
682 2883 738 2920 22
763 2877 987 2934 ὠφελήσει
1002 2879 1183 2935 Kn‘iger
1207 2881 1255 2922 et
1278 2878 1347 2922 ita
1364 2879 1398 2921 F
1423 2878 1561 2922 iniffio
1647 2882 1702 2920 23
1729 2877 1818 2930 ὁρῶ

142 2929 219 2975 GV
246 2934 252 2988 Ι
278 2932 391 2979 πάσι
423 2949 479 2979 ex
509 2935 634 2992 πάση
666 2936 701 2979 F
729 2937 735 2994 Ι
764 2936 813 2980 αἱ
843 2934 1001 2995 τέχναι
1035 2937 1308 2994 Sylburgius
