1958 3192
854 97 1084 139 ΛΤΣῐΑΣ
1745 96 1810 147 17

133 233 287 304 φέρει
326 242 437 286 τῶν
473 232 785 302 προσώπων
822 233 1104 301 πρόσωπα,
1143 232 1238 293 τὰς
1270 231 1473 292 οἰκείας
1504 230 1811 284 ἀποδίδωσι

49 356 55 384 ;
131 323 321 392 φωνὰς
350 323 488 391 πρός
518 340 574 373 τε
605 321 703 373 τὸν
731 319 1004 390 ἀκροατὴν
1035 328 1418 389 συμμετρεῖται
1449 320 1515 371 τὰ
1547 321 1814 388 λεγόμενα

133 412 368 477 οἰκείως,
431 409 498 462 οὐ
551 409 649 462 τὸν
702 408 872 461 αὐτὸν
924 410 1132 478 τρόπον
1193 409 1418 477 δικαστῇ
1473 406 1564 459 καὶ
1627 407 1814 477 ἐκκλη-

133 507 324 569 σιαστῇ
356 496 446 550 καὶ
470 500 897 567 πανηγυρίζοντι
922 498 1308 565 διαλεγόμενος
1332 498 1488 569 ὄχλῳ,
1545 497 1815 566 διαφοράς

131 606 189 640 τε
228 585 374 658 αὐτῷ
422 586 687 655 λαμβάνει
733 587 868 638 κατὰ
913 586 1010 647 τὰς
1058 583 1206 647 ἰδέας
1250 594 1362 637 τῶν
1406 585 1743 655 πραγμάτων
1780 585 1813 653 ἡ
1861 603 1882 635 5

132 674 298 739 λέξις·
339 674 623 747 ἀρχομένῳ
663 671 764 744 μὲν
802 675 906 744 γάρ
948 673 1060 726 ε’στι
1098 679 1468 742 καθεστηκυῖα
1505 672 1596 726 καὶ
1627 674 1815 742 ἠθική,

133 763 476 835 διηγουμένῳ
525 761 585 816 δὲ
630 764 844 831 πιθανὴ
891 762 1270 834 κάπερίεργος,
1318 762 1708 816 ἀποδεικνύντι
1755 760 1815 816 δὲ

133 853 442 922 στρογγύλη
497 851 586 905 καὶ
639 854 844 920 πυκνή,
900 851 1121 916 αὔξοντι
1169 848 1230 904 δὲ
1277 850 1368 904 καὶ
1421 851 1814 924 παθαινομένῳ

133 942 302 1009 σεμνὴ
341 940 431 994 καὶ
472 941 729 1010 ἀληθινή,
769 939 1325 1012 ἀνακεφαλαιουμένῳ
1359 937 1420 993 δὲ
1451 940 1814 1010 διαλελυμένη

132 1028 222 1081 καὶ
263 1030 547 1099 σύντομος,
618 1029 852 1098 ληπτέον
892 1030 959 1098 δὴ
998 1027 1086 1082 καὶ
1127 1030 1187 1082 τὸ
1227 1027 1440 1099 πρέπον
1485 1037 1579 1097 τῆς
1626 1029 1817 1094 λέξεως
1840 1048 1883 1079 10

132 1119 279 1187 παρὰ
320 1121 548 1172 Λυσίου.
586 1116 590 1189 Ι

77 1219 127 1257 71
246 1207 330 1260 ὅτι
383 1204 484 1276 μὲν
536 1209 641 1277 γὰρ
694 1208 905 1275 πιθανὴ
967 1206 1059 1260 καὶ
1111 1209 1358 1276 πειστικὴ
1412 1206 1503 1260 καὶ
1557 1210 1699 1261 πολὺ
1754 1209 1814 1261 τὸ
1837 1210 1906 1262 10

135 1296 375 1363 φυσικὸν
436 1295 804 1366 ἐπιφαίνουσα
863 1294 954 1349 καὶ
1018 1294 1191 1348 πάνθ’
1254 1297 1355 1349 ὅσα
1414 1303 1510 1364 τῆς
1561 1298 1817 1366 τοιαύτης

136 1382 284 1446 ἰδέας
323 1386 516 1452 ἔχεται,
554 1386 692 1454 πρὸς
731 1386 945 1447 εἰδότας
985 1381 1152 1437 οὐδὲν
1192 1389 1322 1447 ἴσως
1362 1386 1446 1438 δεῖ
1485 1384 1690 1453 λέγειν·
1735 1385 1809 1438 δι’

134 1474 302 1541 ὄχλου
341 1474 445 1544 γὰρ
486 1475 590 1542 ἤδη
629 1475 793 1526 τοῦτό
832 1493 894 1541 γε
932 1471 1022 1526 καὶ
1062 1473 1246 1535 οὐδείς
1286 1473 1435 1526 ε’στιν
1474 1473 1534 1536 ὃς
1573 1473 1695 1543 οὐχὶ
1727 1472 1817 1527 καὶ
1842 1490 1884 1523 15

133 1564 297 1632 πείρᾳ
355 1560 446 1614 καὶ
501 1561 635 1632 ἀκοῇ
696 1563 895 1631 μαθὼν
960 1561 1218 1631 ὁμολογεῖ
1283 1549 1533 1615 πάντων·
1569 1562 1819 1633 ῥητόρων

135 1650 304 1703 αὐτὸν
336 1646 476 1703 εἶναι
507 1652 911 1704 πιθανώτατον.
973 1651 1111 1704 ὥστε
1141 1649 1231 1703 καὶ
1264 1651 1469 1719 ταύτην
1491 1652 1593 1719 τὴν
1620 1651 1820 1721 ἀρετὴν

24 1365 41 1419 ’“
24 1294 38 1331 ‘²⁴
28 1198 72 1258 ,μ’
18 1057 55 1142 Ἀρι.

135 1738 372 1807 ληπτέον
409 1741 555 1809 παρὰ
592 1747 692 1793 τοῦ
733 1739 977 1810 ῥήτορος.

246 1829 423 1881 πολλὰ
454 1827 544 1880 καὶ
568 1830 706 1882 καλὰ
730 1827 913 1896 λέγειν
936 1831 1076 1897 ἔχων
1098 1827 1223 1899 περὶ
1247 1835 1342 1896 τῆς
1368 1831 1583 1881 Λυσίου
1609 1827 1818 1897 λέξεως,

137 1916 206 1984 ἣν
245 1917 542 1985 λαμβάνων
579 1916 668 1969 καὶ
707 1918 1043 1986 μιμούμενος
1082 1919 1152 1969 ἄν
1189 1937 1274 1979 τις
1312 1916 1555 1986 ἀμείνων
1601 1916 1817 1985 γένοιτο
1843 1934 1886 1965 20

135 2005 238 2073 τὴν
277 2003 585 2074 ἑρμηνείαν,
625 2007 690 2058 τὰ
729 2003 830 2075 μὲν
869 2007 1007 2059 ἄλλα
1045 2013 1145 2058 τοῦ
1184 2007 1390 2075 χρόνου
1430 2008 1819 2075 στοχαζόμενος

255 2198 400 2237 4-10
434 2194 587 2238 adfert
618 2209 875 2251 anonymus
909 2194 1219 2251 Seguerianus
1250 2210 1281 2251 p
1306 2199 1406 2250 460,
1433 2198 1487 2237 29
1515 2194 1576 2250 Sp

259 2377 280 2414 1
315 2373 572 2427 προσώπων
606 2371 683 2416 Gv
728 2375 732 2428 Ι
775 2371 833 2415 τὰ
871 2371 1094 2427 πρόσωπα
1128 2371 1205 2415 GV
1308 2377 1332 2414 2
1365 2372 1632 2428 ἀκροαντὴν
1664 2372 1699 2414 F

140 2434 165 2473 3
190 2429 411 2488 [οἰκεί]ως
434 2432 469 2474 F
494 2446 599 2475 cum
623 2446 697 2474 ras
756 2431 899 2475 αὐτὸν
924 2430 982 2487 δὴ
1009 2431 1043 2473 F
1077 2431 1158 2474 sed
1182 2431 1240 2487 δὴ
1265 2431 1451 2487 punctis
1477 2445 1615 2487 supra
1642 2430 1817 2475 additis

141 2488 347 2533 deletum
363 2492 434 2534 est
462 2493 466 2547 Ι
494 2506 542 2534 τε
558 2491 638 2534 καὶ
655 2489 950 2534 FSMBPGv
1012 2494 1037 2533 5
1063 2491 1216 2534 αὐτῶν
1234 2504 1491 2547 anonymus
1554 2496 1578 2534 6
1599 2490 1719 2534 ἐστιν
1736 2490 1764 2547 ἡ
1784 2491 1818 2533 F

141 2548 223 2591 sed
252 2549 281 2605 ἡ
314 2549 499 2604 puncti‘s
540 2549 745 2593 deletum
776 2552 848 2593 est
963 2554 986 2593 7
1020 2546 1340 2607 κάπερίεργος]
1381 2550 1460 2593 καὶ
1491 2547 1730 2606 περίεργος
1761 2549 1819 2592 F¹

141 2620 343 2663 anonym
409 2609 490 2652 καὶ
549 2606 821 2665 ἀπερίεργος
874 2607 1172 2652 F²MPBGV
1314 2614 1339 2652 9
1396 2608 1537 2680 σεμνὴ
1557 2635 1610 2640 -
1629 2606 1681 2652 δὲ
1744 2622 1820 2652 om

141 2679 343 2722 anonym
384 2670 389 2724 Ι
432 2665 938 2724 ἀνακαιφαλαιουμὲνω
970 2667 1005 2710 F
1129 2671 1183 2711 10
1215 2665 1266 2711 δὲ
1299 2667 1377 2711 GV
1427 2670 1432 2724 Ι
1482 2668 1642 2720 λεξεως
1672 2667 1731 2710 Fl
1777 2666 1819 2710 ci

142 2723 332 2781 Taylor:
364 2724 535 2779 τάξεως
559 2727 651 2770 ΜΡ
662 2726 855 2770 BF²GV
958 2731 1012 2770 12
1044 2727 1124 2771 καὶ
1155 2726 1363 2783 πειστικὴ
1397 2741 1471 2770 om
1497 2726 1536 2770 Gr
1574 2726 1757 2782 πιστικὴ
1783 2726 1818 2768 F

262 2789 315 2827 13
347 2784 677 2841 ὑποφαίνουσα
699 2801 729 2829 v
757 2786 762 2843 Ι
790 2792 887 2830 πᾶν
910 2783 968 2829 θ’
998 2786 1032 2829 F
1126 2790 1179 2829 15
1213 2786 1304 2830 ἐστὶ
1330 2800 1422 2829 εστι
1447 2786 1480 2828 F
1515 2786 1596 2829 sed
1621 2785 1820 2829 alterum

143 2842 327 2896 punctis
361 2843 565 2888 deletum
597 2848 668 2889 est
696 2847 701 2901 Ι
737 2843 805 2916 ὃς]
839 2844 960 2895 ὅστις
989 2860 1019 2889 v
1126 2850 1180 2888 16
1214 2844 1482 2901 ὁμολογήσει
1515 2845 1550 2887 F
1584 2858 1684 2888 corr
1716 2844 1774 2886 F³3
1809 2844 1812 2899 ξ

144 2898 332 2945 πάντων
363 2903 504 2948 αὑτὸν
537 2900 659 2948 εἶναι
691 2902 898 2962 ῤἠτορων
929 2904 1069 2947 ΜΡΒ
1101 2903 1195 2948 fort
1225 2903 1395 2948 rectius

232 2981 344 3015 Dion.
366 2983 564 3017 Halicarn.
599 2987 643 3018 V.
1527 2981 1552 3018 ἱ).
