2004 3202
692 87 837 129 ΠΕΡΙ
867 85 1271 130 ΘοΤΚΤΔΙΔοΤ
1717 84 1827 137 403

147 221 180 290 ἢ
215 229 333 284 ταῖς
373 220 605 289 ἐλπίσιν,
645 216 724 275 ὧν
756 219 816 274 ἐν
846 227 922 293 τῷ
952 218 1208 290 μέλλοντι
1247 218 1398 273 ἐστὶν
1428 219 1461 288 ἡ
1497 221 1663 288 ἰσχύς.
1721 221 1826 289 ἤδη
1843 221 1914 274 47

148 308 198 362 δ’
230 311 403 377 ἔγωγε
433 308 654 362 κάκεῖνο
680 308 1056 379 ἐνεθυμήθην,
1087 307 1172 361 ὅτι
1194 310 1698 378 παραμυθούμενος
1728 310 1830 378 τὴν

145 397 322 468 ὀργὴν
372 398 474 466 τὴν
526 402 923 467 κατειληφυῖαν
967 395 1170 459 αὐτοὺς
1219 394 1307 449 ἐπὶ
1362 405 1479 459 ταῖς
1523 397 1828 467 παρούσαις

147 494 487 556 συμφοραῖς,
543 481 622 538 ὧν
675 488 732 539 αἱ
783 489 1010 548 πλείους
1054 486 1367 555 παράλογοί
1414 506 1473 555 τε
1518 485 1829 555 συνέβησαν

150 573 337 637 αὐτοῖς
367 572 458 627 καὶ
482 573 906 644 ἀπροσδόκητοι,
937 572 1027 627 καὶ
1050 578 1384 645 παρακαλῶν
1414 566 1510 636 τὰς
1540 577 1829 644 συμφορὰς
1873 596 1894 629 5

88 676 145 716 30
161 666 428 732 γενναίως
457 663 799 732 ὑφίστασθαι
831 664 904 734 μὴ
936 663 1300 733 ἀφανίζοντας
1334 660 1340 735 Ι
1368 663 1469 731 τὴν
1498 671 1593 731 τῆς
1618 665 1828 726 πόλεως

146 750 401 819 ἀξίωσιν,
457 751 876 822 ἀπαλγήσαντας
929 749 990 806 δὲ
1043 754 1109 806 τὰ
1162 753 1275 805 ἴδια
1334 759 1434 805 τοῦ
1485 759 1679 805 κοινοῦ
1732 760 1828 820 τῆς

146 843 415 911 σωτηρίας
454 840 979 911 ἀντιλαμβάνεσθαι,
1017 840 1108 894 καὶ
1140 842 1273 911 μετὰ
1305 849 1468 894 τοῦτο
1509 839 1826 909 διεξελθών,

146 929 230 982 ὅτι
277 930 378 998 τὴν
422 931 558 982 κατὰ
604 931 887 984 θάλατταν
932 930 1107 1000 ἀρχὴν
1160 933 1393 999 βεβαίως
1439 932 1654 998 ἔχοντες
1700 931 1826 983 οὔτε

144 1018 253 1071 ὑπὸ
293 1017 558 1086 βασιλέως
604 1019 729 1072 οὔτε
776 1019 882 1072 ὑπὸ
924 1020 1380 1088 Λακεδαιμονίων
1418 1019 1544 1071 οὔτε
1593 1017 1685 1072 ὑπ’
1731 1019 1824 1072 ἄλ-
1848 1041 1892 1072 10

144 1110 248 1160 λου
294 1106 611 1176 ἀνθρώπων
664 1109 869 1170 ἔθνους
909 1107 1137 1170 οὐδενὸς
1188 1109 1668 1176 καταλυθήσονται
1722 1102 1826 1178 (ὧν

144 1195 177 1263 ἡ
216 1198 398 1258 πίστις
437 1195 537 1264 οὐχ
575 1195 608 1264 ἡ
647 1203 902 1267 παροῦσα
940 1192 1011 1264 ἦν
1049 1194 1166 1249 ἀλλ’
1197 1196 1229 1264 ἡ
1269 1195 1562 1265 μέλλουσα,
1602 1193 1722 1248 οὐδ’
1765 1195 1825 1248 ἐν

145 1293 208 1355 τῇ
246 1287 484 1356 προνοίᾳ
521 1286 582 1338 τὸ
621 1284 848 1354 βέβαιον
895 1287 1096 1354 ἔχουσα
1142 1283 1263 1338 ἀλλ’
1303 1284 1364 1338 ἐν
1409 1293 1527 1347 ταῖς
1566 1283 1823 1356 ἐλπίσιν),

145 1374 328 1426 ἔπειτα
368 1374 580 1426 τούτων
620 1373 1019 1443 ἐπιλαθόμενος
1058 1373 1201 1438 ἀξιοῖ
1231 1374 1302 1443 μὴ
1334 1373 1614 1426 πιστεύειν
1643 1381 1707 1443 τῇ
1741 1372 1824 1426 ε’λ-

143 1462 282 1530 πίδι,
320 1457 385 1529 ἧς
425 1461 485 1514 έν
522 1468 597 1533 τῷ
636 1461 821 1533 ἀπόρῳ
860 1461 892 1530 ἡ
935 1462 1102 1531 ἰσχύς.
1166 1461 1386 1515 ἐναντία
1416 1463 1521 1530 γὰρ
1554 1462 1622 1529 δὴ
1654 1469 1824 1514 ταῦτα
1850 1482 1889 1515 15

145 1549 417 1617 ἀλλήλοις,
458 1554 512 1602 εἴ
543 1569 605 1616 γε
644 1549 711 1617 δὴ
751 1550 812 1602 τὸ
852 1546 954 1618 μὲν
992 1554 1207 1603 λυποῦν
1245 1550 1347 1617 τὴν
1377 1554 1642 1618 αἴσθησιν
1680 1547 1824 1620 εἶχεν

143 1639 248 1706 «ἤδη
286 1645 597 1706 παροῦσαν,
642 1645 738 1706 τῆς
784 1636 832 1690 δ’
873 1638 1139 1708 ὠφελείας
1183 1638 1216 1706 ἡ
1257 1639 1492 1707 δήλωσις
1538 1641 1617 1691 ἔτι
1664 1638 1823 1708 ἀπῆν.

255 1724 375 1779 ἀλλ’
408 1726 584 1795 ὥςπερ
615 1733 786 1778 ταῦτα
811 1725 912 1779 οὐκ
938 1725 1142 1779 ἐπαινῶ
1176 1727 1301 1778 οὔτε
1325 1727 1460 1779 κατὰ
1484 1727 1545 1778 τὸ
1577 1746 1823 1798 πραγμα-

143 1815 299 1867 τικὸν
351 1813 514 1883 μέρος
552 1815 694 1873 ,οὔτε
755 1816 890 1867 κατὰ
943 1816 1004 1867 τὸ
1067 1817 1346 1882 λεκτικόν,
1409 1814 1582 1878 οὕτως
1642 1815 1822 1870 ε’κεῖνα

143 1903 463 1972 τεθαύμακα
501 1903 574 1965 ὡς
604 1901 908 1972 νενοημένα
945 1923 1002 1956 τε
1041 1902 1279 1973 ἀκριβῶς
1317 1901 1407 1956 καὶ
1438 1903 1821 1974 ἡρμηνευμένα
1845 1926 1887 1958 20

143 2001 408 2062 περιττῶς
459 1989 550 2044 καὶ
613 1994 942 2061 συγκείμενα
992 1991 1187 2060 ἡδέως·
1251 1990 1360 2044 ‘noel
1420 1993 1526 2062 γὰρ
1588 1986 1671 2055 οἷς
1722 1990 1822 2062 μὲν

144 2081 352 2150 αἵρεσις
405 2078 692 2149 γεγένηται
752 2081 818 2133 τὰ
872 2081 1009 2134 ἄλλα
1065 2079 1379 2149 εὐτυχοῦσι,
1431 2082 1607 2149 πολλὴ
1662 2082 1823 2134 ἄνοια

142 2173 467 2237 πολεμῆσαι·
507 2169 556 2221 εἰ
594 2166 646 2220 δ’
686 2167 987 2236 ἀναγκαῖον
1024 2165 1094 2237 ἧν
1134 2168 1166 2237 ἢ
1207 2168 1455 2232 εἴξαντας
1493 2168 1666 2232 εὐθὺς
1706 2179 1822 2233 τοῖς

143 2256 309 2320 πέλας
361 2257 671 2310 ὑπακοῦσαι
723 2257 755 2325 ἢ
802 2258 1269 2320 κινδυνεύσαντας
1321 2256 1735 2327 περιγενέσθαι,
1790 2257 1818 2311 ὁ

57 2359 138 2400 931
160 2346 357 2415 φυγὼν
410 2346 508 2398 τὸν
563 2344 847 2416 κίνζδυνον
892 2354 991 2398 τοῦ
1037 2346 1379 2408 ὑποστάντος
1432 2348 1817 2416 μεμπτότερος·
1843 2368 1886 2400 25

144 2433 234 2486 καὶ
275 2433 379 2502 ἐγὼ
419 2430 520 2503 μὲν
551 2434 579 2487 ὁ
613 2434 776 2496 αὐτός
817 2436 925 2503 εἰμι
963 2433 1053 2487 καὶ
1093 2434 1194 2488 οὐκ
1235 2433 1527 2504 ἐξίσταμαι,
1565 2434 1720 2504 ὑμεῖς
1758 2432 1817 2487 δὲ

264 2585 315 2623 21
351 2579 481 2623 Thuc
504 2579 546 2622 11
571 2583 623 2622 61

267 2718 287 2755 1
322 2720 383 2757 τῶ
415 2710 590 2769 μέλλειν
615 2711 721 2767 ΜΡ,
740 2711 777 2756 f:
811 2725 913 2755 corr
945 2711 1150 2756 Sadaeus
1181 2727 1213 2769 p
1237 2716 1322 2756 218
1443 2717 1469 2757 6
1502 2711 1698 2771 γεναίως
1721 2714 1757 2757 Ρ

148 2777 200 2814 15
228 2770 315 2828 γὰρ
341 2772 398 2828 δὴ
418 2772 485 2816 M:
518 2770 605 2827 γὰρ
637 2770 706 2813 Pf
793 2775 846 2815 16
880 2769 1148 2828 αἴσθησιςΡ
1212 2775 1263 2815 17
1292 2771 1445 2816 ἔτειΜ
1528 2777 1582 2815 22
1607 2769 1747 2816 τᾶλλα
1777 2775 1816 2816 Θ

324 2835 379 2873 24
412 2830 667 2874 ἐπακοῦσαι
698 2830 791 2873 ΜΡ
971 2835 1025 2874 25
1067 2830 1413 2889 [μ]εμπτότερος
1450 2845 1554 2875 cum
1593 2831 1736 2875 lit-ura
1767 2832 1814 2874 M

146 2887 454 2945 πεμπτότερος
477 2890 512 2932 Ρ

1465 2964 1549 3007 26*
