2004 3202
203 131 228 180 1
242 129 309 180 12
625 130 966 172 ΔΙοΝΤΣΙοΤ
997 130 1465 172 ΑΛΙΚΑΡΝΑΣΕῼΣ

198 266 331 317 κατὰ
378 265 646 332 κεφάλαια
690 262 781 316 καὶ
827 262 957 333 παρ’
1004 262 1234 316 ἕκαστον
1286 263 1470 317 αὐτῶν
1521 265 1617 326 τὰς
1669 267 1879 328 πίστεις

197 351 520 423 παρατιθεὶς
568 351 857 421 ἐκμηκύνει
903 371 959 404 τε
998 356 1209 420 μᾶλλον
1253 350 1343 404 καὶ
1391 351 1630 422 ἐκβαίνει
1675 354 1737 406 τὸ
1783 361 1879 422 τῆς

199 443 498 509 διηγήσεως
543 447 743 510 σχῆμα,
797 447 873 512 τῷ
920 439 1259 510 συμφέροντι
1312 442 1602 511 χρώμενος.
1678 441 1878 510 ταύτης

199 528 310 582 ἐστὶ
357 537 451 596 τῆς
500 527 647 590 ἰδέας
692 529 726 596 ἥ
772 548 829 581 τε
873 529 1010 598 πρὸς
1043 527 1300 598 ”Ἐρμωνα
1351 525 1490 599 ὑπὲρ
1537 537 1632 597 τῆς
1679 529 1878 598 ἐγγύης

150 634 172 666 5
198 618 465 685 ἀπολογία
518 615 607 669 καὶ
653 617 686 684 ἡ
732 618 870 686 πρὸς
919 615 1231 684 Εὐκλείδην
1283 616 1685 686 ἀμφισβήτησις
1738 615 1876 688 ὑπὲρ

195 714 289 774 τῆς
327 714 426 758 τοῦ
471 708 678 775 χωρίου
725 705 930 767 λύσεως
975 703 1066 757 καὶ
1111 705 1145 773 ἡ
1192 702 1330 775 ὑπὲρ
1378 705 1702 775 Εὐφιλήτου
1739 707 1878 776 πρὸς

195 797 293 848 τὸν
329 793 599 865 Ἐρχιέων
650 795 827 862 δῆμον
881 795 1080 862 ἔφεσις.
1159 793 1219 846 ἐν
1263 795 1368 864 γὰρ
1415 795 1483 862 δὴ
1530 803 1644 856 τοῖς
1691 797 1878 863 λόγοις

195 884 410 945 τούτοις
470 881 807 953 μακροτέρας
874 883 970 944 τὰς
1032 883 1310 950 διηγήσεις
1377 883 1546 947 οὔσας
1607 882 1707 951 οὐχ
1768 884 1878 951 ἅμα

195 977 420 1040 τίθησιν
445 973 591 1040 ὅλας,
623 970 762 1023 ἀλλὰ
789 972 924 1023 κατὰ
956 969 1091 1041 μέρη
1126 971 1518 1039 διαλαμβάνων
1551 969 1638 1039 ἐφ’
1671 969 1875 1042 ἑκάστῳ

128 1076 172 1105 1⁰
195 1063 470 1132 κεφαλαίῳ
517 1060 646 1122 τούς
691 1079 748 1112 τε
794 1060 1072 1130 μάρτυρας
1123 1058 1376 1127 ἐπάγεται
1428 1057 1520 1112 καὶ
1570 1060 1665 1120 τὰς
1711 1059 1878 1120 ἄλλας

194 1148 480 1219 παρέχεται
511 1151 738 1216 πίστεις,
779 1149 1057 1216 δεδοικώς,
1096 1146 1224 1219 παρ’
1254 1148 1355 1201 ὅσα
1385 1155 1526 1216 γοῦν
1558 1145 1676 1216 ἐμοὶ
1709 1148 1877 1214 δοκεῖ,

194 1239 265 1306 μὴ
321 1237 917 1306 δυσπαρακολούθητος
970 1235 1192 1305 γένηται
1241 1238 1335 1289 διὰ
1387 1237 1448 1289 τὸ
1503 1241 1718 1303 πλῆθος
1765 1243 1878 1287 τῶν

194 1323 521 1397 κεφαξλαίων
565 1325 593 1378 ὁ
641 1327 803 1392 λόγος
849 1323 939 1376 καὶ
985 1328 1275 1394 πελαγίσῃ,
1323 1326 1385 1377 αἴ
1425 1345 1483 1377 τε
1527 1326 1738 1385 πίστεις
1777 1325 1854 1385 εἰς
1880 1341 1963 1380 613

195 1414 255 1465 ἓν
279 1414 483 1484 χωρίον
508 1414 712 1466 ἅπασαι
737 1419 1116 1481 συναχθεῖσαι,
1147 1412 1345 1466 πολλαὶ
1377 1412 1467 1465 καὶ
1499 1411 1624 1483 περὶ
1655 1416 1877 1465 πολλῶν

130 1516 171 1547 15
196 1498 356 1554 οὖσαι
408 1503 768 1571 πραγμάτων,
831 1502 902 1569 μὴ
958 1500 1334 1570 συνταράξωσι
1395 1501 1496 1568 τὴν
1557 1501 1875 1569 σαφήνειαν.

195 1591 473 1659 τοιγάρτοι
512 1591 644 1658 μετὰ
682 1591 777 1651 τὰς
816 1591 1094 1657 διηγήσεις
1124 1591 1219 1651 τὰς
1251 1589 1424 1650 οὕτως
1458 1586 1876 1659 ᾠκονομημένας

197 1678 297 1730 οὐκ
321 1680 399 1730 ἔτι
424 1679 518 1739 τὰς
541 1677 957 1746 προηγουμένας
981 1677 1282 1741 ἀποδείξεις
1309 1682 1533 1739 πολλοῖς
1557 1679 1874 1745 βεβαιοῦται

141 1821 154 1838 ⁹
197 1768 381 1832 λόγοις
413 1765 533 1818 οὐδ’
566 1768 715 1818 ἔστιν
748 1766 934 1834 ὅμοιος
965 1776 1078 1828 τοῖς
1110 1766 1256 1828 νέοις
1287 1766 1700 1835 τεχνογράφοις,
1737 1764 1875 1818 ἀλλὰ

196 1856 290 1915 τὰς
328 1864 439 1906 τῶν
477 1853 773 1906 ἀντιδίκων
810 1858 1020 1916 πίστεις
1058 1855 1308 1924 ἀναιρεῖν
1348 1860 1518 1907 οἰέται
1559 1855 1691 1907 δεῖν.

111 1940 178 1992 15
305 1944 425 1994 τότε
459 1939 518 1994 δὲ
549 1944 1110 2012 προκατασκευάζεταί
1136 1963 1259 1995 τινα
1290 1944 1396 2012 πρὸ
1430 1953 1541 1996 τῶν
1566 1945 1875 2011 διηγήσεων

129 2044 166 2075 2¹
194 2031 480 2099 πράγματα
534 2030 622 2082 καὶ
676 2031 1050 2101 προλαμβάνει
1104 2032 1170 2083 τὰ
1223 2030 1492 2099 μέλλοντα
1552 2029 1874 2102 πιστοτέρας

195 2118 361 2180 αὐτὰς
391 2118 423 2186 ἢ
451 2118 568 2171 κατ’
601 2121 734 2172 ἄλλο
759 2140 812 2171 τι
836 2118 1241 2190 χρησιμωτέρας
1270 2121 1523 2187 ποιήσειν
1555 2119 1870 2188 [οἰόμενος],

195 2208 267 2268 ὡς
307 2206 366 2259 ἐν
404 2216 466 2277 τῇ
508 2207 653 2275 λήξει
692 2216 754 2277 τῇ
794 2209 930 2277 πρὸς
960 2207 1398 2277 Ἀριστογείτονα
1447 2206 1538 2260 καὶ
1562 2207 1871 2278 ’Ἄρχιππον

196 2295 500 2363 εὑρίσκεται
545 2297 873 2363 πεποιηκώς,
927 2295 986 2348 ἐν
1032 2289 1066 2367 ᾗ
1111 2298 1318 2367 κλήρου
1365 2317 1447 2359 τις
1493 2296 1869 2366 ἀμφισβητῶν,

128 2396 171 2427 25
196 2381 432 2451 ἀδελφὸς
465 2385 542 2435 ὢν
573 2392 671 2435 τοῦ
696 2386 1133 2452 τελευτήσαντος,
1165 2390 1515 2455 προκαλεῖται
1546 2385 1644 2437 τὸν
1675 2387 1869 2452 ἔχοντα

315 2517 336 2554 1
379 2510 592 2570 π[ί]στεις
630 2514 687 2555 F¹
727 2528 830 2556 cum
867 2528 942 2557 ras
1063 2520 1088 2557 2
1131 2513 1355 2573 ἐκβαίνει]
1399 2512 1675 2572 ἐκλαμβάνει
1714 2514 1749 2556 Ρ

196 2575 222 2612 4
244 2567 526 2625 Έρμωνα-
537 2572 616 2615 καὶ
647 2572 674 2626 ἡ
708 2573 822 2627 πρὸς
862 2587 936 2615 om
967 2574 1106 2616 MBP
1157 2576 1162 2631 Ι
1211 2581 1294 2630 τῆ.
1280 2591 1333 2624 .ς
1364 2574 1399 2616 F
1431 2587 1524 2616 una
1562 2572 1723 2616 littera
1764 2587 1868 2616 eum

196 2631 390 2672 accentu
416 2644 548 2673 erasa
630 2635 651 2672 7
681 2629 855 2706 ἐρχιέον
874 2632 907 2673 F
985 2637 1009 2674 8
1042 2633 1222 2683 τούτοις
1246 2633 1341 2676 add
1363 2631 1422 2674 ΡΞ
1499 2636 1550 2674 11
1577 2629 1688 2686 παρ’
1709 2630 1793 2675 όσα
1818 2630 1862 2698 γ’

195 2687 433 2732 Reiskius:
474 2688 559 2745 γὰρ
594 2688 676 2732 ὅσα
709 2707 734 2745 γ
782 2690 815 2731 F
826 2690 873 2732 M
921 2690 1006 2746 γὰρ
1039 2690 1102 2735 ώσ
1132 2690 1174 2748 γ’
1205 2692 1286 2734 ΒΡ
1386 2695 1439 2733 12
1473 2687 1680 2747 γένηται]
1712 2707 1787 2734 ται
1818 2691 1868 2734 111

195 2747 285 2790 fine
309 2761 469 2790 uersus
499 2748 593 2790 add
618 2747 676 2789 ΡΞ
767 2754 821 2790 1¹3
854 2748 1072 2808 πελαγίσῃ
1098 2751 1291 2794 Usener.
1325 2747 1542 2799 πολλάκις
1566 2749 1750 2791 FMBP

198 2810 250 2848 17
277 2804 430 2850 οὐκέτι
453 2806 500 2848 Μ
591 2811 646 2850 20
678 2823 819 2850 τοτε1
803 2807 850 2849 Μ
895 2824 995 2851 τοτε
1021 2823 1076 2852 ex
1100 2809 1199 2853 τότε
1222 2809 1258 2851 F
1348 2813 1404 2851 22
1437 2805 1763 2865 χρησιμοτέρας
1786 2808 1835 2851 Μ
1858 2808 1863 2867 1

196 2864 407 2920 οἰόμενος
438 2865 628 2908 seclusit
659 2866 839 2921 Kriiger
944 2873 998 2909 23
1030 2868 1154 2922 λήξει
1187 2882 1267 2911 seu
1297 2866 1451 2921 κλήσει
1475 2866 1709 2911 Valesius:
1743 2867 1868 2910 λύσει

314 2930 367 2968 25
399 2927 695 2979 προκαλεῖται
727 2924 1021 2981 Sylburgius:
1062 2929 1385 2982 προσκαλεῖται
