2004 3202
395 799 799 855 ΔΙΟΝΤΣΙΟΤ
838 798 1430 854 ΑΛΙΚΑΡΝΑΣΕΩΣ

248 903 424 957 ΠΕΡΙ
462 903 618 958 ΤΩΝ
655 902 1129 957 ΘΟΤΚΤΔΙΔΟΤ
1167 901 1592 957 ΙΔΙῼΜΑΊῺΝ

371 1126 709 1169 ΔΙΟΝΥΣΙΟΣ
740 1126 1004 1188 ΑΜῌΑΙΩΙ
1035 1125 1140 1167 ΤΩΙ
1171 1125 1463 1167 ΦΙΛΤΑΤΩΙ

790 1202 1036 1243 XAIPEIN

178 1301 320 1372 Ἐγὼ
359 1301 462 1373 μὲν
491 1304 884 1375 ὑπελάμβανον
914 1305 1231 1376 ἀρκούντως
1262 1303 1631 1374 δεδηλωκέναι
1658 1305 1758 1358 τὸν
1801 1322 1823 1356 5

82 1393 438 1447 Θουκυδίδου
468 1401 798 1465 χαρακτῆρα,
829 1396 895 1447 τὰ
925 1393 1154 1463 μέγιστα
1183 1391 1276 1446 καὶ
1306 1394 1615 1463 κυριώτατα
1645 1403 1758 1447 τῶν

73 1480 437 1550 ὑπαρχόντων
473 1480 599 1552 περὶ
637 1482 809 1536 αὐτὸν
849 1483 1162 1552 ἰδιωμάτων
1201 1479 1533 1549 ἐπεξελθών,
1574 1481 1636 1535 ἐν
1674 1475 1758 1545 οἷς

74 1589 137 1637 γε
176 1570 245 1638 δὴ
291 1571 526 1640 μάλιστα
572 1570 861 1642 διαφέρειν
900 1569 1088 1635 ἔδοξέν
1134 1591 1228 1640 μοι
1273 1580 1386 1623 τῶν
1430 1571 1536 1640 πρὸ
1585 1569 1758 1624 αὐτοῦ

54 1657 329 1729 ’ρητόρων
373 1679 430 1712 τε
474 1658 565 1713 καὶ
614 1659 1006 1731 συγγραφέων,
1059 1662 1332 1730 πρότερον
1385 1655 1487 1728 μὲν
1537 1657 1598 1711 ἐν
1642 1667 1759 1721 τοῖς

90 1745 216 1817 περὶ
251 1746 260 1818 Ι
293 1751 404 1800 τῶν
434 1747 679 1818 ἀρχαίων
709 1749 960 1820 ῥητόρων
996 1749 1134 1819 πρὸς
1171 1749 1233 1801 τὸ
1274 1749 1376 1801 σὸν
1414 1749 1588 1817 ὄνομα
1628 1760 1759 1801 συν-
1785 1767 1826 1798 ιο

76 1842 365 1906 ταχθεῖσιν
402 1837 939 1907 ὑπομνηματισμοῖς,
979 1838 1190 1906 ὀλίγοις
1230 1834 1363 1906 <δὲ>
1401 1837 1468 1905 δὴ
1507 1838 1760 1908 πρόσθεν

75 1926 299 1994 χρόνοις
338 1923 398 1977 ἐν
436 1933 500 1996 τῇ
539 1924 665 1996 περὶ
705 1926 878 1979 αὐτοῦ
916 1934 1016 1979 τοῦ
1067 1927 1420 1979 Θουκυδίδου
1465 1938 1759 1979 κατασκευ-

76 2015 311 2084 ασθείσῃ
351 2022 536 2084 γραφῇ
575 2015 893 2085 προσειπὼν
930 2015 1028 2068 τὸν
1067 2019 1267 2068 Αἴλιον
1312 2013 1659 2084 Τουβέρωνα,
1699 2012 1760 2066 ἐν

76 2094 112 2172 ᾗ
161 2101 339 2154 πάντα
385 2104 452 2155 τὰ
506 2104 739 2172 δεόμενα
793 2105 964 2171 λόγου
1013 2105 1146 2173 μετὰ
1199 2112 1310 2155 τῶν
1364 2104 1582 2156 οἰκείων
1627 2101 1759 2155 ἀπο-

76 2189 304 2254 δείξεων
327 2189 691 2260 διεξελήλυθα
709 2193 844 2245 κατὰ
875 2193 977 2260 τὴν
1002 2191 1240 2261 ἐμαυτοῦ
1266 2191 1529 2260 δύναμιν·
1569 2197 1672 2244 σοῦ
1696 2187 1758 2243 δὲ
1784 2207 1824 2240 15

74 2279 567 2348 ὑπολαμβάνοντος
596 2275 763 2348 ἧττον
792 2280 1140 2349 ἠκριβῶσθαι
1171 2281 1267 2342 τὰς
1298 2280 1530 2349 γραφάς,
1571 2278 1757 2347 ἐπειδὴ

76 2366 484 2438 προεκθέμενος
530 2369 743 2422 ἅπαντα
789 2370 855 2422 τὰ
909 2370 1289 2438 συμβεβηκότα
1339 2374 1415 2440 τῷ
1459 2375 1758 2438 χαρακτῆρι

78 2457 200 2509 τότε
237 2457 335 2519 τὰς
370 2454 497 2526 περὶ
536 2456 720 2509 αὐτῶν
755 2460 966 2520 πίστεις
1002 2456 1329 2526 παρέχομαι,
1368 2455 1760 2526 ἀκριβεστέραν

198 2636 222 2675 7
258 2630 382 2682 ἐ-νοῖς
411 2631 448 2674 Ρ
479 2633 534 2674 ut
566 2635 620 2674 13
652 2630 754 2688 ἐνῆι
785 2633 833 2676 et
861 2631 1134 2688 plerumque
1302 2635 1357 2675 10
1388 2629 1644 2687 προστόσον
1677 2631 1712 2674 Ρ
1748 2631 1754 2690 Ι

79 2693 458 2748 συντεταχθεῖσιν
481 2690 517 2734 Ρ
584 2740 587 2742 ,
709 2695 761 2734 11
796 2687 847 2735 δὲ
880 2690 960 2758 δὴ]
991 2690 1049 2747 δὴ
1074 2691 1148 2735 Pa.
1179 2688 1230 2735 δὲ
1262 2690 1317 2734 Η.
1345 2690 1607 2748 Stephanus

82 2754 136 2793 13
167 2750 420 2806 προσειπὸν
451 2749 488 2792 Ρ
521 2750 603 2794 sed
635 2767 669 2793 ω
701 2763 842 2807 supra
874 2749 1061 2807 sempsit
1092 2752 1324 2794 corrector
1354 2749 1584 2794 recentior
1626 2751 1632 2806 Ι
1673 2755 1755 2792 τοῦ

78 2805 259 2866 βέρωνα
283 2808 382 2861 Ρε,>
451 2813 506 2852 14
537 2806 755 2853 ἀποδέων
778 2810 834 2853 P:
868 2810 934 2863 ειξ
966 2823 1106 2866 supra
1138 2824 1222 2854 scr.
1255 2824 1314 2853 m.
1347 2823 1437 2854 rec.
1532 2814 1585 2852 15
1619 2807 1756 2863 ἐμαυ-

77 2874 160 2912 τοῦ
188 2866 249 2913 G'r:
281 2869 427 2912 αὐτοῦ
459 2867 534 2911 Pa
723 2873 777 2912 18
810 2866 1026 2927 [πίστ]εις
1056 2883 1162 2913 cum
1190 2868 1336 2913 litura
1367 2868 1403 2911 P
1432 2869 1437 2926 Ι
1465 2865 1756 2925 παρέσχημαι

78 2926 259 2971 mauolt
289 2926 628 2971 Herwerdenus
1494 2955 1498 2959 -
