2004 3202
226 125 336 177 274
643 124 983 168 ΔΙΟΝΥΣΙΟΤ
1013 121 1481 167 ΑΛῙΚΑΡΝΑΣΕΩΣ

231 261 414 328 Θήβας
460 258 520 311 οἵ
559 278 618 312 τε
648 257 962 326 Ἀθηναίων
1006 254 1260 327 πρέσβεις
1306 257 1360 309 οὶ
1397 254 1525 327 περὶ
1562 255 1906 326 Δημοσθένη

225 346 317 400 καὶ
357 348 409 400 οἱ
445 349 594 417 παρὰ
629 349 927 414 Φιλίππου,
966 345 1050 398 ὅτι
1079 346 1216 397 κατὰ
1247 346 1632 414 Λυσιμαχίδην
1663 347 1902 416 ἄρχοντα

226 438 441 544 πίπτει,
488 432 1013 506 παρεσκευασμένων
1065 434 1170 501 ἤδη
1223 434 1290 486 τὰ
1334 434 1472 503 πρὸς
1517 434 1616 486 τὸν
1659 435 1903 503 πόλεμον

227 523 575 633 ἀμφοτέρων,
622 523 785 584 αὐτὸς
831 522 859 575 ὁ
899 519 1267 590 Λημοσθένης
1303 522 1519 589 ποιήσει
1558 523 1803 592 φανερὸν
1842 521 1903 574 έν

181 631 202 664 5
225 618 302 684 τῷ
337 611 463 682 περὶ
501 619 601 664 τοῦ
641 611 917 679 στεφάνου
955 612 1118 681 λόγω,
1157 612 1301 672 τίνες
1339 605 1480 678 ἦσαν
1519 611 1576 663 αἱ
1614 612 1761 682 παρὰ
1791 618 1906 663 τῶν

225 703 530 771 πρεσβειων
576 697 901 769 ἀμφοτέρων
947 697 1215 762 ἀξιώσεις·
1259 697 1264 766 Ι
1306 700 1464 792 θήσω
1512 695 1573 751 δε
1620 698 1673 763 ἐξ
1721 699 1888 767 αὐτῆς
1906 715 2004 755 743

226 789 412 857 λαβὼν
463 794 558 856 τῆς
612 787 826 840 ἐκείνου
879 785 1072 851 λέξεως
1123 787 1190 839 τὰ
1246 767 1603 840 συντείνοντα
1655 789 1794 858 πρὸς
1839 788 1901 841 τὸ

224 885 468 947 πρᾶγμα·
523 876 734 938 (Οὕτως
787 874 1003 938 διαθεὶς
1053 877 1328 938 Φίλιππος
1379 877 1476 938 τὰς
1527 878 1713 941 πόλεις
1765 877 1903 947 πρὸς

226 965 462 1033 ἀλλήλας
507 966 600 1017 διὰ
645 964 882 1033 τούτων,
936 962 1027 1016 καὶ
1073 965 1290 1026 τούτοις
1337 963 1597 1035 ἐπαρθεὶς
1641 973 1757 1028 τοῖς
1800 974 1903 1034 ψη-

161 1074 204 1106 1ο
227 1056 459 1123 φίσμασι
496 1052 588 1105 καὶ
625 1061 744 1115 ταῖς
783 1051 1141 1123 ἀποκρίσεσιν
1177 1048 1310 1120 ἧκεν
1347 1054 1487 1121 ε”χων
1524 1053 1625 1120 τὴν
1664 1054 1903 1122 δύναμιν

225 1140 316 1194 καὶ
354 1143 455 1209 τὴν
477 1140 761 1194 Ἐλάτειαν
798 1140 1110 1210 κατέλαβεν,
1150 1142 1223 1204 ὡς
1255 1139 1373 1194 οὐδ’
1405 1139 1475 1193 ἂν
1505 1145 1561 1194 εἴ
1584 1160 1638 1194 τι
1668 1139 1903 1210 γένοιτο,

225 1231 306 1282 ἔτι
345 1232 809 1299 συμπνευσόντων
845 1229 1002 1299 ἡμῶν
1039 1229 1109 1283 ἂν
1142 1228 1233 1282 καὶ
1264 1238 1375 1282 τῶν
1411 1230 1703 1298 Θηβαίων.’
1764 1229 1904 1283 ἀλλὰ

225 1319 334 1387 μὴν
378 1320 444 1371 τὰ
482 1321 604 1372 τότε
643 1319 926 1388 συμβάντα
965 1317 1290 1387 διεξελθών,
1337 1317 1637 1382 διεξελθὼν
1675 1315 1737 1371 δὲ
1773 1320 1904 1381 τοὺς

227 1405 498 1476 ῥηθέντας
534 1406 629 1476 ὑφ’
664 1405 861 1460 ἑαυτοῦ
893 1409 1092 1474 λόγους
1125 1405 1213 1459 ἐπὶ
1243 1413 1338 1475 τῆς
1370 1406 1669 1475 ἐκκλησίας,
1707 1405 1798 1459 καὶ
1830 1407 1904 1469 ὡς

160 1513 203 1547 15
224 1497 558 1565 πρεσβευτὴς
595 1494 686 1549 ὑπ’
718 1494 1034 1564 Ἀθηναίων
1074 1497 1151 1558 εἰς
1193 1497 1375 1564 Θήβας
1414 1493 1693 1564 ἐπέμφθη,
1732 1502 1902 1548 ταῦτα

224 1585 359 1635 κατὰ
391 1582 539 1647 λέξιν
571 1583 906 1652 ἐπιτίθησιν·
940 1584 1032 1646 (ὡς
1062 1582 1110 1635 δ’
1139 1583 1453 1653 ἀφικόμεθα
1478 1584 1555 1645 εἰς
1579 1585 1674 1646 τὰς
1701 1586 1902 1652 Θήβας,

225 1672 703 1741 κατελαμβάνομεν
731 1675 1011 1725 Φιλίππου
1041 1671 1132 1726 καὶ
1160 1675 1448 1725 Θετταλῶν
1470 1670 1561 1724 καὶ
1584 1680 1696 1724 τῶν
1720 1673 1903 1725 ἄλλων
1929 1692 1943 1706 ·

228 1760 526 1828 συμμάχων
562 1762 837 1830 παρόντας
873 1758 1143 1830 πρέσβεις,
1182 1759 1273 1812 καὶ
1311 1762 1441 1822 τοὺς
1476 1756 1577 1828 μὲν
1607 1759 1905 1830 ἡμετέρους

227 1849 426 1915 φίλους
465 1847 525 1900 έν
563 1851 737 1920 φόβῳ,
776 1850 904 1910 τοὺς
944 1847 992 1900 δ’
1027 1848 1240 1902 ἐκείνου
1269 1847 1533 1919 θρασεῖςῖ
1595 1847 1756 1902 ἔπειτ’
1790 1848 1903 1902 ε’πι-

160 1956 205 1988 20
228 1938 430 2004 στολήν
466 1955 590 1989 τινα
628 1937 886 1999 κελεύσας
925 1936 1354 2006 ἀναγνωσθῆναι
1385 1935 1533 1990 ταῦτ’
1567 1936 1901 2005 ἐπιτίθησιν·

229 2023 441 2092 εἐπειδὴ
487 2027 681 2078 τοίνυν
733 2024 1058 2093 ἐποιήσαντο
1104 2026 1205 2094 τὴν
1252 2025 1567 2093 ἐκκλησίαν,
1619 2032 1903 2095 προσῆγον

229 2111 472 2175 ἐκείνους
503 2115 595 2166 διὰ
626 2115 686 2166 τὸ
719 2115 821 2182 τὴν
843 2123 954 2167 τῶν
978 2115 1276 2184 συμμάχων
1299 2113 1452 2178 τάξιν
1478 2113 1721 2176 ἐκείνους
1744 2116 1901 2182 ἔχειν.

346 2292 372 2330 8
411 2287 745 2331 Demosthenes
786 2302 848 2332 or.
877 2293 952 2345 18,
979 2293 1063 2333 168
1094 2304 1125 2345 p
1150 2293 1235 2332 284
1371 2293 1424 2332 16
1464 2287 1590 2332 idem
1622 2301 1684 2330 or.
1714 2290 1788 2343 18,
1814 2291 1897 2330 211

227 2360 258 2401 p
284 2350 383 2402 298,
410 2350 466 2388 14
587 2351 639 2390 21
673 2346 851 2391 ibidem
883 2353 967 2392 213
999 2363 1030 2404 p
1056 2352 1155 2404 299,
1184 2352 1206 2390 1

350 2511 371 2548 1
406 2504 446 2548 τ’
476 2521 498 2547 r
549 2514 639 2551 τῶν
671 2508 891 2552 Morellus
1002 2513 1027 2552 5
1059 2516 1140 2553 τοῦ
1173 2523 1246 2554 0111
1280 2524 1300 2552 3
1329 2511 1334 2566 Ι
1370 2505 1602 2564 στεφάνου
1632 2506 1749 2563 λόγω
1872 2511 1897 2551 6

230 2564 437 2616 ἀξιώσεις
460 2564 601 2608 MBO
658 2565 941 2623 στεφοτέρων
964 2569 1172 2621 ἀξιώσεις
1194 2569 1231 2611 Ρ
1285 2565 1515 2624 στεφάνου
1541 2581 1560 2609 3
1655 2570 1680 2608 5
1714 2565 1763 2608 αἱ
1793 2565 1900 2621 περὶ

231 2622 361 2667 libri.
396 2637 497 2666 corr
519 2623 851 2668 Herwerdenus
966 2632 991 2670 6
1024 2625 1068 2671 δ’
1097 2643 1120 2670 1·
1231 2631 1257 2670 8
1287 2643 1403 2671 ουτω
1430 2623 1702 2681 Sylburgius
1732 2626 1737 2680 1
1766 2624 1790 2668 ὁ
1819 2622 1899 2667 Φί-

230 2684 395 2731 λιππος
435 2696 453 2723 3
495 2695 550 2724 ex
585 2682 702 2726 Dem
837 2690 888 2727 11
937 2687 1089 2744 κατεβ.
1129 2683 1379 2751 κατέλαβεν
1419 2684 1485 2727 sic
1514 2684 1551 2727 Ρ
1686 2687 1740 2725 12
1789 2698 1898 2738 συμ-

230 2739 522 2784 πνευσόντων
563 2740 795 2785 30103011111
833 2745 886 2786 ut
915 2758 999 2788 1103
1030 2760 1080 2788 111
1109 2745 1227 2788 Dem
1256 2743 1389 2788 libris
1420 2743 1490 2786 ita
1519 2741 1617 2785 iam
1646 2741 1899 2797 Dionysius

231 2798 361 2855 legit,
396 2798 782 2854 συμπνευσάντων
814 2803 1029 2846 certatim
1051 2803 1355 2847 restituerunt
1381 2799 1431 2859 Ι
1415 2819 1475 2846 αν
1506 2801 1633 2858 ἡμῶν
1664 2800 1781 2844 Dem

234 2863 287 2901 13
320 2857 518 2901 alterum
540 2859 781 2910 διεξελθὸν
812 2860 973 2904 MB²P
1007 2863 1013 2919 Ι
1046 2863 1171 2935 τοὺς]
1204 2862 1284 2907 καὶ
1312 2861 1420 2911 τοὺς
1451 2875 1470 2903 3
1622 2863 1675 2902 16
1709 2857 1778 2917 δ’]
1810 2858 1901 2916 γὰρ

231 2917 346 2960 Dem
468 2921 521 2959 17
552 2920 763 2962 θεταλῶν
793 2918 830 2961 Ρ
950 2925 1003 2963 22
1037 2919 1241 2972 ἐκείνους
1270 2917 1519 2976 προτέρους
1549 2917 1630 2962 διὰ
1659 2918 1774 2962 Dem
