2004 3202
631 121 777 164 ΠΕΡΙ
807 120 1210 165 ΘΟΤΚΤΔΙΔΟΤ
1662 120 1773 173 399

93 265 206 310 τῶν
236 255 552 325 Ἀθηναίων
587 257 689 344 τὴν
727 255 990 310 ἐναντίαν
1021 254 1239 322 ταύτης,
1279 251 1411 307 οὐδὲ
1447 256 1544 329 τὰς
1579 255 1772 324 ὁμοίας

93 345 336 408 ταύταις·
385 344 451 398 οὐ
491 346 596 414 γὰρ
637 345 846 413 ἀνάγκη
884 343 1060 406 πάσας
1101 340 1520 412 ἐξαριθμεῖσθαι
1559 344 1655 406 τὰς
1695 345 1772 406 εἰς

91 434 192 486 τὸν
231 432 402 486 αὐτὸν
439 432 939 503 κατεσκευασμένας
976 438 1071 500 τῆς
1117 429 1407 484 διαλέκτου
1445 438 1771 502 χαρακτῆρα.

93 522 186 575 ἵνα
225 518 287 574 δὲ
325 522 397 591 μὴ
445 520 577 593 δόξῃ
624 542 708 585 τις
754 522 949 591 φάσεις
994 520 1534 590 ἀναποδείκτους-με
1574 519 1772 588 λέγειν,

65 611 306 672 Βπολλὰς
329 607 725 682 παΙρασχέσθαι
747 613 958 672 πίστεις
982 610 1289 679 δυνάμενος
1312 607 1478 662 δυσὶν
1502 608 1772 679 ἀρκεσθή-
1818 625 1840 657 5

93 713 256 768 σομαι
303 699 687 770 δημηγορίαις,
734 699 827 752 ἵνα
873 699 944 768 μὴ
991 698 1198 768 μακρὸς
1244 697 1273 751 ὁ
1322 699 1485 766 λόγος
1530 696 1771 780 γένηται,

90 795 155 858 τῇ
213 786 548 857 Περικλέους
601 787 873 858 ἀπολογίᾳ
924 785 1015 839 καὶ
1066 794 1130 857 τῇ
1178 785 1583 858 Ἑρμοκράτους
1635 787 1772 857 πρὸς

91 878 509 947 Καμαριναίους
546 879 846 947 κατηγορίᾳ
894 877 1031 930 κατὰ
1070 882 1166 943 τῆς
1197 873 1512 943 Ἀθηναίων
1547 877 1771 937 πόλεως.

195 964 252 1017 Ὁ
289 962 391 1034 μὲν
429 961 532 1018 οὖν
571 969 848 1036 Περικλῆς
885 972 1056 1018 ταῦτα
1096 962 1264 1032 λέγει·
1304 962 1435 1016 (Καὶ
1473 964 1863 1034 προσδεχο-44

91 1051 237 1125 μένῳ
269 1073 363 1122 μοι
394 1055 460 1107 τὰ
491 1062 586 1123 τῆς
618 1054 786 1125 ὀργῆς
815 1054 973 1123 ὑμῶν
1004 1055 1081 1116 εἰς
1112 1050 1205 1122 ἐμὲ
1237 1051 1523 1121 γεγένηται
1550 1050 1772 1124 (αἰσθά-
1795 1069 1839 1100 1⁰

91 1161 256 1210 νομαι
305 1143 410 1212 γὰρ
461 1140 829 1214 τάςυαῐτίας),
884 1141 975 1195 καὶ
1023 1141 1314 1210 ἐκκλησίαν
1366 1142 1567 1195 τούτου
1613 1139 1772 1194 ἕνεκα

91 1227 428 1299 ξυνήγαγον,
475 1232 620 1294 ὄπως
664 1232 965 1300 ὑπομνήσω
1012 1229 1102 1283 καὶ
1150 1229 1465 1300 μέμψωμαι,
1514 1235 1568 1283 εἴ
1607 1250 1659 1283 τι
1698 1231 1770 1299 μὴ

91 1318 278 1388 ὀρθῶς
315 1318 348 1387 ἢ
397 1318 516 1389 ε’μοὶ
561 1322 911 1388 χαλεπαίνετε
956 1318 989 1387 ἢ
1037 1327 1156 1381 ταῖς
1210 1318 1516 1389 ξυμφοραῖς
1571 1319 1771 1372 εἶκετε.’

90 1414 261 1461 ταῦτα
311 1409 629 1478 Θουκυδίδῃ
676 1404 777 1476 μὲν
823 1409 1098 1477 γράφοντι
1144 1405 1269 1477 περὶ
1315 1415 1415 1460 τοῦ
1461 1407 1664 1477 ἀνδρὸς
1712 1405 1773 1459 ἐν

109 1497 365 1568 ἱστορικῷ
405 1498 634 1566 σχήματι
665 1498 1014 1566 προσήκοντα
1044 1491 1131 1564 ἦν,
1171 1499 1433 1565 Περικλεῖ
1464 1492 1524 1548 δὲ
1556 1492 1770 1566 ἀποξλο-
1795 1512 1839 1544 15

82 1570 342 1658 ’γουμένφ
390 1586 530 1655 πρὸς
581 1583 953 1656 ἠρεθισμένον
1000 1586 1166 1653 ὄχλον
1217 1583 1318 1637 οὐκ
1370 1580 1440 1652 ἧν
1495 1583 1772 1651 ἐπιτήδεια

90 1675 364 1743 εἰρῆσθαι,
419 1672 510 1726 καὶ
564 1682 735 1727 ταῦτα
793 1673 853 1726 ἐν
907 1673 1097 1743 ἀρχαῖς
1139 1680 1234 1741 τῆς
1273 1672 1598 1741 ἀπολογίας,
1637 1670 1772 1742 πρὶν

91 1760 297 1833 ἑτέροις
338 1761 496 1815 ’τισὶν
549 1760 1008 1832 ἀπομειλίξασθαι
1062 1764 1249 1830 λόγοις
1295 1763 1391 1823 τὰς
1443 1761 1611 1830 ὀργὰς
1661 1770 1772 1814 τῶν

91 1852 312 1914 εἰκότως
367 1849 454 1903 ἐπὶ
507 1859 626 1913 ταῖς
679 1859 991 1921 συμφοραῖς
1044 1849 1389 1920 ἀχθομένων,
1443 1848 1773 1919 τετμημένης

92 1936 194 2008 μὲν
231 1940 339 1993 ὑπὸ
381 1939 837 2007 Λακεδαιμονίων
867 1946 962 2006 τῆς
991 1942 1282 2008 κρατίστης
1312 1946 1427 2006 γῆς,
1465 1943 1677 1991 πολλοῦ
1710 1935 1771 1990 δὲ
1795 1957 1840 1988 20

92 2029 228 2081 κατὰ
266 2029 364 2080 τὸν
405 2028 599 2096 λοιμὸν
637 2025 982 2089 ἀπολωλότος
1014 2029 1198 2096 ὄχλου,
1237 2027 1338 2095 τὴν
1368 2025 1416 2079 δ’
1449 2028 1631 2079 αἰτίαν
1660 2031 1772 2079 τ’ῶν

92 2125 276 2169 κακῶν
328 2117 541 2169 τούτων
600 2123 701 2168 τοῦ
758 2114 1002 2184 πολέμου
1061 2117 1489 2184 παρεσχηκότος,
1553 2113 1619 2167 ὃν
1673 2113 1763 2167 ὑπ’

95 2203 310 2258 ε’κείνου
347 2202 668 2266 πεισθέντες
706 2201 1046 2266 ἀνεδέξαντο.
1109 2203 1285 2272 σχῆμά
1323 2222 1380 2255 τε
1413 2202 1479 2255 οὐ
1511 2210 1674 2255 τοῦτο
1706 2210 1769 2272 τῇ

93 2294 314 2364 διανοίᾳ
351 2290 805 2363 πρεπωδέστατον
843 2287 936 2360 ἦν,
987 2292 1047 2344 τὸ
1097 2290 1492 2360 ἐπιτιμητικόν,
1533 2290 1671 2344 ἀλλὰ
1708 2292 1769 2343 τὸ

91 2383 505 2451 παραιτητικόν·
538 2380 605 2433 οὐ
629 2382 733 2450 γὰρ
761 2379 1028 2449 ἐρεθίζειν
1050 2382 1311 2450 προσήκει
1335 2381 1431 2442 τὰς
1454 2389 1565 2432 τῶν
1592 2381 1771 2449 ὄχλων
1794 2399 1837 2430 25

214 2576 239 2614 9
272 2569 402 2613 Thuc
426 2569 468 2612 II
492 2573 547 2612 60

102 2768 103 2771 ’
215 2752 236 2790 1
271 2747 442 2797 ταύτας
472 2747 508 2789 Ρ
600 2751 624 2789 5
649 2743 967 2803 παρεσχέσθαι
989 2746 1025 2790 Ρ
1116 2751 1142 2790 9
1173 2749 1402 2801 περικλεῖς
1425 2746 1460 2789 Ρ
1547 2750 1601 2789 10
1627 2745 1672 2796 ἐς
1695 2745 1717 2786 f

96 2811 151 2849 12
184 2805 436 2863 μέμψωμαι
467 2804 610 2849 etiam
646 2806 705 2849 Θε
739 2804 979 2862 μέμφομαι
1011 2818 1066 2849 ex
1096 2819 1188 2849 uno
1214 2805 1264 2849 F
1292 2805 1443 2849 edidit
1475 2804 1710 2848 Bekkerus

96 2869 150 2908 19
185 2864 374 2909 εἰκότων
406 2865 454 2907 Μ
481 2867 487 2922 Ι
513 2862 799 2920 τεκμημένης
828 2863 864 2907 Ρ
954 2868 1009 2907 23
1041 2865 1115 2923 τῇ]
1149 2864 1366 2924 <ταύτη>
1398 2870 1452 2922 τῇ
1486 2863 1526 2907 ci
1552 2862 1768 2906 Reiskius

217 2929 272 2967 25
306 2931 505 2981 προσῆκε
539 2923 678 2967 MPf:
713 2937 814 2966 corr
844 2922 1061 2966 Reiskius
