2004 3202
211 121 319 175 252
478 124 818 166 ΔΙοΝΤΣΙοΤ
849 123 1125 166 AMKAPN.
1187 121 1608 166 ΔΗΜΟΣΘΕΝΗΣ

212 266 548 327 φαντοῦντες
585 258 685 325 τὴν
723 258 1095 326 βραχυλογίαν
1142 254 1199 307 ἐκ
1245 257 1450 318 παντὸς
1489 255 1755 323 ἀπαιτεῖν,
1794 256 1882 324 ἥν,

213 346 344 415 ὅπερ
391 342 563 413 εἶπον,
608 346 810 406 παντὸς
848 349 1057 413 μᾶλλον
1101 341 1191 395 καὶ
1238 343 1622 414 εὐκαιρότερον
1659 342 1883 414 παρέχε-

211 453 322 501 ται,
375 443 486 486 τῶν
539 431 599 486 δὲ
653 435 834 486 ἄλλων
887 432 1096 501 ἀρετῶν
1149 430 1436 501 οὐδεμίαν,
1491 431 1672 485 οὐκέτι
1720 446 1883 484 συνο-

214 531 414 591 ρῶντες
469 522 551 574 ὅτι
604 520 692 573 καὶ
740 528 833 587 τῆς
891 522 1189 588 σαφηνείας
1242 521 1326 573 δεῖ
1379 521 1733 589 στοχάζεσθαι
1786 521 1886 573 τὸν

168 627 188 659 5
215 609 416 679 ῥήτορα
462 608 551 661 καὶ
598 617 690 676 τῆς
741 608 1022 678 ἐναργείας
1066 606 1156 659 καὶ
1202 614 1297 675 τῆς
1343 608 1615 676 αὐξήσεως
1660 607 1751 660 καὶ
1789 616 1885 676 τῆς

212 696 336 767 περὶ
390 698 490 764 τὴν
544 698 810 749 σύνθεσιν
863 705 974 748 τῶν
1027 696 1312 764 ὀνομάτων
1364 696 1692 767 εὐρυθμίας,
1744 694 1885 766 ὑπὲρ

214 786 425 837 ἅπαντα
473 782 530 836 δὲ
578 792 746 836 ταῦτα
795 775 909 836 τοῦ
939 786 1252 852 παθητικήν
1296 804 1354 837 τε
1402 783 1492 837 καὶ
1545 785 1749 853 ἠθικὴν
1793 783 1884 838 καὶ

215 872 516 939 ἐναγώνιον
560 881 740 925 ποιεῖν
785 873 885 940 τὴν
931 871 1101 940 λέξιν,
1150 871 1209 924 ἐν
1255 866 1338 934 οἷς
1389 871 1537 925 ἐστιν
1581 872 1613 940 ἡ
1659 875 1884 941 πλείστη

214 969 312 1013 τοῦ
357 966 601 1013 πιθανοῦ
640 970 818 1030 μοῖρα.
893 961 1105 1014 τούτων
1151 958 1212 1013 δὲ
1257 970 1367 1013 τῶν
1406 960 1616 1030 ἀρετῶν
1655 959 1887 1028 ἑκάστην

149 1066 191 1098 10
215 1049 314 1116 οὐχ
353 1048 384 1115 ἡ
425 1051 762 1118 βραχυλογία
808 1050 1067 1119 κράτιστα
1114 1050 1343 1102 δύναται
1381 1059 1578 1117 ποιεῖν,
1618 1049 1756 1102 ἀλλὰ
1793 1047 1885 1101 καὶ

214 1137 243 1190 ὁ
281 1138 620 1206 πλεονασμὸς
669 1136 832 1190 ἐνίων
879 1137 1186 1206 ὀνομάτων,
1235 1130 1277 1209 ᾧ
1315 1135 1405 1190 καὶ
1452 1137 1481 1190 ὁ
1520 1136 1888 1206 Δημοσθένης

212 1225 477 1295 κέχρηται.
552 1228 754 1295 ἔφερον
793 1225 843 1278 δ’
892 1227 961 1278 ἄν
1007 1241 1095 1279 σοι
1139 1227 1549 1296 παραδείγματα
1593 1235 1704 1279 τῶν
1743 1228 1886 1296 εἰρη-

213 1314 416 1382 μένων,
468 1315 515 1366 εἰ
560 1315 631 1383 μὴ
680 1315 928 1382 κοπώδης
965 1315 1205 1383 ’ἔμελλον
1251 1316 1598 1383 φανήσεσθαι
1643 1315 1780 1384 πρὸς
1827 1311 1886 1367 σὲ

214 1403 348 1469 δῆτα
393 1401 582 1470 λέγων.
657 1411 849 1470 ταῦτα,
907 1399 948 1455 ὦ
994 1404 1244 1472 κράτιστε
1281 1401 1542 1474 ἈμΙμαῖε,
1597 1403 1834 1472 γράφειν
1859 1417 1999 1455 1129·

148 1506 189 1538 15
214 1490 431 1559 εἴχομέν
484 1505 571 1543 σοι
623 1489 747 1558 περὶ
802 1499 895 1558 τῆς
940 1490 1341 1559 Δημοσθένους
1390 1490 1597 1554 λέξεως.
1675 1489 1771 1543 ἐὰν
1824 1488 1885 1542 δὲ

216 1578 354 1649 σῴζῃ
404 1580 464 1631 τὸ
517 1580 806 1647 δαιμόνιον
854 1578 1016 1648 ἡμᾶς,
1065 1578 1153 1631 καὶ
1203 1577 1327 1648 περὶ
1372 1586 1467 1646 τῆς
1512 1586 1885 1648 πραγματικῆς

217 1666 386 1719 αὐτοῦ
426 1668 754 1743 δεινότητος,
794 1669 872 1719 ἔτι
911 1670 1155 1735 μείζονος
1192 1666 1224 1734 ἢ
1256 1668 1419 1719 τοῦδε
1450 1666 1540 1719 καὶ
1571 1672 1885 1736 θαυμαστο-

215 1754 376 1823 τέρου
421 1739 797 1823 θεωρήματος,
846 1754 904 1807 ἐν
950 1764 1063 1817 τοῖς
1109 1753 1226 1822 ἑξῆς
1268 1754 1709 1824 γραφησομένοις
1754 1754 1884 1807 ἀπο-

216 1841 463 1911 δώσομέν
500 1857 587 1895 σοι
626 1844 723 1895 τὸν
761 1845 941 1910 λόγον.

334 2006 359 2043 3
392 2001 561 2056 ἀριτῶν
585 2002 622 2044 Β
713 2008 738 2044 5
773 2000 1004 2059 ἐνεργείας
1026 2018 1056 2046 v
1149 2009 1199 2047 11
1236 2001 1392 2061 ἐνίων]
1419 2000 1564 2047 ἐνίοτε
1595 2009 1686 2046 τῶν
1710 2001 1887 2044 Usener

335 2064 388 2103 14
420 2058 607 2117 γράφην
637 2061 672 2103 Ρ
715 2063 720 2116 Ι
757 2063 864 2117 post
903 2060 1100 2118 γράφειν
1128 2062 1166 2104 Β
1199 2060 1258 2112 ὣς
1297 2077 1317 2105 ε
1347 2061 1531 2117 inserit,
1577 2061 1658 2104 sed
1699 2059 1891 2116 punctis·

217 2118 392 2162 deleuit
455 2124 508 2162 16
540 2127 879 2175 πραγματικαῖς
901 2120 939 2163 Β
1003 2125 1057 2164 17
1090 2122 1246 2179 τοῦδε]
1270 2127 1352 2164 τοῦ
1378 2118 1429 2164 δὲ
1454 2121 1491 2163 Β
1520 2123 1526 2180 Ι
1554 2116 1885 2175 θαυμασθοτὲ-

217 2194 299 2231 ρου
323 2177 392 2220 Μ1
424 2192 524 2221 corr
552 2178 715 2222 eadem
745 2193 908 2222 manus
