2004 3202
624 109 770 150 ΠΕΡΙ
799 107 1200 150 ΘοΤΚΤΔΙΔοΤ
1257 83 1262 86 ’
1654 107 1760 160 397

2 227 9 300 Ι,
50 298 52 303 ,
86 245 324 295 λουθον·
371 239 432 294 ἐν
468 242 643 313 τούτῳ
691 238 751 294 δὲ
791 242 844 294 οἱ
889 241 1296 311 φρονιμώτατοι
1342 250 1454 294 τῶν
1485 241 1765 311 Ἑλλήνων

4 315 10 364 3
88 334 339 398 αἴσχιστα
370 326 472 398 μὲν
504 328 862 399 ἐνθυμήματα
892 328 1178 400 φέρουσιν,
1210 328 1511 400 ἀηδεστάτῃ
1545 329 1593 383 δ’
1626 331 1764 384 αὐτὰ

6 407 10 493 J
48 408 49 413 ¹
87 412 558 487 περιλαμβάνουσι
606 418 766 482 λέξει·
813 420 861 472 εἰ
906 419 978 488 μὴ
1025 419 1131 488 ἄρα
1174 428 1526 487 μνησικακῶν
1564 419 1593 473 ὁ
1634 433 1765 487 συγ-

7 550 9 566 ,
86 508 334 576 γραφεὺς
371 514 434 576 τῇ
474 508 631 560 πόλει
670 508 763 560 διὰ
800 507 901 575 τὴν
937 507 1236 575 καταδίκην
1265 514 1440 570 ταῦτα
1448 509 1539 560 -τὰ
1577 507 1763 577 ὀνείδη

8 645 9 650 ,
87 593 483 647 κατεσκέδασεν
528 595 711 663 αὐτῆς,
767 594 820 660 ἐξ
875 591 954 648 ὧν
1005 596 1240 658 ἅπαντες
1292 597 1546 665 μισήσειν
1591 596 1765 665 αὐτὴν
1811 611 1832 643 5

13 733 39 746 A,
90 684 334 751 ἔμελλον.
389 683 422 736 ἃ
453 685 557 753 γὰρ
591 685 644 736 οἱ
674 686 1067 753 προεστηκότες
1095 693 1208 737 τῶν
1243 686 1459 738 πόλεων
1487 683 1579 737 καὶ
1618 690 1767 754 τηλι-

7 782 10 845 ζ
42 782 49 789 ’
90 771 294 834 καύτας
340 769 590 834 ἐξουσίας
638 774 1020 842 πιστευόμενοι
1066 781 1300 843 φρονεῖν
1344 793 1403 826 τε
1446 772 1538 826 καὶ
1585 772 1767 841 λέγειν

89 858 408 928 <ἐοίκασιν>
445 861 583 931 πρὸς
620 862 717 923 τὰς
746 863 932 923 πόλεις
969 858 1107 931 ὑπὲρ
1146 868 1242 929 τῆς
1273 861 1456 914 αὑτῶν
1485 864 1766 932 πατρίδος,

43 979 45 981 >
90 955 261 1001 ταῦτα
284 950 445 1002 κοινὰ
459 949 951 1018 ὑπολαμβάνουσιν
974 950 1208 1012 ἅπαντες
1232 946 1374 1003 εἶναι
1390 958 1485 1019 τῆς
1509 950 1767 1004 ἀποστελ-

37 1094 40 1099 ,
91 1038 295 1106 λούσης
339 1039 548 1100 πόλεως
594 1037 809 1100 αὐτούς.
884 1036 974 1090 καὶ
1012 1036 1139 1108 περὶ
1185 1035 1286 1107 μὲν
1335 1048 1446 1093 τῶν
1492 1040 1768 1107 διαλόγων
1791 1054 1834 1085 10

93 1127 228 1188 ἅλις.

208 1217 332 1267 Τῶν
371 1211 431 1267 δὲ
464 1216 849 1286 δημηγορικῶν
887 1217 1070 1283 λόγων
1098 1215 1418 1285 τεθαύμακα
1447 1213 1549 1285 μὲν
1579 1217 1677 1269 τὸν
1709 1215 1770 1268 ἐν
1785 1225 1857 1277 42

90 1311 155 1373 τῇ
194 1304 383 1374 πρώτῃ
415 1303 602 1375 βύβλῳ
643 1302 887 1373 ῥηθέντα
925 1303 985 1356 ἐν
1008 1302 1269 1372 Ἀθήναις
1297 1304 1406 1357 ὑπὸ
1434 1303 1770 1374 Περικλέους

16 1461 17 1464 ¹
89 1390 218 1462 περὶ
256 1400 356 1444 τοῦ
396 1393 468 1461 μὴ
509 1397 678 1446 εἴκειν
717 1394 1198 1462 Λακεδαιμονίοις,
1237 1394 1335 1446 τὸν
1373 1395 1568 1462 ἔχοντα
1605 1394 1770 1461 τήνδε

90 1482 192 1549 τὴν
245 1480 440 1551 ἀρχήν·
497 1480 629 1549 ‘Tryg-
682 1478 784 1550 μὲν
836 1482 1078 1551 γνώμης,
1133 1479 1174 1535 ὦ
1222 1483 1420 1552 ἄνδρες
1465 1480 1770 1550 Ἀθηναῖοι,
1795 1501 1837 1534 15

92 1566 176 1620 ἀεὶ
214 1576 311 1637 τῆς
357 1569 527 1638 αὐτῆς
572 1571 787 1639 ἔχομαι,
834 1571 906 1639 μὴ
954 1575 1122 1622 εἴκειν
1161 1570 1652 1638 Πελοποννησιόις’
1699 1571 1771 1633 ὡς

40 1652 42 1654 ’
91 1655 184 1710 καὶ
243 1666 359 1720 τοῖς
420 1656 804 1727 ἐνθυμήμασιν
854 1657 1271 1728 ἡρμηνευμένον
1331 1660 1630 1728 δαιμονίως
1681 1657 1771 1711 καὶ

46 1760 88 1800 1
109 1746 235 1798 οὔτε
269 1745 276 1814 Ι
309 1747 445 1799 κατὰ
482 1747 584 1814 τὴν
623 1747 893 1800 σύνθεσιν
930 1756 1041 1799 τῶν
1078 1749 1290 1817 μορίων
1336 1748 1462 1800 οὔτε
1499 1748 1635 1800 κατὰ
1672 1747 1774 1815 τὴν

95 1834 399 1902 ἐξαλλαγὴν
461 1843 574 1888 τῶν
628 1844 1015 1904 σχηματισμῶν
1067 1845 1177 1888 τῶν
1230 1835 1631 1889 ἀνακολούθων
1681 1834 1771 1888 καὶ

15 1922 21 1963 ἒ
95 1921 473 1992 βεβιασμένων
513 1922 846 1992 ἐνοχλοῦντα
882 1925 978 1986 τὰς
1023 1923 1213 1991 ἀκοάς,
1258 1925 1435 1987 πάσας
1473 1921 1535 1976 δὲ
1571 1942 1773 1993 περιει-
1797 1946 1840 1978 20

16 2018 21 2029 “
98 2013 310 2080 ληφότα
348 2013 445 2074 τὰς
483 2010 702 2082 ἀρετάς,
748 2011 946 2065 ὁπόσαι
991 2015 1277 2080 γίγνονται
1314 2011 1438 2082 περὶ
1478 2014 1774 2082 δημηγορι-

19 2159 21 2170 Ξ
94 2101 228 2163 κοὺς
266 2100 558 2168 <λόγους>·
605 2098 695 2153 καὶ
741 2102 871 2162 τοὺς
915 2100 1023 2153 ὑπὸ
1070 2103 1275 2154 Νικίου
1320 2109 1420 2154 τοῦ
1467 2109 1774 2170 στρατηγοῦ

17 2181 22 2215 ³
51 2174 53 2179 .
98 2188 370 2259 ῥηθέντας
402 2188 462 2241 ἐν
483 2187 747 2257 Ἀθήναις
777 2186 917 2259 ὑπὲρ
949 2196 1043 2257 τῆς
1075 2190 1152 2251 εἰς
1175 2192 1440 2242 Σικελίαν
1471 2193 1772 2260 στρατείας·

18 2285 22 2307 7
96 2278 199 2345 τήν
222 2296 280 2329 τε
303 2282 656 2346 πεμφθεῖσαν
677 2277 784 2330 ὑπὸ
802 2276 973 2330 αὐτοῦ
997 2286 1112 2339 τοῖς
1122 2276 1441 2346 Ἀθηναίοις
1466 2277 1774 2347 ἐπιστολήν,

218 2441 272 2480 13
304 2435 433 2479 Thuc
456 2435 478 2479 I
503 2440 734 2479 140—144
796 2441 851 2479 22
875 2435 1112 2480 V19—14.
1147 2441 1319 2480 20-23
1412 2442 1469 2480 24
1499 2437 1584 2481 VH
1602 2442 1774 2482 11—15

19 2608 44 2659 ι.
103 2641 113 2650 ⁴
217 2589 243 2627 2
269 2580 584 2650 προφέρουσιν
608 2583 816 2658 m'alebaf,
839 2583 1055 2628 Reiskius
1087 2643 1096 2651 .
1124 2589 1150 2628 8
1175 2582 1380 2652 gainam?
1406 2585 1606 2642 exempli
1631 2600 1773 2629 causa

98 2644 373 2699 mterposm,
396 2644 504 2698 posss
519 2644 742 2698 πατριδος
756 2642 939 2687 lnatum
955 2645 1123 2687 statmt
1147 2643 1421 2700 Sylbuxglus
1450 2646 1455 2702 Ι
1484 2645 1637 2689 αὐτῶν
1654 2645 1780 2688 MPf

22 2732 26 2743 .
188 2706 214 2744 9
248 2701 585 2758 ἅπτου-τελούσης
607 2701 643 2744 Ρ
734 2706 789 2745 12
821 2699 872 2746 δὲ
906 2716 980 2746 om
1002 2702 1035 2745 h
1130 2707 1183 2746 13
1216 2703 1366 2762 βύβλω
1391 2703 1449 2748 P:
1484 2701 1623 2763 βίβλω
1647 2704 1708 2758 Μ,
1727 2705 1750 2747 f
1768 2708 1770 2761 ξ

39 2811 43 2814 ·
99 2787 214 2844 ὑπὲρ
239 2789 276 2833 Ρ
486 2794 539 2832 15
573 2789 740 2845 ἄνδρες
769 2805 848 2848 mg
870 2790 942 2833 M2
972 2792 1019 2834 et
1049 2790 1099 2834 in
1130 2790 1269 2835 solito
1302 2791 1560 2848 conpendio
1592 2764 1658 2849 (ἴε)
1689 2808 1773 2849 pro

102 2847 144 2892 ἄ.
175 2845 267 2892 Ἀθ.
299 2848 357 2893 P:
391 2862 467 2892 om
489 2848 512 2891 f
521 2850 561 2892 Θ
682 2854 734 2892 17
768 2848 1060 2906 ἐνθυμήμασι
1083 2850 1119 2893 Ρ
1254 2855 1310 2894 22
1342 2851 1506 2907 λόγους
1539 2851 1775 2907 suppleuit

102 2905 366 2964 Kruegerus
451 2912 505 2950 23
530 2914 611 2964 τῆς
654 2913 754 2952 ..24
771 2909 914 2953 αὐτοῦ
933 2909 1052 2952 omP
1066 2909 1071 2967 Ι
1086 2910 1356 2963 amantis-M
1419 2914 1473 2952 24
1490 2907 1571 2952 ὑπ’
1594 2911 1738 2954 αὐτοῦ
1756 2912 1778 2953 f
