1958 3192
165 133 234 185 32
585 134 927 176 ΔΙΟΝΥΣΙΟΤ
957 133 1424 176 ΑΛΙΚΑΡΝΑΣΕῼΣ

165 268 432 337 ἐπιζητεῖν
491 269 637 338 παρὰ
691 270 919 321 Λυσίου.
1010 266 1114 319 κάν
1166 276 1280 330 τοῖς
1334 267 1610 336 ἐπιλόγοις
1665 264 1726 320 δὲ
1779 268 1840 320 τὸ

165 354 267 426 μὲν
315 356 854 426 ἀνακεφαλαιωτικὸν
906 364 1017 408 τῶν
1072 354 1358 425 ῥηθέντων
1402 355 1565 427 μέρος
1611 357 1843 426 μετρίως
1919 357 1923 361 ’

166 466 222 499 τε
261 444 351 498 καὶ
390 444 685 514 χαριέντως
723 444 1047 514 ἀπαριθμεῖ,
1101 444 1162 496 τὸ
1203 440 1263 496 δὲ
1299 445 1610 512 παθητικὸν
1649 443 1842 513 ἐκεῖνο,

167 534 228 587 ἐν
283 527 326 606 ᾧ
377 535 713 603 παράκλησίς
766 553 822 585 τε
879 531 968 584 καὶ
1031 534 1180 594 ἔλεος
1238 531 1329 585 καὶ
1391 532 1574 601 δέησις
1634 532 1724 586 καὶ
1777 535 1844 587 τά

121 638 142 671 5
167 623 382 684 τούτοις
421 622 632 691 ἀδελφὰ
678 624 878 688 ἔνεστι,
926 628 1024 673 τοῦ
1069 623 1442 690 προσήκοντος
1489 620 1844 692 ἐνδεεστέρως

167 710 485 763 ἀποδίδωσι.
1923 775 1927 780 .
1955 761 1958 781 ‹

77 802 150 854 20
276 807 524 861 τοιοῦτος
561 796 661 867 μὲν
701 799 766 866 δὴ
803 800 952 850 ἔστιν
984 797 1012 850 ὁ
1048 797 1262 850 Λυσίου
1300 801 1592 869 χαρακτήρ,
1633 800 1704 861 ὡς
1738 798 1841 866 ἐγὼ

166 888 326 956 δόξης
372 889 473 956 ἔχω
521 885 645 956 περὶ
693 885 877 938 αὐτοῦ.
957 887 1004 939 εἰ
1050 884 1116 938 δέ
1157 905 1238 948 τις
1285 887 1422 939 ἄλλα
1475 889 1622 958 παρὰ
1674 895 1845 940 ταῦτα
1920 902 1958 963 {2}

166 979 430 1044 ἔγνωκεν,
485 974 709 1042 λεγέτω·
762 974 867 1027 κᾶν
915 968 950 1045 ᾗ
999 975 1376 1044 πιθανώτερα,
1429 976 1641 1043 πολλὴν
1696 975 1844 1047 αὐτῷ
1928 974 1958 990 ’“

101 1084 142 1114 10
166 1065 327 1133 χάριν
351 1069 577 1132 εἴσομαι.
639 1064 731 1116 ἵνα
762 1060 822 1116 δὲ
854 1062 1074 1132 βέλτιον
1104 1070 1179 1135 τῷ
1207 1062 1526 1135 βουλομένῳ
1561 1060 1845 1133 ἐγγένηται
1928 1052 1958 1117 ’,Ι

165 1158 384 1221 μαθεῖν,
425 1157 530 1204 εἴτε
570 1151 755 1222 ὀρθῶς
792 1151 945 1220 ἡμεῖς
983 1159 1154 1204 ταῦτα
1199 1150 1290 1204 καὶ
1328 1154 1716 1222 προσηκόντως
1752 1169 1846 1205 πε-
1928 1150 1958 1203 ἷῖ

165 1243 436 1308 πείσμεθα
497 1245 603 1292 εἴτε
663 1238 755 1292 καὶ
818 1241 1258 1310 διημαρτήκαμεν
1318 1241 1419 1308 τὴν
1471 1243 1684 1310 κρίσιν,
1745 1241 1847 1310 τὴν

167 1327 408 1392 ἐξέτασιν
462 1327 549 1380 ἐπὶ
602 1338 713 1381 τῶν
761 1327 856 1381 ὑπ’
905 1327 1119 1381 ἐκείνου
1171 1327 1497 1398 γραφέντων
1548 1332 1847 1398 ποιήσομαι

165 1418 649 1487 προχειρισάμενός
680 1437 737 1469 τε
769 1415 866 1469 ἕνα
897 1419 1066 1484 λόγον
1105 1414 1196 1488 (οὐ
1227 1418 1331 1487 γὰρ
1365 1416 1591 1487 ἐγχωρεῖ
1620 1422 1847 1481 πολλοῖς
1923 1419 1935 1443 ἦ

102 1531 143 1564 15
168 1512 406 1576 χρῆσθαι
443 1503 903 1577 παραδείγμασιν)
945 1505 997 1570 ἐξ
1039 1505 1252 1559 ἐκείνου
1289 1508 1390 1574 τήν
1428 1525 1485 1558 τε
1523 1509 1847 1575 προαίρεσιν
1922 1530 1934 1575 ζ-

169 1594 257 1647 καὶ
304 1596 404 1662 τὴν
451 1596 689 1664 δύναμιν
731 1593 735 1665 Ι
781 1603 880 1648 τοῦ
927 1594 1129 1664 ἀνδρὸς
1173 1593 1530 1663 ἐπιδείξομαι,
1577 1594 1825 1665 ἀποχρῆν
1847 1614 1904 1654 49
1927 1596 1934 1603 “’

171 1685 419 1751 οἰόμενος
471 1693 671 1752 ψυχαῖς
722 1683 1099 1745 εὐπαιδεύτοις
1152 1681 1241 1735 καὶ
1287 1686 1530 1752 μετρίαις
1579 1683 1746 1752 μικρά
1791 1702 1872 1760 τε,

169 1772 421 1839 μεγάλων
466 1771 555 1823 καὶ
603 1772 763 1839 ὀλίγα
807 1777 1028 1825 πολλῶν
1073 1769 1333 1839 γενέσθαι
1381 1772 1656 1839 δείγματα.
1733 1761 1848 1824 ἔστι
1923 1763 1934 1839 ’μ

170 1856 232 1911 δε
270 1859 298 1912 ὁ
341 1862 501 1927 λόγος
541 1859 597 1912 ἐκ
637 1871 747 1913 τῶν
787 1860 1176 1931 ἐπιτροπικῶν,
1229 1859 1665 1964 ἐπιγραφόμενος
1713 1862 1848 1913 κατὰ

105 1974 147 2004 20
171 1951 542 2016 Διογείτονος,
581 1950 855 2003 ὑπόθεσιν
894 1946 955 2001 δε
994 1951 1134 2018 ἔχων
1171 1949 1415 2001 τοιάνδε·
1604 1961 1610 1966 ”

83 2047 150 2098 21
282 2037 575 2103 Διόδοτος,
616 2031 693 2099 εἷς
738 2047 849 2090 τῶν
895 2039 1027 2106 μετὰ
1069 2037 1395 2107 Θρασύλλου
1442 2001 1849 2105 καταλεγέντων

173 2123 233 2175 ἐν
278 2131 353 2195 τῷ
401 2128 902 2198 Πελοποννησιακῷ
947 2124 1187 2197 πολέμῳ,
1242 2124 1455 2193 μέλλων
1507 2125 1725 2179 ἐκπλεῖν
1771 2127 1849 2188 εἰς
1923 2134 1958 2184 ·;

171 2213 271 2279 τὴν
324 2211 512 2265 Ἀσίαν
567 2213 652 2266 ἐπὶ
708 2217 1067 2267 Γλαυκίππου
1129 2215 1418 2283 ἄρχοντος,
1481 2216 1620 2282 ἔχων
1679 2216 1848 2283 νήπια

170 2301 377 2369 παιδιά,
418 2303 687 2369 διαθήκας
727 2302 1017 2371 ἐποιήσατο
1056 2302 1368 2354 καταλιπὼν
1406 2301 1593 2364 αὐτοῖς
1636 2302 1848 2373 ἐπίτρο-

295 2522 316 2560 1
357 2516 446 2561 κᾶν
486 2518 578 2560 FM
697 2526 724 2562 4
763 2518 814 2563 δέ
817 2535 916 2576 ησις
955 2520 1035 2564 καὶ
1076 2519 1197 2570 ἔλεος
1234 2518 1374 2561 ΜΒΡ
1493 2525 1518 2562 5
1560 2517 1848 2590 ἐνδεέστερος

171 2576 254 2618 ΡΒ
376 2582 400 2619 9
444 2576 610 2633 ἔγνωκε
651 2578 875 2622 GMPBv
918 2581 923 2634 Ι
965 2578 1255 2633 πιθανότερα
1295 2576 1376 2620 GF
1512 2582 1566 2620 10
1607 2576 1848 2635 ἐγγένηται

175 2634 401 2679 Sadaeus:
435 2634 622 2692 γένηται
743 2642 796 2680 13
836 2636 1089 2691 διεξέτασιν
1121 2637 1157 2680 Β
1208 2638 1213 2695 Ι
1264 2635 1357 2694 ἐπὶ]
1398 2636 1488 2680 ὑπὸ
1521 2637 1704 2679 FMPB
1754 2637 1848 2682 ἀπὸ

175 2693 247 2736 Gv
294 2694 301 2752 Ι
341 2702 563 2751 ποιοῦμαι
602 2695 784 2739 FMPB
826 2699 899 2751 (ex
937 2697 1213 2753 ποιούμεναι
1251 2709 1352 2739 corr
1385 2694 1460 2751 F1)
1583 2699 1637 2737 14
1677 2711 1724 2739 τε
1765 2694 1849 2741 ἕνα

175 2751 267 2796 Sad
271 2766 402 2796 aeus:
434 2770 537 2797 τινα
637 2759 690 2798 15
722 2758 924 2829 χρῆσθαι
956 2769 1011 2799 ex
1041 2758 1256 2813 χρεῖσθαι
1286 2753 1346 2796 F²
1387 2754 1392 2811 Ι
1434 2753 1538 2811 τὴν]
1572 2751 1623 2796 δε
1655 2754 1740 2810 τὴν
1772 2754 1850 2799 GV

294 2817 346 2855 16
374 2811 659 2868 ἐπιδείξομαι
675 2814 735 2857 A:
763 2812 1048 2870 ἐπιδειξομεν
1066 2812 1296 2858 GMPBF
1321 2815 1394 2868 (ex
1415 2810 1730 2870 ἀπιδείξομεν)

178 2873 230 2913 17
264 2870 468 2926 οἰόμενοι
492 2887 521 2915 v
549 2874 553 2927 Ι
582 2873 871 2923 εὐπαιδετοις
893 2873 930 2914 Β
1023 2879 1077 2916 20
1110 2871 1161 2917 δὲ
1194 2871 1422 2915 omMPB
1515 2877 1568 2914 21
1608 2872 1848 2927 Θρασύλον

16 2960 24 2983 :
96 2988 110 2993 Ὀ
175 2928 447 2974 Turicenses
476 2933 480 2988 Ι
508 2929 875 2988 καταλλεγέντων
908 2931 947 2975 G

1925 2872 1931 2879 -
1919 2801 1926 2807 ι

1940 3058 1942 3070 >
1938 2933 1943 2974 κ.-
1937 2492 1945 2916 -Αῌὴ-φω-ὺ--ψ-Ἄ
