2004 3202
402 148 550 191 ΠΕΡΙ
579 147 710 191 ΤΩΝ.
733 145 1138 190 ΘΟΤΚΤΔΙΔΟΤ
1167 146 1507 190 ΙΔΙΩΜΑΤΩΝ
1691 145 1799 199 437

63 292 118 332 08
137 279 339 349 ἀφανεῖ
376 283 455 334 ἔτι
492 282 760 352 προεώρα.
820 279 911 334 καὶ
946 280 953 348 Ι
986 282 1048 334 τὸ
1088 279 1305 350 ξύμπαν
1345 281 1536 350 εἰπεῖν,
1582 282 1801 350 φύσεως

118 366 222 438 μὲν
252 371 502 440 δυνάμει,
539 369 765 439 μελέτης
796 366 858 423 δὲ
889 370 1190 441 βραχύτητι
1219 369 1507 440 κράτιστος
1537 370 1605 438 δὴ
1639 366 1802 432 οὗτος

119 457 561 528 αὐτοσχεδιάζειν
597 460 664 512 τὰ
702 456 900 512 δέοντα
940 456 1191 526 ἐγένετο.’

233 547 302 600 Οἱ
340 543 402 600 δὲ
440 548 819 617 μειρακιώδεις
858 545 1222 616 σχηματισμοὶ
1259 554 1372 600 τῶν
1402 545 1711 600 ἀντιθέτων
1742 566 1800 600 τε
1820 546 1890 598 17

115 632 208 688 καὶ
246 636 676 706 παρομοιώσεων
712 634 803 688 καὶ
832 636 1209 706 παρισώσεων,
1249 634 1310 689 ἐν
1341 628 1425 698 οἷς
1456 635 1510 689 οἱ
1539 634 1666 705 περὶ
1700 636 1799 688 τὸν
1844 656 1865 688 5

119 725 366 795 Γοργίαν
418 725 654 794 μάλιστα
710 723 1076 793 ἐπλεόνασαν,
1136 725 1331 793 ἥκιστα
1376 731 1453 797 τῷ
1499 731 1799 795 χαρακτῆρι

117 813 293 885 τούτῳ
331 815 730 884 προσήκοντες,
770 813 1050 883 αὐστηρὰν
1086 814 1270 882 ἔχοντι
1306 814 1409 882 τὴν
1448 811 1670 881 ἀγωγὴν
1707 810 1799 864 καὶ

115 909 217 954 τοῦ
254 910 472 971 κομψοῦ
512 906 770 955 πλεῖστον
817 901 1170 970 ἀφεστηκότι,
1216 904 1466 955 τοιοῦτοί
1506 900 1653 964 τινές
1691 902 1799 954 εἰσι

114 991 263 1060 παρὰ
308 996 384 1061 τῷ
431 999 760 1060 συγγραφεῖ·
807 990 1082 1059 εφαίνεται
1126 991 1232 1060 γὰρ
1270 989 1303 1058 ἡ
1343 997 1451 1043 νῦν
1487 988 1798 1059 καλουμένη

109 1076 304 1141 Ἑλλὰς
342 1078 409 1131 οὐ
454 1080 624 1132 πάλαι
670 1081 903 1148 βεβαίως
943 1077 1272 1148 οἰκουμένῃ’
1341 1077 1433 1131 καὶ
1472 1080 1552 1132 ἔτι
1601 1077 1684 1131 δέ·
1725 1078 1803 1131 εοἳ
1823 1098 1873 1130 10

115 1163 218 1235 μὲν
254 1165 346 1220 καὶ
384 1169 532 1237 παρὰ
563 1167 804 1237 δύναμιν
833 1169 1100 1237 τολμηταί
1125 1166 1216 1220 καὶ
1246 1168 1395 1238 παρὰ
1424 1167 1652 1237 γνώμην
1681 1186 1798 1219 κιν-

117 1257 400 1309 δυνευταί·
432 1257 493 1308 τὸ
526 1254 574 1309 δ’
605 1254 872 1326 ὑμέτερον
895 1263 991 1324 τῆς
1013 1276 1072 1310 τε
1103 1256 1389 1326 δυνάμεως
1413 1255 1573 1309 ἐνδεᾶ
1595 1254 1799 1326 πρᾶξαι

19 1371 27 1389 0
113 1350 210 1412 τῆς
246 1364 305 1397 τε
343 1345 563 1414 γνώμης
601 1341 738 1414 μηδὲ
775 1353 891 1407 τοῖς
937 1347 1181 1414 βεβαίοις
1219 1352 1533 1413 πιστεῦσαι,
1584 1353 1696 1397 τῶν
1736 1339 1798 1396 δὲ

115 1433 316 1485 δεινῶν
354 1431 624 1502 μηδέποτε
670 1437 890 1486 οἰέσθαι
937 1432 1438 1502 ἀπολυθήσεσθαι’·
1482 1431 1574 1486 καὶ
1614 1431 1676 1486 ἐν
1714 1425 1797 1494 οἷς

113 1521 210 1584 τὰς
270 1522 684 1590 καταλαβούσας
744 1522 845 1590 τὴν
898 1521 1135 1575 Ἑλλάδα
1197 1523 1486 1592 συμφορὰς
1547 1522 1641 1575 διὰ
1702 1522 1798 1583 τὰς
1821 1540 1870 1574 1⁵

19 1615 26 1671 »J
116 1608 333 1672 στάσεις
381 1609 718 1681 ἐπεξέρχεται
763 1611 951 1664 τοιάδε
996 1612 1249 1681 γράφων·
1305 1611 1497 1679 “τόλμα
1541 1608 1644 1680 μὲν
1689 1611 1795 1680 γὰρ

19 1717 24 1723 ·
115 1697 404 1766 ἀλόγιστος
452 1698 679 1770 ἀνδρεία
725 1698 1041 1770 φιλέταιρος
1089 1699 1379 1768 ἐνομίσθη·
1429 1697 1687 1768 μέλλησις
1733 1695 1796 1751 δὲ

114 1787 409 1856 προμηθὴς
448 1789 626 1841 δειλία
664 1787 954 1858 εὐπρεπής,
993 1789 1054 1841 τὸ
1094 1785 1156 1841 δὲ
1196 1798 1425 1858 σῶφρον
1462 1790 1751 1858 πρόσχημα
1785 1784 1791 1858 Ι

55 1889 111 1928 09
130 1883 229 1928 τοῦ
261 1875 561 1946 ἀνάνδρου,
593 1875 683 1928 καὶ
710 1877 770 1928 τὸ
796 1878 873 1939 εἰς
904 1877 1050 1929 ἅπαν
1081 1875 1309 1941 ξυνετὸν
1341 1875 1427 1929 ἐπὶ
1451 1884 1563 1929 πᾶν
1586 1875 1794 1947 ἀργόν.’

114 1965 292 2017 πολλὰ
331 1965 558 2018 τοιαῦτά
596 1983 678 2026 τις
717 1962 787 2016 ἂν
825 1963 980 2034 εὕροι
1019 1963 1089 2017 δι’
1130 1965 1260 2033 ὅλης
1305 1964 1478 2017 αὐτοῦ
1516 1972 1610 2033 τῆς
1652 1965 1795 2016 ἱστο-
1819 1983 1869 2016 20

115 2055 237 2121 ριάς
285 2053 569 2121 λεγόμενα,
619 2052 778 2104 ἱκανὰ
827 2049 888 2104 δὲ
941 2050 1032 2104 καὶ
1078 2059 1248 2105 ταῦτα
1303 2053 1592 2120 δείγματος
1637 2050 1796 2105 ἕνεκα

116 2142 389 2210 εἰρῆσθαι.

233 2269 514 2314 9ThucI2
638 2270 824 2314 10170
947 2270 1172 2314 1611182

235 2423 257 2460 1
291 2418 525 2472 προεώραι
549 2417 585 2460 Ρ
615 2418 828 2473 προεώρα
860 2417 1054 2473 μάλιστα
1084 2419 1123 2462 Θ
1242 2422 1270 2461 4
1302 2418 1363 2461 ad
1393 2416 1652 2474 marginem
1683 2417 1795 2461 obe-

114 2476 212 2519 lum
245 2483 292 2519 et,
324 2477 609 2533 σ(ημειῶδε)ς
640 2476 836 2533 adponit
859 2477 896 2519 P
1024 2481 1050 2520 5
1081 2475 1352 2534 παρομοίων
1383 2476 1514 2521 libri:
1546 2490 1648 2520 corr
1677 2476 1794 2520 Her-

15 2543 18 2559 ¹
112 2535 354 2579 werdenus
388 2535 437 2578 ef
464 2535 671 2579 Sadaeus
703 2538 892 2591 quaesti:
923 2550 971 2579 cr
1000 2551 1031 2592 p
1057 2541 1141 2579 212
1171 2537 1176 2594 Ι
1203 2551 1361 2591 περιτο
1393 2533 1586 2593 γοργίαν
1617 2535 1653 2578 Ρ

117 2599 141 2638 7
173 2594 319 2638 τούτω
354 2593 536 2638 GCDs:
569 2594 734 2638 τούτου
764 2602 826 2639 τῶ
858 2595 907 2650 Ρ,
933 2609 960 2638 a
989 2597 994 2653 Ι
1022 2593 1334 2652 προσηκόντεσ
1363 2594 1399 2638 Ρ
1490 2599 1516 2638 8
1548 2594 1734 2651 κόμψου
1758 2594 1795 2636 Ρ

196 2659 221 2697 9
257 2657 311 2696 10
345 2651 475 2704 ἑλλάς
505 2651 767 2709 καλουμένη
805 2653 966 2698 ΘΟΒε
1061 2659 1114 2697 11
1148 2652 1463 2720 κινδυνευταί]
1496 2653 1794 2698 κινδυνευταὶ

111 2713 192 2757 καὶ
224 2711 275 2757 ἐν
307 2719 404 2762 τοῖς
434 2714 608 2763 δεινοῖς
639 2710 873 2764 εὐέλπιδες
903 2712 1017 2757 GDs
1050 2726 1106 2757 ex
1136 2729 1167 2770 p
1191 2718 1291 2769 434,
1318 2717 1409 2770 Ssq
1439 2713 1727 2769 interpolata

114 2777 167 2815 12
202 2768 341 2816 ἐνδεὰ
365 2771 401 2813 Ρ
492 2775 546 2814 13
580 2769 651 2829 δὲ]
682 2787 730 2815 τε
766 2773 806 2815 Θ
906 2777 958 2815 17
992 2770 1164 2828 ἀνδρία
1201 2775 1240 2817 Θ
1348 2777 1401 2815 18
1433 2787 1552 2827 προσ
1584 2787 1732 2829 σχημα
1756 2769 1792 2812 Ρ

233 2835 286 2873 19
318 2837 399 2874 τοῦ
431 2828 671 2886 ἀνάνδρου
702 2828 943 2888 πρόσχημα
980 2832 1070 2875 ΘΔ
1099 2847 1131 2888 p
1156 2836 1255 2888 375,
1282 2835 1336 2875 16
1365 2835 1370 2888 Ι
1400 2831 1465 2882 εἰς
1488 2830 1640 2932 aarum}
1670 2828 1792 2873 εἰσά-

110 2890 205 2943 παξ
223 2889 335 2934 CDs
360 2889 476 2945 πρὸς
499 2888 627 2934 ἅπαν
649 2890 739 2933 ΘΔ
763 2894 863 2945 375,
883 2895 936 2934 16
966 2891 972 2948 Ι
999 2890 1210 2949 ξυνετὸν]
1236 2890 1426 2935 συνετὸν
1444 2889 1556 2933 CDs
1585 2890 1591 2947 1

110 2947 222 2992 libri
344 2952 401 2991 20
432 2947 501 2999 τίς
532 2945 592 2992 ἂν
625 2944 751 3004 εὖροι
784 2947 943 3007 διόλησ
973 2949 1009 2992 Ρ
1131 2955 1183 2993 21
1221 2949 1386 2994 ἱκανὸν
1419 2948 1530 2993 CDs

1642 2886 1792 2932 πίπαν
