2004 3202
815 117 1238 160 ΔΗΜΟΣΘΕΝΗΣ
1755 117 1863 169 213

187 261 527 322 κομματικῶς
565 252 996 304 κατεσκευάσθαι
1036 252 1316 320 βούλεται,
1362 251 1705 322 παράδειγμα
1743 269 1865 304 ποι-

190 340 393 411 ουμένη
440 342 540 408 τὴν
579 340 952 392 ἀκατάσκευον
990 339 1176 408 φύσιν.
1254 340 1302 392 εἰ
1349 338 1415 392 δέ
1459 357 1588 392 ποτε
1636 338 1866 392 ἀκολου-

191 432 416 498 θήσειεν
455 438 569 490 τοῖς
608 428 1041 496 ἀνεπιτηδεύτως
1088 427 1507 497 συντιθεμένοις
1551 428 1749 490 κώλοις
1787 427 1819 496 ἢ
1856 426 1861 498 Ι

104 533 218 572 1073
250 519 529 588 περιόδοις
575 516 607 584 ἢ
656 518 883 585 βάσεσιν
929 517 1232 586 εὔρυθμος,
1287 517 1348 570 τὸ
1402 518 1621 585 συμβὰν
1669 515 1726 568 ἐκ
1771 523 1866 583 τῆς

192 606 500 675 αὐτομάτου
539 607 704 674 τύχης
744 605 844 658 οὐκ
883 605 1201 658 ἀπωθεῖται.
1263 603 1351 658 καὶ
1384 613 1553 657 ταῦτα
1586 603 1634 657 δ’
1659 606 1739 657 ἔτι
1771 611 1866 672 τῆς

191 694 416 764 ἀρχαίας
453 693 543 747 καὶ
585 694 859 764 αὐστηρᾶς
899 694 1164 764 ἁρμονίας
1204 692 1315 747 ἐστὶ
1363 693 1756 763 χαρακτηρικά·
1802 693 1864 745 τὸ

189 786 321 852 μήτε
360 782 687 852 συνδέσμοις
732 788 972 852 χρῆσθαι
1018 787 1244 845 πολλοῖς
1283 781 1404 851 μήτ’
1438 783 1672 852 ἄρθροις
1710 795 1868 834 συνε-

190 871 343 941 χέσιν
382 871 501 924 ἀλλ’
535 874 684 924 ἔστιν
724 872 813 924 ὅτε
851 869 941 923 καὶ
979 881 1090 923 τῶν
1121 870 1436 939 ἀναγκαίων
1468 870 1768 938 ἐλάττοσιν,
1806 871 1867 922 τὸ

191 961 263 1029 μὴ
302 963 574 1030 χρονίζειν
605 958 691 1012 ε’πὶ
731 969 841 1012 τῶν
873 959 1055 1012 αὐτῶν
1084 961 1344 1013 πτώσεων
1388 961 1485 1012 τὸν
1522 961 1692 1027 λόγον
1731 958 1868 1011 ἀλλὰ

191 1050 403 1117 θαμινὰ
449 1051 817 1117 μεταπίπτειν,
864 1049 924 1100 τὸ
973 1055 1067 1115 τῆς
1115 1048 1450 1110 ἀκολουθίας
1495 1058 1606 1101 τῶν
1651 1047 1870 1118 προεξε-

192 1135 505 1205 νεχθέντων
549 1137 924 1206 ὑπεροπτικῶς
971 1139 1118 1204 ἔχειν
1167 1138 1266 1204 τὴν
1313 1137 1519 1206 φράσιν
1565 1133 1703 1205 μηδὲ
1748 1133 1862 1188 κατ’

193 1227 424 1292 ἄλληλα,
464 1226 524 1277 τὸ
564 1234 827 1294 περιττῶς
864 1223 954 1276 καὶ
996 1226 1148 1286 ἰδίως
1187 1223 1276 1277 καὶ
1315 1226 1386 1294 μὴ
1427 1226 1562 1277 κατὰ
1599 1225 1700 1292 τὴν
1735 1224 1869 1277 ὑπό-

192 1318 361 1381 ληψιν
392 1312 424 1380 ἢ
455 1313 724 1380 βούλησιν
755 1323 866 1365 τῶν
896 1317 1117 1366 πολλῶν
1150 1314 1555 1381 συζεύγνυσθαι
1587 1315 1652 1365 τὰ
1691 1314 1869 1382 μόρια.

191 1401 281 1454 καὶ
313 1402 722 1470 παραδείγματα
754 1397 814 1452 δὲ
847 1400 1013 1468 αὐτῆς
1043 1411 1286 1469 ποιητῶν
1309 1399 1410 1470 μὲν
1439 1400 1529 1454 καὶ
1560 1406 1871 1470 μελοποιῶν

191 1491 224 1557 ἥ
258 1488 304 1541 τ’
337 1490 622 1558 Αἰσχύλου
654 1488 794 1552 λέξις
827 1489 1018 1556 ὀλίγου
1051 1491 1170 1542 δεῖν
1199 1498 1347 1542 πᾶσα
1377 1489 1467 1542 καὶ
1499 1490 1530 1558 ἡ
1562 1491 1870 1560 Πινδάρου,

192 1577 358 1648 χωρὶς
390 1579 473 1631 ὅτι
506 1578 578 1646 μὴ
610 1579 675 1630 τὰ
702 1576 1023 1647 Παρθένεια
1061 1577 1151 1630 καὶ
1191 1584 1244 1631 εἴ
1277 1598 1400 1631 τινα
1432 1579 1649 1641 τούτοις
1680 1578 1872 1647 ὁμοίας

193 1667 407 1720 ἀπαιτεῖ
458 1667 817 1728 κατασκευάς·
891 1668 1240 1735 διαφαίνεται
1295 1667 1361 1720 δέ
1416 1687 1499 1730 τις
1553 1667 1714 1737 ὁμοία
1767 1666 1872 1720 κάν

107 1769 220 1807 1074
252 1750 466 1816 τούτοις
503 1756 507 1822 Ι
544 1754 791 1822 εὐγένεια
822 1754 912 1808 καὶ
943 1758 1206 1825 σεμνότης
1231 1756 1496 1825 ἁρμονίας
1520 1758 1618 1809 τὸν
1642 1756 1872 1826 ἀρχαῖον

194 1845 546 1912 φυλάττουσα
597 1847 776 1896 πίνον.
854 1844 1220 1914 συγγραφέων
1267 1842 1327 1897 δὲ
1382 1847 1757 1915 λαμπρότατός
1814 1865 1871 1897 τε

1895 1064 1937 1096 10

1897 1506 1939 1539 15

193 1931 283 1984 καὶ
337 1933 567 2001 μάλιστα
621 1941 731 1984 τῶν
777 1933 960 1984 ἄλλων
1003 1939 1295 2002 κατορθῶν
1339 1932 1463 2003 περὶ
1516 1934 1720 2002 ταύτην
1766 1934 1867 2001 τὴν
1890 1952 1934 1983 20

197 2019 350 2072 ἰδέαν
377 2021 734 2088 Θουκυδίδης.
797 2022 844 2072 εἰ
883 2020 948 2072 δέ
982 2042 1054 2092 τῳ
1096 2022 1245 2074 δοκεῖ
1282 2025 1599 2091 μαρτυρίων
1630 2024 1709 2074 ἔτι
1749 2024 1870 2075 δεῖν

315 2216 335 2252 1
378 2206 773 2266 κατεσκευάσθαι]
812 2209 897 2265 τὴν
936 2210 1356 2276 ἀκατασκεύασθον
1387 2211 1424 2252 Β
1575 2215 1599 2253 2
1642 2210 1700 2268 εἰ]
1742 2210 1762 2252 ἐ
1793 2210 1867 2269 ΒΙ

195 2269 504 2341 ἀκολουθήΙεν
529 2268 565 2309 Β
597 2282 646 2310 m
678 2271 884 2311 extrema
914 2268 1088 2325 pagina
1201 2275 1225 2311 3
1258 2269 1624 2325 ἀνεπιτηδεύτως
1656 2272 1870 2312 συντιθε-

196 2325 352 2384 μένοις
381 2327 451 2372 M:
490 2327 889 2382 ἀνευπιτηδεύτως
929 2326 1276 2383 συντιθεμένοις
1306 2328 1344 2370 Β
1398 2329 1512 2372 ἀνευ
1544 2326 1870 2383 πιτοθεμένοις

195 2387 270 2430 Pv
347 2391 373 2428 4
398 2383 652 2442 περίοδος
637 2384 665 2441 ὴ
690 2384 823 2443 βάσις
837 2386 1014 2430 Usenel
1041 2390 1046 2443 Ι
1075 2387 1312 2443 εὔρυθμον
1330 2387 1568 2431 Reiskius:
1595 2387 1869 2459 ευρύθμοιςΙ

197 2447 377 2504 συμβᾶν
398 2446 434 2487 Β
526 2449 551 2487 8
578 2443 783 2488 ἐλάττοσι
814 2444 887 2489 Pv
923 2446 928 2502 Ι
962 2445 1012 2490 τὸ
1046 2445 1340 2502 Sylburgius:
1373 2453 1455 2491 τοῦ
1548 2451 1573 2490 9
1605 2445 1810 2490 πτόσεων
1835 2447 1871 2489 Ρ

315 2509 370 2548 10
417 2502 715 2560 μεταπίπτειν
760 2503 1055 2560 Sylburgius:
1096 2505 1407 2561 μεταπέμπειν
1443 2508 1448 2562 Ι
1484 2506 1533 2549 τὸ
1575 2505 1871 2578 Sylburgius·

195 2572 256 2608 τῶ
292 2567 297 2621 Ι
332 2561 643 2613 ἀκολουθείας
667 2563 702 2605 Β
826 2567 877 2605 11
912 2564 1228 2619 ὑπεροπτικῶς
1268 2564 1387 2638 ἔχειν
1418 2565 1504 2621 τὴν
1537 2562 1724 2620 φράσιν,
1756 2562 1871 2637 μηδε

195 2621 495 2680 κατάλληλον,
526 2623 576 2666 τὸ
609 2622 845 2679 περιττῶς]
877 2622 1124 2678 ὑπεριττῶς
1153 2623 1190 2666 Β
1234 2626 1238 2679 Ι
1280 2622 1383 2668 κατ’
1420 2623 1610 2681 ἄλληλα]
1650 2622 1871 2697 κατάλλη-

197 2685 277 2726 λον
300 2682 388 2726 Mv
434 2680 749 2737 ἀκατάλληλον
773 2681 809 2724 Ρ
924 2686 977 2723 12
1009 2682 1059 2726 τὸ
1086 2682 1380 2739 Sylburgius:
1406 2691 1467 2727 τῶ
1501 2685 1507 2740 Ι
1541 2685 1648 2755 post
1671 2681 1792 2727 κατὰ
1824 2681 1872 2724 in

197 2741 232 2784 P
258 2741 462 2797 spatium
492 2740 666 2784 fereVI
698 2740 777 2782 litt
898 2744 951 2782 13
985 2742 1328 2815 συνεύγνυσθαι
1351 2743 1387 2785 Β
1488 2748 1543 2786 14
1575 2739 1679 2799 μεν]
1711 2757 1758 2784 τε
1792 2741 1873 2784 sed

196 2799 247 2843 in
272 2815 411 2856 mgu
382 2816 465 2855 μεν
490 2800 527 2842 Β
651 2804 703 2842 15
734 2814 782 2841 τε
814 2798 895 2841 ΒΡ
923 2801 928 2855 Ι
955 2797 1072 2852 λέξις
1103 2798 1240 2854 ὀλίξις
1263 2802 1299 2844 Ρ
1413 2806 1467 2845 16
1493 2802 1553 2857 μὴ
1578 2800 1635 2844 τὰ
1659 2801 1728 2844 M:
1760 2799 1872 2855 μετὰ

200 2857 320 2902 BPv
349 2861 354 2915 Ι
380 2875 486 2903 τινα
512 2858 807 2914 Sylburgius:
840 2874 970 2908 τινας
1012 2861 1017 2915 Ι
1061 2858 1364 2915 ὁμοίας-δέ
1402 2877 1469 2910 τις
1507 2859 1665 2903 omisit
1695 2860 1768 2901 Pv

201 2921 253 2960 17
288 2916 444 2975 ὁμοία]
486 2916 620 2973 όμοια
653 2917 688 2959 P
812 2922 863 2958 19
897 2924 1035 2962 πῖνον
1058 2918 1235 2962 MBPv
1341 2925 1392 2962 21
1430 2919 1669 2975 μαρτύρων
1695 2918 1730 2959 Β
