1958 3192
108 1059 129 1091 5

87 1502 129 1533 10

88 1942 132 1974 15

308 637 608 692 ΛΤΣΙΑΣ
665 636 1218 690 ΣΤΡΑΚΟΤΣΙΟΣ
1271 637 1693 693 ΠΑΤΡΟΘΕΝ
1833 656 1890 695 45

266 775 478 835 Λυσίας
525 772 553 826 ὁ
593 773 857 841 Κεφάλου
896 773 1301 841 Συρακουσίων
1344 768 1445 840 μὲν
1489 768 1560 841 ἧν
1604 772 1834 842 γονέων,

155 861 426 930 ἐγεννήθη
468 858 527 914 δὲ
558 860 826 928 Ἀθήνησι
865 867 1210 928 μετοικοῦντι
1247 867 1323 931 τῷ
1360 859 1524 931 πατρὶ
1554 859 1645 914 καὶ
1678 876 1835 914 συνε-

151 951 427 1018 παιδεύθη
452 958 566 1011 τοῖς
591 948 1042 1017 ἐπιφανεστάτοις
1061 946 1388 1017 Ἀθηναίων.
1435 950 1525 1017 ἔτη
1559 946 1619 1002 δὲ
1649 967 1834 1003 πεντε-

152 1040 376 1093 καίδεκα
428 1038 669 1105 γεγονὼς
730 1038 807 1098 εἰς
872 1039 1147 1107 Θουρίους
1209 1035 1374 1108 ᾤχετο
1427 1036 1609 1090 πλέων
1663 1040 1768 1091 σὺν
1825 1033 1830 1099 Ι

153 1128 414 1196 ἀδελφοῖς
439 1128 618 1194 δυσίν,
649 1127 1006 1194 κοινωνήσων
1028 1133 1122 1193 τῆς
1153 1125 1421 1194 ἀποικίας,
1459 1125 1530 1194 ἣν
1558 1128 1814 1180 ἔστελλον
1836 1142 1924 1181 453

153 1218 439 1284 Αθηναῖοί
480 1235 537 1268 τε
581 1213 672 1267 καὶ
717 1214 750 1282 ἡ
799 1216 935 1283 ἄλλη
979 1213 1171 1276 Ἑλλὰς
1225 1215 1511 1286 δωδεκάτῳ
1565 1218 1836 1286 πρότερον

152 1307 259 1358 ε”τει
311 1311 411 1356 τοῦ
466 1306 992 1370 Πελοποννησιακοῦ
1051 1301 1319 1372 πολέμου,
1378 1301 1470 1355 καὶ
1531 1301 1837 1356 διετέλεσεν

153 1393 353 1446 αὐτόθι
390 1394 812 1461 πολιτευόμενος
851 1390 911 1444 ἐν
950 1390 1181 1462 εὐπορίᾳ
1213 1395 1386 1461 πολλῇ
1419 1389 1509 1443 καὶ
1543 1392 1837 1459 <παιδευό-

153 1501 315 1551 μενος
353 1482 500 1551 παρὰ
546 1483 704 1551 Τισίᾳ
741 1500 799 1533 τε
836 1479 927 1532 καὶ
965 1480 1171 1551 Νικίᾳ>
1211 1479 1367 1550 μέχρι
1413 1487 1508 1548 τῆς
1548 1489 1836 1551 συμφορᾶς

153 1578 247 1638 τῆς
294 1570 667 1638 κατασχούσης
703 1568 1037 1637 Ἀθηναίους
1085 1567 1144 1620 ἐν
1182 1571 1425 1639 Σικελίᾳ.
1500 1567 1610 1637 μετ’
1658 1568 1835 1622 ἐκεῖνο

155 1656 216 1711 δὲ
267 1659 328 1711 τὸ
382 1659 563 1720 πάθος
617 1659 1010 1719 στασιάσαντος
1061 1665 1161 1710 τοῦ
1214 1658 1393 1726 δήμου
1439 1656 1683 1710 ἐκπίπτει
1730 1659 1838 1710 σὺν

155 1749 342 1809 ἄλλοις
391 1749 724 1816 τριακοσίοις
777 1746 1095 1815 ἀττικισμὸν
1145 1744 1446 1813 ἐγκληθείς.
1527 1744 1618 1798 καὶ
1664 1745 1837 1816 παρα-1

154 1837 450 1904 γενόμενος
495 1831 661 1897 αὖθις
707 1837 784 1898 εἰς
820 1834 1060 1903 Ἀθήνας
1103 1835 1237 1887 κατὰ
1283 1835 1521 1904 ἄρχοντα
1565 1837 1837 1903 Καλλίαν,

156 1922 394 1992 ἕβδομον
430 1922 520 1975 καὶ
560 1924 986 1994 τετταρακοστὸν
1024 1925 1143 1985 ἔτος
1181 1924 1336 1991 ἔχων,
1376 1923 1448 1985 ὡς
1480 1924 1549 1975 ἄν
1579 1943 1661 1986 τις
1693 1924 1837 1976 εἰκά-

156 2026 326 2078 σειεν,
374 2010 427 2074 ἐξ
475 2010 688 2064 ἐκείνου
730 2020 829 2065 τοῦ
868 2014 1074 2082 χρόνου
1112 2010 1380 2064 διετέλεσε
1417 2013 1512 2074 τὰς
1551 2013 1837 2082 διατριβὰς

154 2100 484 2168 ποιούμενος
513 2098 796 2168 Ἀθήνησι.
856 2103 1145 2162 πλείστους
1183 2096 1243 2151 δὲ
1275 2100 1487 2169 γράψας
1519 2103 1720 2168 λόγους
1759 2102 1837 2163 εἰς

157 2189 479 2258 δικαστήριά
509 2208 565 2240 τε
595 2187 686 2239 καὶ
718 2191 922 2256 βουλὰς
952 2187 1042 2241 καὶ
1073 2189 1209 2258 πρὸς
1241 2187 1525 2256 ἐκκλησίας
1554 2187 1837 2257 εὐθέτους,

277 2338 299 2375 1
340 2330 514 2382 Λυσίας
557 2332 859 2386 συρακούσιος
898 2333 1139 2389 πατρόθεν
1175 2332 1390 2376 inscribit
1428 2334 1476 2376 et
1514 2332 1563 2375 111
1607 2348 1687 2390 mg
1729 2333 1836 2389 περὶ

157 2388 314 2435 λυσίου
339 2390 395 2434 F:
428 2390 568 2434 titulo
602 2394 762 2434 carent
794 2393 949 2449 ceteri,
984 2393 1066 2436 sed.
1096 2392 1146 2436 in
1175 2407 1255 2449 mg
1284 2391 1389 2447 περὶ
1413 2389 1569 2436 λυσίου
1593 2392 1642 2434 Μ
1676 2390 1837 2443 λυσίας

159 2450 183 2494 ὁ
217 2448 436 2504 Κεφάλου
468 2450 504 2492 Ρ
636 2455 663 2492 4
701 2450 950 2507 ἀθηναίων
989 2465 1045 2495 ex
1083 2448 1337 2508 ἀθηναίοις
1376 2463 1477 2493 corr
1515 2450 1573 2493 F¹
1623 2451 1628 2509 Ι
1677 2466 1836 2495 πεντε-

158 2506 396 2573 κ[αι’]δεκα
429 2522 532 2551 cum
563 2507 706 2551 litura
730 2509 764 2551 F
857 2516 882 2553 5
908 2511 1107 2566 γεγονὼς
1130 2509 1206 2554 hic
1230 2508 1523 2565 abrumpitur
1548 2508 1580 2553 C
1606 2508 1656 2552 in
1677 2509 1835 2553 media.

157 2581 346 2623 pagma,
380 2567 460 2610 sed
494 2581 549 2610 ea
583 2567 839 2610 nouissima
930 2574 955 2612 6
988 2570 1092 2613 δυσὶ
1122 2569 1209 2613 Mv
1299 2574 1325 2613 8
1359 2567 1433 2624 ἔτη
1467 2567 1554 2611 BG
1656 2573 1681 2611 9
1713 2569 1835 2626 κ[α]ὶ

158 2625 229 2669 Μ1
267 2639 371 2668 cum
409 2640 484 2668 ras
546 2626 760 2669 lacunam
800 2626 922 2671 uidit
962 2630 1009 2671 et
1049 2627 1284 2684 suppleuit
1321 2627 1496 2671 Usener
1534 2626 1720 2670 collatis
1763 2627 1835 2670 uit

157 2684 200 2728 X
238 2698 312 2728 orr
350 2684 469 2727 835(ἰ
593 2690 645 2728 13
686 2685 948 2741 ἐγκληθεῖσι
986 2687 1021 2729 F
1069 2686 1302 2744 ἐκληθεϊσι
1340 2700 1368 2729 a
1418 2685 1652 2729 ἐκλυθεῖσι
1690 2699 1716 2732 ς

160 2748 214 2786 15
253 2743 616 2798 τεσσαρακοστὸν
648 2743 758 2787 libri
798 2746 1169 2800 (τεσσερακοστὸυ
1200 2746 1253 2802 F)
1279 2759 1310 2789 v
1431 2750 1483 2788 16
1517 2742 1766 2788 διετέλεσεν
1798 2745 1835 2787 F

279 2822 330 2860 17
380 2807 430 2859 ἐν’
476 2816 684 2875 ἀθήνῃσι
730 2817 765 2859 F
820 2819 868 2860 et
922 2817 1020 2862 sine
1069 2818 1254 2875 punctis
1303 2817 1342 2861 G
1390 2819 1397 2875 l
1446 2815 1732 2869 πλεί.στους
1778 2831 1835 2861 ex

157 2877 292 2920 πλει.
312 2876 450 2926 ,τοὺς
480 2875 515 2918 F

1915 166 1919 174 .
1909 78 1920 106 ¹*-

1894 655 1920 695 2

1932 385 1943 473 ἒ

1934 487 1944 519 ι’

1935 520 1953 1011 1

1951 1227 1958 1340 Ξ

1950 1347 1958 1416 ἒ
