2004 3202
693 129 837 171 ΠΕΡΙ
867 127 1270 171 ΘοΤΚΤΔΙΔοΤ
1706 125 1813 178 335

35 271 50 289 ’·
141 263 334 334 ἀρετὰς
371 261 636 332 ἀφθόνως
675 261 996 332 ἐπελήλυθε,
1033 259 1123 314 καὶ
1154 270 1265 314 τῶν
1295 259 1631 330 Περικλέους
1659 265 1814 313 πολι-

141 352 423 421 τευμάτων
460 350 738 420 ἁψάμενος
776 350 837 404 ἐν
881 359 945 422 τῇ
992 348 1221 420 δευτέρᾳ
1266 349 1453 420 βύβλῳ
1499 355 1594 416 τῆς
1632 349 1813 417 διαβε-

141 439 410 510 βοημένης
461 438 587 509 περὶ
632 439 803 493 αὐτοῦ
850 439 1012 508 δόξης
1059 438 1214 503 ἄξιον
1258 442 1476 508 εἴρηκεν
1522 436 1812 506 ἐγκώμιον·

140 531 271 598 περί
302 548 360 582 τε
396 527 798 597 Λημοσθένους
844 536 943 582 τοῦ
989 534 1295 598 στρατηγοῦ
1341 525 1675 579 καὶ“Νικίου
1714 535 1812 579 τοῦ

25 684 35 694 ⁴
140 617 461 687 Νικηράτου
513 615 604 670 καὶ
642 616 995 685 Ἀλκιβιάδου
1039 624 1139 669 τοῦ
1183 618 1449 669 Κλεινίου
1495 613 1586 667 καὶ
1633 616 1816 668 ἄλλων
1862 631 1882 664 5

27 720 60 735 '·
141 714 461 776 στρατηγῶν
505 724 563 758 τε
607 704 698 759 καὶ
753 706 1001 775 ρ”ητόρων
1050 702 1418 772 ἀναγκασθεὶς
1463 702 1669 772 λέγειν,
1715 704 1816 757 ὅσα

140 796 488 865 προσήκοντα
532 791 603 863 ἦν
648 793 880 867 ἑκάστω,
931 795 1218 862 δεδήλωκε.
1298 793 1709 863 παραδείγματα
1755 789 1816 844 δὲ

141 882 266 954 περὶ
305 883 490 936 αὐτῶν
519 882 712 953 φέρειν
743 882 810 936 οὐ
842 882 1034 952 δέομαι
1063 891 1179 945 τοῖς
1210 883 1606 950 διεληλυθόσιν
1645 880 1816 934 αὐτοῦ

142 973 237 1035 τὰς
285 973 542 1043 ἱστορίας.
616 980 787 1024 ταῦτα
832 969 933 1041 μὲν
979 967 1082 1025 οὖν
1127 970 1197 1023 ἂν
1242 973 1357 1040 ἔχοι
1410 991 1492 1033 τις
1538 971 1735 1037 εἰπεῖν,
1783 969 1817 1022 ἃ

141 1059 268 1130 περὶ
306 1062 404 1114 τὸν
440 1061 816 1131 πραγματικὸν
861 1062 1031 1113 τόπον
1069 1059 1098 1113 ὁ
1139 1061 1490 1130 συγγραφεὺς
1533 1063 1817 1129 κατορθοῖ,
1842 1075 1886 1106 10

142 1150 281 1202 καλὰ
333 1147 425 1202 καὶ
478 1152 750 1218 μιμήσεως
795 1147 932 1213 ἄξια.
1010 1148 1326 1218 [κράτιστον
1378 1145 1439 1200 δὲ
1488 1148 1710 1200 πάντων
1754 1147 1815 1200 τὸ

144 1235 317 1306 μηδὲν
362 1237 624 1300 ἑκουσίως
669 1238 976 1302 ψεύδεσθαι
1022 1234 1158 1306 μηδὲ
1211 1239 1454 1305 μιαίνειν
1499 1237 1600 1305 τὴν
1645 1236 1816 1289 αὑτοῦ

144 1326 502 1395 συνείδησιν]

255 1414 290 1468 ἃ
336 1413 385 1467 δ’
425 1413 807 1486 ἐλλιπέστερον
862 1415 1221 1468 κατεσκεύασε
1273 1413 1364 1467 καὶ
1411 1413 1494 1484 ἐφ’
1533 1407 1616 1476 οἷς
1664 1413 1818 1480 ἐγκα-
1857 1406 1889 1458 9

15 1523 37 1593 '5
144 1508 340 1556 λοῦσιν
378 1503 526 1575 αὐτῷ
562 1523 735 1571 τινες,
773 1502 899 1574 περὶ
938 1504 999 1556 τὸ
1038 1504 1428 1574 τεχνικώτερον
1465 1501 1629 1573 μέρος
1668 1500 1781 1555 ἐστὶ
1808 1499 1814 1573 Ι
1842 1516 1884 1548 15

19 1608 30 1636 ·’
58 1607 143 1648 826
160 1600 260 1646 τοῦ
297 1600 700 1662 πραγματικοῦ,
744 1594 806 1645 τὸ
847 1595 1144 1662 λεγόμενον
1191 1589 1293 1661 μὲν
1339 1593 1711 1661 οἰκονομικόν,
1759 1589 1819 1643 ἐν

145 1681 378 1744 ἁπάσαις
416 1678 478 1734 δὲ
507 1690 747 1751 γραφαῖς
778 1680 1215 1750 ἐπιζητούμενον,
1254 1680 1350 1734 ἐάν
1379 1701 1437 1733 τε
1476 1682 1820 1750 φιλοσόφους

144 1769 446 1840 προέληταί
478 1790 561 1832 τις
598 1768 898 1833 ὑποθέσεις
937 1770 1033 1823 ἐάν
1074 1789 1132 1823 τε
1171 1771 1475 1841 ῥητορικάς.
1550 1777 1721 1822 ταῦτα
1759 1765 1820 1820 δὲ

149 1856 262 1911 ἐστὶ
298 1860 366 1911 τὰ
402 1857 529 1928 περὶ
567 1859 668 1926 τὴν
706 1859 979 1929 διαίρεσιν
1015 1857 1107 1911 καὶ
1145 1861 1211 1912 τὰ
1241 1857 1367 1929 περὶ
1399 1859 1500 1926 τὴν
1536 1857 1692 1922 τάξιν
1728 1855 1819 1909 καὶ

148 1947 214 1999 τὰ
258 1944 384 2015 περὶ
429 1947 524 2009 τὰς
564 1945 891 2017 ἐξεργασίας.
967 1947 1197 2017 ἄρξομαι
1236 1946 1284 2000 δ’
1323 1947 1429 2000 ἀπὸ
1475 1954 1571 2014 τῆς
1617 1944 1820 2015 διαιρέ-
1844 1959 1887 1991 20
1931 1995 1938 2000 .

149 2049 309 2103 σεως,
355 2035 636 2105 προειπὼν
682 2036 766 2088 ὅτι
811 2045 922 2088 τῶν
965 2036 1072 2106 πρὸ
1119 2036 1290 2088 αὐτοῦ
1341 2034 1653 2105 γενομένων
1691 2048 1820 2101 συγ-

148 2121 407 2194 γραφέων
444 2123 478 2192 ἢ
516 2125 652 2176 κατὰ
689 2126 891 2186 τόπους
929 2126 1260 2194 μεριζόντων
1296 2126 1391 2186 τὰς
1430 2123 1749 2194 ἀναγραφὰς
1788 2123 1819 2191 ἢ

148 2213 283 2265 κατὰ
336 2214 571 2281 χρόνους
624 2211 1215 2282 εὐπαρακολουθήτους
1268 2211 1474 2275 ἐκεῖνος
1527 2211 1822 2282 οὐδετέραν

271 2406 297 2444 2
329 2400 624 2457 Thucydides
656 2400 697 2443 Π
729 2404 785 2444 65
904 2406 932 2444 4
965 2401 1020 2445 de
1053 2401 1361 2446 Demosthene
1391 2402 1642 2458 Dionysius
1675 2402 1816 2459 errat}

155 2460 212 2504 de
243 2459 382 2504 Nicia
412 2459 707 2516 Thucydides
731 2458 813 2503 VII
841 2464 896 2504 86
928 2462 1030 2504 extr
1149 2466 1174 2504 5
1206 2461 1331 2506 idem
1361 2461 1424 2505 VI
1458 2466 1510 2505 15

271 2642 296 2680 2
330 2637 382 2682 ἐν
412 2645 467 2694 τῆ
499 2651 554 2682 ex
586 2639 702 2693 αὐτῆ
735 2650 836 2681 corr
858 2637 930 2680 Μ’
956 2639 962 2695 Ι
989 2636 1126 2697 βίβλω
1157 2638 1267 2682 libri
1359 2643 1385 2682 8
1417 2639 1559 2683 αὐτου
1589 2653 1644 2682 ex
1669 2639 1821 2681 αὐτων

154 2708 255 2740 corr
269 2696 372 2753 prP
464 2702 515 2740 11
550 2696 924 2752 κράτιστον...13
957 2696 1220 2755 συνείδησιν
1252 2698 1604 2742 adnotationem
1634 2696 1820 2741 lectoris

155 2753 409 2799 Christiani
435 2755 612 2800 deleuit
636 2755 841 2799 Sadaeus
865 2770 896 2812 p
913 2761 999 2799 214
1017 2771 1070 2813 sq
1162 2762 1216 2800 12
1240 2755 1355 2814 μηδὲ
1373 2757 1409 2800 Ρ
1436 2760 1441 2813 Ι
1469 2754 1698 2813 μηδεμίαν
1715 2770 1769 2812 pr
1786 2756 1821 2797 P

155 2815 271 2870 μηδε
295 2812 497 2870 μιαίνειν
514 2814 549 2857 Ρ
577 2816 583 2872 Ι
612 2815 755 2858 αὐτοῦ
772 2814 911 2859 MPf:
937 2829 1038 2859 corr
1052 2815 1314 2874 Kruegerus
1401 2822 1455 2860 14
1473 2813 1758 2870 ἐλιπέστερον
1774 2814 1821 2855 Μ

245 2877 297 2916 17
330 2871 515 2924 ἁπάσας
537 2873 594 2916 P¹
686 2877 741 2916 18
771 2871 995 2926 ὑποθέσις
1017 2874 1048 2917 h
1140 2880 1194 2918 19
1227 2876 1331 2930 περὶ
1361 2874 1492 2928 τάξιν
1515 2875 1539 2918 f
1620 2879 1676 2917 20
1701 2876 1821 2917 διαι-

157 2928 318 2986 ρέσεως
341 2932 379 2975 f:
412 2930 717 2987 προαιρέσεως
748 2932 840 2975 MP
959 2938 1012 2977 21
1046 2933 1349 2991 συγγραφέων
1379 2948 1454 2978 om
1484 2934 1542 2976 Ρ1
