<?xml version="1.0" encoding="UTF-8"?>
<!DOCTYPE html PUBLIC "-//W3C//DTD XHTML 1.0 Transitional//EN"
    "http://www.w3.org/TR/xhtml1/DTD/xhtml1-transitional.dtd">
<html xmlns="http://www.w3.org/1999/xhtml" xml:lang="en" lang="en">
 <head>
  <title>
</title>
<meta http-equiv="Content-Type" content="text/html;charset=utf-8" />
  <meta name='ocr-system' content='tesseract 3.04.00' />
  <meta name='ocr-capabilities' content='ocr_page ocr_carea ocr_par ocr_line ocrx_word'/>
</head>
<body>
  <div class='ocr_page' id='page_1' title='image "./quaeexstant05dionuoft_0304.png"; bbox 0 0 2004 3202; ppageno 0'>
   <div class='ocr_carea' id='block_1_1' title="bbox 226 122 335 174">
    <p class='ocr_par' dir='ltr' id='par_1_1' title="bbox 226 122 335 174">
     <span class='ocr_line' id='line_1_1' title="bbox 226 122 335 174; baseline 0 0"><span class='ocrx_word' id='word_1_1' title='bbox 226 122 335 174; x_wconf 79' lang='lat'><strong><em>254</em></strong></span> 
     </span>
    </p>
   </div>
   <div class='ocr_carea' id='block_1_2' title="bbox 224 253 1896 974">
    <p class='ocr_par' dir='ltr' id='par_1_2' title="bbox 225 253 1896 506">
     <span class='ocr_line' id='line_1_2' title="bbox 228 253 1896 329; baseline 0.001 -19"><span class='ocrx_word' id='word_1_2' title='bbox 228 258 291 311; x_wconf 85' lang='lat' dir='ltr'><strong><em>cf.</em></strong></span> <span class='ocrx_word' id='word_1_3' title='bbox 331 258 493 311; x_wconf 84' lang='lat' dir='ltr'><strong>schol.</strong></span> <span class='ocrx_word' id='word_1_4' title='bbox 527 276 599 311; x_wconf 84' lang='lat' dir='ltr'><strong><em>or.</em></strong></span> <span class='ocrx_word' id='word_1_5' title='bbox 632 257 658 310; x_wconf 92' lang='lat' dir='ltr'>I</span> <span class='ocrx_word' id='word_1_6' title='bbox 690 259 759 311; x_wconf 88' lang='lat'><strong><em>69</em></strong></span> <span class='ocrx_word' id='word_1_7' title='bbox 800 257 1011 321; x_wconf 81' lang='grc' dir='ltr'><strong><em>ἀξιοῦσι</em></strong></span> <span class='ocrx_word' id='word_1_8' title='bbox 1051 253 1196 319; x_wconf 74' lang='grc' dir='ltr'><strong><em>τινὲς</em></strong></span> <span class='ocrx_word' id='word_1_9' title='bbox 1240 257 1552 326; x_wconf 85' lang='grc' dir='ltr'><strong><em>μέμφεσθαι</em></strong></span> <span class='ocrx_word' id='word_1_10' title='bbox 1591 264 1666 329; x_wconf 81' lang='grc' dir='ltr'><strong><em>τῷ</em></strong></span> <span class='ocrx_word' id='word_1_11' title='bbox 1706 258 1896 329; x_wconf 79' lang='grc' dir='ltr'><em>ῥήτορι</em></span> 
     </span>
     <span class='ocr_line' id='line_1_3' title="bbox 226 344 1895 418; baseline 0.001 -19"><span class='ocrx_word' id='word_1_12' title='bbox 226 345 287 399; x_wconf 91' lang='grc' dir='ltr'><strong><em>ἐν</em></strong></span> <span class='ocrx_word' id='word_1_13' title='bbox 340 346 512 414; x_wconf 78' lang='grc' dir='ltr'><strong><em>ἀγῶνι</em></strong></span> <span class='ocrx_word' id='word_1_14' title='bbox 566 349 891 415; x_wconf 79' lang='grc' dir='ltr'><strong><em>συνηγόρων</em></strong></span> <span class='ocrx_word' id='word_1_15' title='bbox 946 344 1178 412; x_wconf 83' lang='grc' dir='ltr'><strong><em>ἐκβολὴν</em></strong></span> <span class='ocrx_word' id='word_1_16' title='bbox 1229 346 1599 418; x_wconf 78' lang='grc' dir='ltr'><em>ποιησαμένῳ,</em></span> <span class='ocrx_word' id='word_1_17' title='bbox 1656 345 1785 400; x_wconf 78' lang='grc' dir='ltr'><strong><em>δέον</em></strong></span> <span class='ocrx_word' id='word_1_18' title='bbox 1835 347 1895 400; x_wconf 85' lang='grc' dir='ltr'><strong><em>ἐν</em></strong></span> 
     </span>
     <span class='ocr_line' id='line_1_4' title="bbox 225 433 473 506; baseline 0 -19"><span class='ocrx_word' id='word_1_19' title='bbox 225 433 473 506; x_wconf 77' lang='grc' dir='ltr'><strong><em>ἐπιλόγῳ.</em></strong></span> 
     </span>
    </p>

    <p class='ocr_par' dir='ltr' id='par_1_3' title="bbox 1015 549 1107 591">
     <span class='ocr_line' id='line_1_5' title="bbox 1015 549 1107 591; baseline 0.011 -1"><span class='ocrx_word' id='word_1_20' title='bbox 1015 549 1107 591; x_wconf 83' lang='grc' dir='ltr'><strong><em>ῘΠ*</em></strong></span> 
     </span>
    </p>

    <p class='ocr_par' dir='ltr' id='par_1_4' title="bbox 224 638 1895 974">
     <span class='ocr_line' id='line_1_6' title="bbox 337 638 1894 711; baseline -0.001 -18"><span class='ocrx_word' id='word_1_21' title='bbox 337 640 632 693; x_wconf 84' lang='lat' dir='ltr'>SCHOLION</span> <span class='ocrx_word' id='word_1_22' title='bbox 663 639 944 692; x_wconf 84' lang='lat' dir='ltr'>Aeschinis</span> <span class='ocrx_word' id='word_1_23' title='bbox 984 657 1058 691; x_wconf 84' lang='lat' dir='ltr'><strong><em>or.</em></strong></span> <span class='ocrx_word' id='word_1_24' title='bbox 1088 638 1169 693; x_wconf 92' lang='lat' dir='ltr'><strong><em>III</em></strong></span> <span class='ocrx_word' id='word_1_25' title='bbox 1195 639 1265 691; x_wconf 86' lang='lat'><strong><em>90</em></strong></span> <span class='ocrx_word' id='word_1_26' title='bbox 1302 642 1526 702; x_wconf 90' lang='grc' dir='ltr'><strong><em>πλειόυς</em></strong></span> <span class='ocrx_word' id='word_1_27' title='bbox 1557 642 1894 711; x_wconf 79' lang='grc' dir='ltr'><strong><em>τραπόμενος</em></strong></span> 
     </span>
     <span class='ocr_line' id='line_1_7' title="bbox 224 724 1895 798; baseline 0.001 -18"><span class='ocrx_word' id='word_1_28' title='bbox 224 730 426 798; x_wconf 81' lang='grc' dir='ltr'><strong><em>τροπὰς</em></strong></span> <span class='ocrx_word' id='word_1_29' title='bbox 479 737 576 781; x_wconf 87' lang='grc' dir='ltr'><strong><em>τοῦ</em></strong></span> <span class='ocrx_word' id='word_1_30' title='bbox 623 728 875 797; x_wconf 79' lang='grc' dir='ltr'><strong><em>Εὐρίπου</em></strong></span> <span class='ocrx_word' id='word_1_31' title='bbox 908 746 977 796; x_wconf 19' lang='lat' dir='ltr'><strong><em>sp.</em></strong></span> <span class='ocrx_word' id='word_1_32' title='bbox 1019 725 1262 780; x_wconf 67' lang='grc'>3313611.</span> <span class='ocrx_word' id='word_1_33' title='bbox 1317 729 1430 780; x_wconf 80' lang='grc' dir='ltr'><strong><em>ἔστι</em></strong></span> <span class='ocrx_word' id='word_1_34' title='bbox 1485 724 1546 780; x_wconf 78' lang='grc' dir='ltr'><strong><em>δὲ</em></strong></span> <span class='ocrx_word' id='word_1_35' title='bbox 1599 729 1660 780; x_wconf 91' lang='grc' dir='ltr'><strong><em>τὸ</em></strong></span> <span class='ocrx_word' id='word_1_36' title='bbox 1715 733 1895 781; x_wconf 83' lang='grc' dir='ltr'><strong><em>κῶλον</em></strong></span> 
     </span>
     <span class='ocr_line' id='line_1_8' title="bbox 225 813 1893 886; baseline -0.001 -17"><span class='ocrx_word' id='word_1_37' title='bbox 225 819 613 886; x_wconf 86' lang='grc' dir='ltr'><strong><em>χαριεντισμός.</em></strong></span> <span class='ocrx_word' id='word_1_38' title='bbox 677 815 962 868; x_wconf 81' lang='grc' dir='ltr'><strong><em>ἐπαινοῦσι</em></strong></span> <span class='ocrx_word' id='word_1_39' title='bbox 996 813 1055 867; x_wconf 75' lang='grc' dir='ltr'><strong><em>δὲ</em></strong></span> <span class='ocrx_word' id='word_1_40' title='bbox 1087 823 1249 868; x_wconf 88' lang='grc' dir='ltr'><strong><em>τοῦτο</em></strong></span> <span class='ocrx_word' id='word_1_41' title='bbox 1281 817 1341 868; x_wconf 90' lang='grc' dir='ltr'><strong><em>τὸ</em></strong></span> <span class='ocrx_word' id='word_1_42' title='bbox 1372 820 1551 869; x_wconf 83' lang='grc' dir='ltr'><strong><em>κῶλον</em></strong></span> <span class='ocrx_word' id='word_1_43' title='bbox 1576 817 1629 868; x_wconf 77' lang='grc' dir='ltr'><strong><em>οἱ</em></strong></span> <span class='ocrx_word' id='word_1_44' title='bbox 1659 814 1893 886; x_wconf 80' lang='grc' dir='ltr'><strong><em>κριτικοὶ</em></strong></span> 
     </span>
     <span class='ocr_line' id='line_1_9' title="bbox 224 902 1847 974; baseline -0.001 -17"><span class='ocrx_word' id='word_1_45' title='bbox 224 904 471 972; x_wconf 76' lang='grc' dir='ltr'><strong><em>λέγοντες</em></strong></span> <span class='ocrx_word' id='word_1_46' title='bbox 512 906 810 974; x_wconf 80' lang='grc' dir='ltr'><strong><em>σωφρόνως</em></strong></span> <span class='ocrx_word' id='word_1_47' title='bbox 850 903 981 956; x_wconf 84' lang='grc' dir='ltr'><strong><em>αὐτὸ</em></strong></span> <span class='ocrx_word' id='word_1_48' title='bbox 1021 904 1339 973; x_wconf 78' lang='grc' dir='ltr'><strong><em>πεφράσθαι</em></strong></span> <span class='ocrx_word' id='word_1_49' title='bbox 1378 902 1468 955; x_wconf 84' lang='grc' dir='ltr'><strong><em>καὶ</em></strong></span> <span class='ocrx_word' id='word_1_50' title='bbox 1508 903 1575 956; x_wconf 84' lang='grc' dir='ltr'><strong><em>οὐ</em></strong></span> <span class='ocrx_word' id='word_1_51' title='bbox 1613 905 1847 972; x_wconf 83' lang='grc' dir='ltr'><strong><em>κούφως.</em></strong></span> 
     </span>
    </p>
   </div>
   <div class='ocr_carea' id='block_1_3' title="bbox 1026 1078 1090 1121">
    <p class='ocr_par' dir='ltr' id='par_1_5' title="bbox 1026 1078 1090 1121">
     <span class='ocr_line' id='line_1_10' title="bbox 1026 1078 1090 1121; baseline 0 0"><span class='ocrx_word' id='word_1_52' title='bbox 1026 1078 1090 1121; x_wconf 87' lang='lat' dir='ltr'><strong><em>IV</em></strong></span> 
     </span>
    </p>
   </div>
   <div class='ocr_carea' id='block_1_4' title="bbox 218 1167 1893 1768">
    <p class='ocr_par' dir='ltr' id='par_1_6' title="bbox 218 1167 1893 1680">
     <span class='ocr_line' id='line_1_11' title="bbox 334 1167 1892 1238; baseline 0.001 -18"><span class='ocrx_word' id='word_1_53' title='bbox 334 1167 628 1222; x_wconf 84' lang='lat' dir='ltr'>SCHOLION</span> <span class='ocrx_word' id='word_1_54' title='bbox 667 1168 840 1221; x_wconf 83' lang='lat' dir='ltr'>LAVR.</span> <span class='ocrx_word' id='word_1_55' title='bbox 879 1167 1159 1222; x_wconf 80' lang='lat' dir='ltr'><strong>Aeschinis</strong></span> <span class='ocrx_word' id='word_1_56' title='bbox 1199 1188 1272 1222; x_wconf 83' lang='lat' dir='ltr'><strong><em>or.</em></strong></span> <span class='ocrx_word' id='word_1_57' title='bbox 1303 1167 1384 1221; x_wconf 91' lang='lat' dir='ltr'><strong><em>III</em></strong></span> <span class='ocrx_word' id='word_1_58' title='bbox 1423 1168 1529 1222; x_wconf 83' lang='lat'><strong><em>180</em></strong></span> <span class='ocrx_word' id='word_1_59' title='bbox 1567 1170 1633 1220; x_wconf 81' lang='grc' dir='ltr'><strong><em>τὰ</em></strong></span> <span class='ocrx_word' id='word_1_60' title='bbox 1674 1170 1892 1238; x_wconf 83' lang='grc' dir='ltr'><strong><em>σώματα</em></strong></span> 
     </span>
     <span class='ocr_line' id='line_1_12' title="bbox 219 1254 1893 1327; baseline 0.001 -18"><span class='ocrx_word' id='word_1_61' title='bbox 219 1257 729 1327; x_wconf 81' lang='grc' dir='ltr'><strong><em>παρακαταθέμενοι</em></strong></span> <span class='ocrx_word' id='word_1_62' title='bbox 781 1277 829 1326; x_wconf 90' lang='lat' dir='ltr'><strong><em>p.</em></strong></span> <span class='ocrx_word' id='word_1_63' title='bbox 871 1258 977 1311; x_wconf 85' lang='lat'><strong><em>346</em></strong></span> <span class='ocrx_word' id='word_1_64' title='bbox 997 1257 1115 1310; x_wconf 81' lang='lat' dir='ltr'><strong>Seh.</strong></span> <span class='ocrx_word' id='word_1_65' title='bbox 1171 1257 1592 1326; x_wconf 78' lang='grc' dir='ltr'><strong><em>ἐπιλαμβάνεται</em></strong></span> <span class='ocrx_word' id='word_1_66' title='bbox 1649 1254 1710 1309; x_wconf 77' lang='grc' dir='ltr'><strong><em>δὲ</em></strong></span> <span class='ocrx_word' id='word_1_67' title='bbox 1758 1262 1893 1310; x_wconf 89' lang='grc' dir='ltr'><strong><em>Διο-</em></strong></span> 
     </span>
     <span class='ocr_line' id='line_1_13' title="bbox 220 1344 1891 1416; baseline 0 -18"><span class='ocrx_word' id='word_1_68' title='bbox 220 1346 433 1413; x_wconf 72' lang='grc' dir='ltr'><strong><em>νύσιος,</em></strong></span> <span class='ocrx_word' id='word_1_69' title='bbox 484 1346 567 1398; x_wconf 85' lang='grc' dir='ltr'><strong><em>ὅτι</em></strong></span> <span class='ocrx_word' id='word_1_70' title='bbox 613 1347 673 1398; x_wconf 90' lang='grc' dir='ltr'><strong><em>τὸ</em></strong></span> <span class='ocrx_word' id='word_1_71' title='bbox 721 1346 1208 1416; x_wconf 83' lang='grc' dir='ltr'><strong><em>παρακαταθέσθαι</em></strong></span> <span class='ocrx_word' id='word_1_72' title='bbox 1257 1350 1504 1414; x_wconf 80' lang='grc' dir='ltr'><strong><em>φυλακῆς</em></strong></span> <span class='ocrx_word' id='word_1_73' title='bbox 1549 1344 1760 1398; x_wconf 83' lang='grc' dir='ltr'><strong><em>πλείον’</em></strong></span> <span class='ocrx_word' id='word_1_74' title='bbox 1806 1349 1891 1399; x_wconf 80' lang='grc' dir='ltr'><strong><em>ἔν-</em></strong></span> 
     </span>
     <span class='ocr_line' id='line_1_14' title="bbox 221 1431 1891 1503; baseline 0.001 -17"><span class='ocrx_word' id='word_1_75' title='bbox 221 1434 391 1498; x_wconf 81' lang='grc' dir='ltr'><strong><em>δειξιν</em></strong></span> <span class='ocrx_word' id='word_1_76' title='bbox 430 1436 556 1502; x_wconf 71' lang='grc' dir='ltr'><strong><em>ἔχει,</em></strong></span> <span class='ocrx_word' id='word_1_77' title='bbox 597 1433 683 1486; x_wconf 85' lang='grc' dir='ltr'><strong><em>ἐπὶ</em></strong></span> <span class='ocrx_word' id='word_1_78' title='bbox 722 1431 783 1486; x_wconf 78' lang='grc' dir='ltr'><strong><em>δὲ</em></strong></span> <span class='ocrx_word' id='word_1_79' title='bbox 814 1443 925 1486; x_wconf 83' lang='grc' dir='ltr'><strong><em>τῶν</em></strong></span> <span class='ocrx_word' id='word_1_80' title='bbox 956 1435 1222 1502; x_wconf 89' lang='grc' dir='ltr'><strong><em>σωμάτων</em></strong></span> <span class='ocrx_word' id='word_1_81' title='bbox 1252 1435 1312 1486; x_wconf 91' lang='grc' dir='ltr'><strong><em>τὸ</em></strong></span> <span class='ocrx_word' id='word_1_82' title='bbox 1345 1433 1598 1486; x_wconf 86' lang='grc' dir='ltr'><strong><em>ἐναντίον</em></strong></span> <span class='ocrx_word' id='word_1_83' title='bbox 1629 1437 1891 1503; x_wconf 74' lang='grc' dir='ltr'><strong><em>γίγνεται,</em></strong></span> 
     </span>
     <span class='ocr_line' id='line_1_15' title="bbox 220 1521 1889 1592; baseline 0.001 -18"><span class='ocrx_word' id='word_1_84' title='bbox 220 1523 643 1591; x_wconf 79' lang='grc' dir='ltr'><strong><em>διαφθείρονται</em></strong></span> <span class='ocrx_word' id='word_1_85' title='bbox 690 1524 793 1592; x_wconf 73' lang='grc' dir='ltr'><strong><em>γὰρ</em></strong></span> <span class='ocrx_word' id='word_1_86' title='bbox 838 1521 955 1575; x_wconf 82' lang='grc' dir='ltr'><strong><em>ἔσθ’</em></strong></span> <span class='ocrx_word' id='word_1_87' title='bbox 997 1523 1097 1575; x_wconf 84' lang='grc' dir='ltr'><strong><em>ὅτε.</em></strong></span> <span class='ocrx_word' id='word_1_88' title='bbox 1175 1522 1380 1574; x_wconf 85' lang='grc' dir='ltr'><strong><em>οὐκοῦν</em></strong></span> <span class='ocrx_word' id='word_1_89' title='bbox 1417 1531 1593 1583; x_wconf 87' lang='grc' dir='ltr'><strong><em>κακῶς</em></strong></span> <span class='ocrx_word' id='word_1_90' title='bbox 1628 1521 1889 1591; x_wconf 82' lang='grc' dir='ltr'><strong><em>ἐχρήσατο</em></strong></span> 
     </span>
     <span class='ocr_line' id='line_1_16' title="bbox 218 1609 1780 1680; baseline 0 -17"><span class='ocrx_word' id='word_1_91' title='bbox 218 1619 282 1680; x_wconf 76' lang='grc' dir='ltr'><strong><em>τῇ</em></strong></span> <span class='ocrx_word' id='word_1_92' title='bbox 322 1609 460 1673; x_wconf 82' lang='grc' dir='ltr'><strong><em>λέξει</em></strong></span> <span class='ocrx_word' id='word_1_93' title='bbox 500 1610 528 1662; x_wconf 87' lang='grc' dir='ltr'>ὁ</span> <span class='ocrx_word' id='word_1_94' title='bbox 569 1611 847 1678; x_wconf 78' lang='grc' dir='ltr'><strong><em>Αἰσχίνης.</em></strong></span> <span class='ocrx_word' id='word_1_95' title='bbox 1767 1621 1780 1629; x_wconf 81' lang='grc'><em>“</em></span> 
     </span>
    </p>

    <p class='ocr_par' dir='ltr' id='par_1_7' title="bbox 1032 1725 1072 1768">
     <span class='ocr_line' id='line_1_17' title="bbox 1032 1725 1072 1768; baseline 0 -38"><span class='ocrx_word' id='word_1_96' title='bbox 1032 1725 1072 1768; x_wconf 79' lang='lat' dir='ltr'><strong>V</strong></span> 
     </span>
    </p>
   </div>
   <div class='ocr_carea' id='block_1_5' title="bbox 217 1813 1888 2238">
    <p class='ocr_par' dir='ltr' id='par_1_8' title="bbox 217 1813 1888 2238">
     <span class='ocr_line' id='line_1_18' title="bbox 332 1813 1888 1885; baseline 0.001 -18"><span class='ocrx_word' id='word_1_97' title='bbox 332 1814 627 1868; x_wconf 82' lang='lat' dir='ltr'>SCHOLION</span> <span class='ocrx_word' id='word_1_98' title='bbox 673 1815 847 1867; x_wconf 82' lang='lat' dir='ltr'><strong>LAVR.</strong></span> <span class='ocrx_word' id='word_1_99' title='bbox 893 1815 1172 1868; x_wconf 78' lang='lat' dir='ltr'><strong>Aeschinis</strong></span> <span class='ocrx_word' id='word_1_100' title='bbox 1220 1835 1292 1868; x_wconf 89' lang='lat' dir='ltr'><strong><em>or.</em></strong></span> <span class='ocrx_word' id='word_1_101' title='bbox 1332 1815 1412 1868; x_wconf 91' lang='lat' dir='ltr'><strong><em>III</em></strong></span> <span class='ocrx_word' id='word_1_102' title='bbox 1455 1817 1558 1869; x_wconf 77' lang='lat'><strong><em>189</em></strong></span> <span class='ocrx_word' id='word_1_103' title='bbox 1621 1825 1736 1878; x_wconf 88' lang='grc' dir='ltr'><strong><em>τοῖς</em></strong></span> <span class='ocrx_word' id='word_1_104' title='bbox 1787 1813 1888 1885; x_wconf 68' lang='grc' dir='ltr'><strong><em>μὲν</em></strong></span> 
     </span>
     <span class='ocr_line' id='line_1_19' title="bbox 218 1902 1887 1974; baseline 0.001 -19"><span class='ocrx_word' id='word_1_105' title='bbox 218 1904 447 1965; x_wconf 88' lang='grc' dir='ltr'><strong><em>πύκταις</em></strong></span> <span class='ocrx_word' id='word_1_106' title='bbox 485 1905 634 1956; x_wconf 83' lang='grc' dir='ltr'><strong><em>ἔστιν</em></strong></span> <span class='ocrx_word' id='word_1_107' title='bbox 673 1902 701 1956; x_wconf 90' lang='grc' dir='ltr'>ὁ</span> <span class='ocrx_word' id='word_1_108' title='bbox 741 1903 891 1971; x_wconf 79' lang='grc' dir='ltr'><strong><em>ἀγὼν</em></strong></span> <span class='ocrx_word' id='word_1_109' title='bbox 928 1905 1065 1974; x_wconf 89' lang='grc' dir='ltr'><strong><em>πρὸς</em></strong></span> <span class='ocrx_word' id='word_1_110' title='bbox 1105 1903 1390 1972; x_wconf 76' lang='grc' dir='ltr'><strong><em>ἀλλήλους,</em></strong></span> <span class='ocrx_word' id='word_1_111' title='bbox 1429 1912 1543 1965; x_wconf 90' lang='grc' dir='ltr'><strong><em>τοῖς</em></strong></span> <span class='ocrx_word' id='word_1_112' title='bbox 1586 1902 1635 1956; x_wconf 79' lang='grc' dir='ltr'><strong><em>δ’</em></strong></span> <span class='ocrx_word' id='word_1_113' title='bbox 1675 1903 1887 1968; x_wconf 81' lang='grc' dir='ltr'><strong><em>ἀξιοῦσι</em></strong></span> 
     </span>
     <span class='ocr_line' id='line_1_20' title="bbox 219 1991 1886 2063; baseline 0.001 -19"><span class='ocrx_word' id='word_1_114' title='bbox 219 1997 631 2060; x_wconf 85' lang='grc' dir='ltr'><strong><em>στεφανοῦσθαι</em></strong></span> <span class='ocrx_word' id='word_1_115' title='bbox 683 1993 820 2061; x_wconf 90' lang='grc' dir='ltr'><strong><em>πρὸς</em></strong></span> <span class='ocrx_word' id='word_1_116' title='bbox 874 1991 1045 2060; x_wconf 81' lang='grc' dir='ltr'><strong><em>αὐτὴν</em></strong></span> <span class='ocrx_word' id='word_1_117' title='bbox 1092 1993 1191 2060; x_wconf 87' lang='grc' dir='ltr'><strong><em>τὴν</em></strong></span> <span class='ocrx_word' id='word_1_118' title='bbox 1238 1993 1437 2063; x_wconf 80' lang='grc' dir='ltr'><strong><em>ἀρετήν</em></strong></span> <span class='ocrx_word' id='word_1_119' title='bbox 1481 2012 1531 2061; x_wconf 88' lang='lat' dir='ltr'><strong><em>p.</em></strong></span> <span class='ocrx_word' id='word_1_120' title='bbox 1565 1991 1669 2045; x_wconf 77' lang='lat'><strong><em>347</em></strong></span> <span class='ocrx_word' id='word_1_121' title='bbox 1691 1991 1808 2044; x_wconf 81' lang='lat' dir='ltr'>Seh.</span> <span class='ocrx_word' id='word_1_122' title='bbox 1857 1993 1886 2046; x_wconf 90' lang='grc' dir='ltr'>ὁ</span> 
     </span>
     <span class='ocr_line' id='line_1_21' title="bbox 217 2079 1885 2150; baseline 0 -18"><span class='ocrx_word' id='word_1_123' title='bbox 217 2081 518 2142; x_wconf 87' lang='grc' dir='ltr'><strong><em>Διονύσιος</em></strong></span> <span class='ocrx_word' id='word_1_124' title='bbox 543 2079 975 2149; x_wconf 78' lang='grc' dir='ltr'><strong><em>ἐπιλαμβάνεται.</em></strong></span> <span class='ocrx_word' id='word_1_125' title='bbox 1032 2080 1098 2133; x_wconf 86' lang='grc' dir='ltr'><strong><em>οὐ</em></strong></span> <span class='ocrx_word' id='word_1_126' title='bbox 1123 2081 1245 2150; x_wconf 67' lang='grc' dir='ltr'><strong><em>γάρ,</em></strong></span> <span class='ocrx_word' id='word_1_127' title='bbox 1270 2084 1422 2149; x_wconf 79' lang='grc' dir='ltr'><strong><em>φησί,</em></strong></span> <span class='ocrx_word' id='word_1_128' title='bbox 1447 2088 1664 2148; x_wconf 83' lang='grc' dir='ltr'><strong><em>νικῆσαι</em></strong></span> <span class='ocrx_word' id='word_1_129' title='bbox 1690 2082 1885 2148; x_wconf 87' lang='grc' dir='ltr'><strong><em>βουλό-</em></strong></span> 
     </span>
     <span class='ocr_line' id='line_1_22' title="bbox 217 2168 1495 2238; baseline 0.001 -18"><span class='ocrx_word' id='word_1_130' title='bbox 217 2174 360 2238; x_wconf 91' lang='grc' dir='ltr'><strong><em>μεθα</em></strong></span> <span class='ocrx_word' id='word_1_131' title='bbox 401 2169 500 2236; x_wconf 87' lang='grc' dir='ltr'><strong><em>τὴν</em></strong></span> <span class='ocrx_word' id='word_1_132' title='bbox 539 2168 761 2237; x_wconf 72' lang='grc' dir='ltr'><strong><em>ἀρετήν,</em></strong></span> <span class='ocrx_word' id='word_1_133' title='bbox 800 2170 871 2231; x_wconf 85' lang='grc' dir='ltr'><strong><em>ὡς</em></strong></span> <span class='ocrx_word' id='word_1_134' title='bbox 909 2170 1037 2230; x_wconf 82' lang='grc' dir='ltr'><strong><em>τοὺς</em></strong></span> <span class='ocrx_word' id='word_1_135' title='bbox 1076 2168 1495 2236; x_wconf 79' lang='grc' dir='ltr'><strong><em>ἀνταγωνιστάς.</em></strong></span> 
     </span>
    </p>
   </div>
   <div class='ocr_carea' id='block_1_6' title="bbox 1925 654 2004 692">
    <p class='ocr_par' dir='ltr' id='par_1_9' title="bbox 1925 654 2004 692">
     <span class='ocr_line' id='line_1_23' title="bbox 1925 654 2004 692; baseline 0 -23"><span class='ocrx_word' id='word_1_136' title='bbox 1925 654 1954 692; x_wconf 72' lang='lat'><strong>3</strong></span> <span class='ocrx_word' id='word_1_137' title='bbox 2001 667 2004 669; x_wconf 77' lang='grc'><em>,</em></span> 
     </span>
    </p>
   </div>
   <div class='ocr_carea' id='block_1_7' title="bbox 1921 1177 1998 1238">
    <p class='ocr_par' dir='ltr' id='par_1_10' title="bbox 1921 1177 1998 1238">
     <span class='ocr_line' id='line_1_24' title="bbox 1921 1177 1998 1238; baseline 0 0"><span class='ocrx_word' id='word_1_138' title='bbox 1921 1183 1950 1220; x_wconf 83' lang='lat'>4</span> <span class='ocrx_word' id='word_1_139' title='bbox 1995 1177 1998 1238; x_wconf 76' lang='lat' dir='ltr'>j</span> 
     </span>
    </p>
   </div>
  </div>
 </body>
</html>
