2004 3202
227 121 338 173 430
652 122 996 166 ΔΙΟΝΤΣῙΟΤ
1025 121 1492 163 ΑΛΙΚΑΡΝΑΣΕΩΣ

226 257 329 324 τὴν
353 254 413 308 δὲ
438 257 706 325 βούλησιν
735 254 825 309 καὶ
850 256 950 324 τὴν
975 256 1215 324 δύναμιν
1245 255 1306 307 τὸ
1339 256 1747 323 βουλόμενον
1773 252 1906 325 λέγῃ

226 344 318 398 καὶ
357 346 432 398 τὸ
459 346 849 412 δυνάμενον·
904 346 976 406 ὡς
1016 342 1104 396 ἐπὶ
1142 352 1254 395 τῶν
1294 342 1610 411 Ἀθηναίων
1655 341 1908 411 τέθηκεν,

228 434 317 487 ὅτε
347 435 449 503 τὴν
480 435 558 496 εἰς
581 436 846 486 Σικελίαν
876 431 1210 490 ἀπέστελλον
1242 432 1522 501 στρατιάν·
1563 431 1636 484 ‘012
1668 428 1728 483 δὲ
1741 428 1907 498 Ἀθη-

227 532 375 577 ναῖοι
422 525 482 577 τὸ
535 521 636 594 μὲν
688 525 1032 591 βουλόμενον
1087 521 1188 574 οὐκ
1235 519 1599 590 ἀφῃρέθησαν
1651 520 1758 572 ὑπὸ
1805 527 1938 572 τοῦ·
1971 519 1989 569 s

181 630 202 661 5
228 611 507 680 ὀχλώδους
546 619 640 680 τῆς
677 611 1059 680 παρασκευῆς’,
1106 608 1196 662 καὶ
1238 609 1298 662 ἐν
1336 602 1419 671 οἷς
1455 607 1581 679 περὶ
1619 617 1730 661 τῶν
1773 611 1908 660 Θεσ-
1984 593 1993 651 f·

227 705 411 753 σαλῶν
451 706 687 770 εἴρηκεν·
739 700 890 761 (ὥςτε
937 700 985 751 εἰ
1022 699 1094 768 μὴ
1136 699 1431 768 δυναστείᾳ
1470 700 1680 766 μᾶλλον
1717 695 1750 764 ἢ
1793 698 1905 749 ἰσο-
1939 741 1941 743 .

226 793 392 860 νομίᾳ
438 789 673 859 ἐχρῶντο
728 795 803 860 τῷ
859 786 1129 859 ἐπιχωρίῳ
1179 787 1231 839 οἱ
1288 785 1608 839 Θεσσαλοί’·
1662 783 1753 838 καὶ
1799 787 1905 854 γὰρ

171 938 174 941 ‚
227 877 470 931 ἐνταῦθα
517 877 811 948 οὐδέτερον
863 879 1160 944 πεποίηκεν
1205 877 1265 928 τὸ
1313 876 1585 943 θηλυκόν·
1635 869 1704 942 ἦν
1743 870 1805 926 δὲ
1842 874 1905 926 τὸ

227 969 634 1036 σημαινόμενον
686 967 794 1019 ὑπὸ
843 973 938 1034 τῆς
992 963 1186 1028 λέξεως
1232 965 1470 1017 τοιόνδε·
1527 963 1685 1025 (ὥςτε
1738 963 1786 1015 εἰ
1831 963 1903 1032 μὴ

161 1073 201 1104 1ο
227 1056 522 1126 δυναστείᾳ
560 1058 771 1124 μᾶλλον
801 1053 833 1122 ἢ
869 1055 1123 1124 ἰσονομίᾳ
1163 1052 1400 1122 ἐχρῶντο
1440 1059 1503 1122 τῇ
1546 1050 1817 1123 ἐπιχωρίῳ
1852 1051 1905 1104 οἱ
1990 1075 1991 1078 “

238 1144 542 1197 Θεσσαλοίῖ

140 1236 203 1287 11
327 1231 423 1285 Ἐν
477 1225 559 1294 οἷς
615 1229 674 1284 δὲ
721 1233 817 1293 τὰς
863 1232 1096 1292 πτώσεις
1149 1239 1260 1282 τῶν
1311 1230 1597 1299 ὀνομάτων
1650 1227 1740 1282 καὶ
1794 1238 1905 1283 τῶν

222 1330 611 1392 προσηγοριῶν
663 1318 753 1373 καὶ
807 1329 918 1372 τῶν
972 1329 1216 1388 μετοχῶν
1261 1317 1351 1371 καὶ
1401 1319 1583 1387 <τῶν>
1635 1332 1903 1371 συναπτο-

223 1409 405 1479 μένων
450 1408 458 1481 Ι
501 1410 718 1471 τούτοις
771 1410 1002 1479 ἄρθρων
1056 1407 1363 1472 ἐξαλλάττει
1424 1416 1523 1460 τοῦ
1587 1409 1886 1475 συνήθους,
1905 1420 1960 1460 80

159 1516 199 1548 15
225 1499 397 1560 οὕτως
445 1500 753 1568 σχηματίζει
800 1497 887 1568 [τῇ
935 1496 1181 1567 φράσει]·
1230 1497 1621 1566 (σωφροσύνην
1665 1497 1768 1565 γὰρ
1809 1500 1901 1548 λα-

223 1591 421 1656 βοῦσαι
469 1589 525 1640 αἱ
571 1589 758 1648 πόλεις
803 1584 893 1638 καὶ
941 1587 1133 1638 ἄδειαν
1179 1594 1289 1637 τῶν
1338 1582 1734 1654 πρασσομένων
1764 1582 1901 1652 ἐχώ-

225 1691 399 1746 ρησαν
453 1674 542 1728 ἐπὶ
595 1676 696 1743 τὴν
751 1676 1009 1744 ἄντικρυς
1072 1673 1421 1743 ἐλευθερίαν,
1484 1679 1578 1740 τῆς
1632 1671 1736 1724 ἀπὸ
1791 1681 1902 1724 τῶν

215 1764 531 1832 Ἀθηναίων
577 1763 827 1816 ὑπούλου
882 1762 1141 1830 εὐνομίας
1187 1761 1253 1813 οὐ
1306 1760 1771 1830 προτιμήσαντες.’
1848 1761 1902 1813 οἱ

224 1850 325 1922 μὲν
363 1854 467 1923 γὰρ
508 1852 831 1913 ἀκολούθως
868 1859 931 1921 τῇ
971 1858 1128 1920 κοινῇ
1171 1852 1442 1920 συνηθείᾳ
1489 1851 1902 1918 σχηματίζοντες

157 1959 200 1990 20
224 1942 325 2010 τὴν
364 1942 572 2011 φράσιν
611 1947 686 2011 τῷ
728 1960 784 1992 τε
830 1943 1058 2010 θηλυκῷ
1097 1937 1245 2006 γένει
1291 1945 1385 2006 τῆς
1430 1940 1800 2007 προσηγορίας
1838 1937 1899 1989 τὸ

345 2151 367 2188 1
399 2146 451 2189 τὸ
486 2143 765 2203 βουλόμενον
790 2143 919 2187 Thuc
943 2144 963 2186 I
988 2148 1044 2187 90
1075 2144 1161 2187 VII
1185 2147 1240 2187 49
1378 2147 1402 2185 2
1435 2142 1485 2186 τὸ
1512 2141 1776 2198 δυνάμενον
1807 2141 1901 2185 fort

225 2204 420 2306 3111513
445 2210 507 2308 {A}
533 2204 779 2306 {iffi-batur
988 2208 1012 2244 3
1046 2203 1174 2245 Thus:
1198 2202 1262 2245 VI
1286 2206 1342 2244 24
1523 2205 1547 2244 6
1580 2201 1643 2244 IV
1668 2205 1722 2244 78

346 2461 365 2498 1
401 2454 526 2511 λέγηι
550 2455 604 2498 P:
638 2452 754 2510 λέγει
778 2469 806 2497 a
897 2460 921 2496 2
954 2451 1164 2497 τέθεικεν
1189 2452 1299 2495 libri
1390 2457 1415 2494 3
1436 2449 1678 2506 Ἀθηναῖοι
1703 2450 1835 2493 deest
1857 2451 1896 2492 Θ

225 2527 309 2557 nec
340 2513 564 2568 Dionysio
595 2512 908 2556 necessarium
940 2515 1040 2556 erat
1240 2516 1268 2553 4
1301 2508 1600 2570 βουλόμενον]
1634 2508 1895 2564 ἐπιθυμοῦν
1979 2525 1981 2539 2

225 2580 306 2616 τοῦ
338 2575 453 2615 πλοῦ
484 2574 522 2615 Θ
551 2574 555 2627 Ι
585 2570 981 2627 ουκαφηρέθησαν
1014 2571 1079 2614 sic
1110 2571 1145 2613 P
1186 2572 1270 2614 οὐκ
1303 2567 1592 2628 ἐξῃρέθησαν
1629 2569 1668 2611 Θ
1788 2574 1810 2610 7
1844 2567 1894 2610 τὸ
1954 2622 1959 2624 .

227 2632 446 2688 ἐγχώριον
483 2632 522 2673 Θ
643 2635 667 2672 8
700 2629 924 2686 πεποίηκε
956 2645 983 2674 a
1105 2636 1129 2673 9
1161 2627 1343 2673 τοιόνδε
1376 2628 1469 2672 Pa:
1501 2624 1685 2671 τοιόνδέ
1713 2642 1757 2669 τι
1781 2625 1895 2669 CDs
1980 2643 1981 2646 ¹

288 2695 340 2732 13
372 2697 462 2733 τῶν
496 2691 603 2732 ante
633 2704 822 2732 συναπτ.
850 2703 905 2732 ex
930 2688 1199 2745 apographo
1223 2687 1536 2731 Laurentiano
1560 2684 1895 2729 Herwerdenus

226 2748 422 2792 inseruit
551 2753 604 2791 15
639 2747 779 2797 ὄντως
803 2747 858 2792 P:
893 2747 1009 2791 οὕτω
1043 2747 1155 2790 CDs
1185 2752 1189 2799 Ι
1217 2754 1291 2803 τῆι
1323 2744 1489 2803 φράσει
1520 2745 1576 2789 P:
1607 2744 1691 2800 τὴν
1723 2741 1894 2799 φράσιν

227 2807 353 2853 CDs.
405 2806 558 2850 deleui
588 2805 820 2861 glossema,
1023 2811 1075 2849 17
1107 2806 1192 2862 τὴν
1223 2809 1320 2862 (τῆς
1349 2819 1467 2847 unus
1499 2804 1562 2859 B)
1593 2802 1686 2845 ἀπὸ
1719 2800 1802 2858 (sic
1826 2802 1892 2845 B:

225 2867 315 2911 ὑπὸ
357 2865 514 2922 ceteri)
553 2873 643 2909 τῶν
669 2862 928 2920 Ἀθηναίων
967 2863 1170 2909 ὕπουλον
1210 2861 1493 2919 αὐτονομίαν
1530 2863 1568 2905 Θ
1746 2865 1802 2903 20
1833 2867 1894 2903 τῶ

227 2942 271 2969 τε
298 2926 349 2980 G,
376 2940 416 2969 s:
442 2923 493 2968 τό
517 2940 563 2968 τε
588 2923 713 2967 PCD
