1958 3192
847 146 1078 188 ΛΤΣῙΑΣ
1733 146 1800 198 37

125 279 226 352 μὲν
258 281 543 335 ἐπιδοῦναι
568 289 632 351 τῇ
658 279 878 349 γυναικὶ
910 279 1000 334 καὶ
1030 281 1096 334 τὰ
1121 279 1182 333 ἐν
1205 286 1280 352 τῷ
1305 281 1558 352 δωματίῳ
1591 281 1805 350 δοῦναι,

125 371 394 424 τάλαντον
448 367 508 422 δὲ
558 378 622 440 τῇ
672 373 928 440 θυγατρί.
1003 367 1255 422 κατέλιπε
1300 365 1434 438 <δὲ>
1487 367 1577 422 καὶ
1633 374 1806 423 εἴκοσι

125 467 263 529 μνᾶς
300 467 364 530 τῇ
404 457 625 526 γυναικὶ
674 457 764 511 καὶ
804 459 1097 529 τριάκοντα
1143 465 1409 527 στατῆρας
1446 459 1804 527 Κυζικηνούς.

126 556 294 601 ταῦτα
327 544 386 600 δὲ
417 546 624 618 πράξας
654 546 743 599 καὶ
777 552 919 600 οἴκοι
951 547 1261 618 ἀντίγραφα
1290 547 1605 600 καταλῐπὼν
1638 546 1804 619 ᾤχετο

126 638 588 707 στρατευσόμενος
656 637 789 705 μετὰ
854 636 1195 706 Θρασύλλου.
1295 635 1679 698 ἀποθανόντος
1746 633 1806 688 δὲ

126 725 340 778 ἐκείνου
366 724 425 778 ἐν
442 723 652 795 Ἐφέσῳ
677 728 986 792 Διογείτων
1017 725 1118 793 τὴν
1140 721 1241 794 μὲν
1267 723 1550 795 θυγατέρα
1574 726 1804 795 ἔκρυπτε

126 815 223 867 τὸν
260 814 509 867 θάνατον
548 821 647 866 τοῦ
693 813 895 883 ἀνδρὸς
940 811 1030 866 καὶ
1077 815 1142 866 τὰ
1188 814 1475 883 γράμματα
1522 813 1805 882 λαμβάνει,

126 902 159 955 ἃ
197 901 449 955 κατέλιπε
489 900 884 971 σεσημασμένα,
924 903 1152 971 φάσκων
1190 903 1255 954 τὰ
1293 903 1523 955 ναυτικὰ
1561 903 1807 972 χρήματα

37 1003 122 1044 505
148 992 268 1044 δεῖν
293 990 350 1043 ἐκ
374 991 586 1043 τούτων
609 1000 720 1043 τῶν
755 989 760 1061 Ι
795 993 1178 1060 γραμματείων
1207 994 1558 1059 κομίσασθαι.
1622 990 1807 1058 ἐπειδὴ

128 1077 188 1132 δὲ
226 1082 406 1151 χρόνῳ
456 1078 694 1147 ἐδήλωσε
740 1079 838 1131 τὸν
882 1079 1132 1132 θάνατον
1178 1079 1364 1141 αὐτοῖς
1409 1078 1499 1131 καὶ
1545 1078 1808 1148 ἐποίησαν

128 1169 193 1220 τὰ
232 1170 582 1237 νομιζόμενα,
629 1168 727 1220 τὸν
765 1164 867 1236 μὲν
903 1177 1125 1238 πρῶτον
1164 1167 1418 1220 ε’νιαυτὸν
1458 1167 1518 1220 ἐν
1556 1172 1807 1238 Πειραιεῖ

129 1257 422 1327 διῃτῶντο·
454 1257 668 1308 ἅπαντα
691 1257 795 1326 γὰρ
821 1255 992 1308 αὐτοῦ
1027 1255 1402 1309 κατελέλειπτο
1425 1258 1492 1309 τὰ
1517 1255 1807 1325 ἐπιτήδεια.

129 1345 355 1398 ἐκείνων
409 1343 459 1397 δ’
508 1344 901 1397 ἐπιλειπόντων
954 1346 1083 1407 τοὺς
1135 1341 1236 1414 μὲν
1288 1345 1487 1407 παῖδας
1542 1347 1619 1407 εἰς
1672 1346 1810 1398 ἄστυ

127 1432 454 1503 ἀναπέμπει,
504 1433 606 1501 τὴν
652 1429 713 1485 δὲ
759 1431 962 1502 μητέρα
1010 1432 1192 1485 αὐτῶν
1239 1432 1532 1486 ἐκδίδωσιν
1587 1433 1810 1496 ἐπιδοὺς

125 1525 564 1591 πεντακισχιλίας
617 1522 884 1591 δραχμάς,
938 1524 1138 1590 χιλίαις
1192 1523 1418 1574 ἔλαττον
1469 1517 1547 1574 ὧν
1594 1522 1622 1574 ὁ
1670 1521 1809 1591 ἀνὴρ
1857 1537 1876 1568 5

128 1612 294 1680 αὐτῆς
326 1612 542 1664 ἔδωκεν.
598 1609 776 1682 ὀγδόῳ
802 1608 855 1662 δ’
886 1612 993 1662 ἔτει
1025 1610 1459 1680 δοκιμασθέντος
1482 1612 1614 1679 μετὰ
1639 1619 1809 1663 ταῦτα

127 1708 226 1754 τοῦ
264 1699 640 1770 πρεσβυτέρου
678 1707 799 1751 τοῖν
837 1702 1146 1770 μειρακίοιν
1183 1698 1414 1761 καλέσας
1453 1699 1654 1762 αὐτοὺς
1693 1696 1809 1752 εἷπε

126 1792 452 1856 Διογείτων,
493 1788 576 1842 ὅτι
615 1790 931 1840 καταλείποι
972 1787 1158 1851 αὐτοῖς
1197 1788 1226 1841 ὁ
1259 1788 1435 1858 πατὴρ
1469 1793 1639 1841 εἴκοσι
1673 1797 1811 1857 μνᾶς

129 1877 401 1948 ἀργυρίου
458 1875 548 1929 καὶ
602 1877 894 1946 τριάκοντα
957 1884 1240 1947 στατῆρας.
1319 1876 1423 1945 ἐγὼ
1479 1873 1582 1930 οὗν
1633 1877 1811 1929 πολλὰ

129 1975 239 2018 τῶν
293 1965 530 2034 ἐμαυτοῦ
585 1965 934 2033 δεδαπάνηκα
979 1967 1057 2027 εἰς
1106 1966 1207 2033 τὴν
1258 1965 1528 2036 ὑμετέραν
1581 1967 1808 2036 τροφήν.

128 2052 218 2107 καὶ
258 2053 358 2116 ἕως
397 2051 498 2123 μὲν
536 2050 709 2122 εἶχον,
764 2053 931 2106 οὐδέν
969 2074 1061 2123 μοι
1102 2053 1382 2124 διέφερεν·
1437 2053 1564 2107 νυνὶ
1613 2051 1674 2106 δὲ
1719 2052 1810 2106 καὶ

130 2143 292 2205 αὐτὸς
332 2142 549 2213 ἀπόρως
589 2142 875 2211 διάκειμαι.
939 2144 1006 2194 σὺ
1047 2138 1174 2209 οὖν,
1227 2142 1412 2211 ἐπειδὴ
1453 2144 1807 2212 δεδοκίμασαι

129 2230 218 2284 καὶ
266 2231 405 2301 ἀνὴρ
453 2229 765 2299 γεγένησαι,
822 2232 1009 2283 σκόπει
1061 2230 1224 2293 αὐτὸς
1269 2232 1397 2300 ἤδη,
1451 2234 1630 2284 πόθεν
1676 2229 1812 2295 ἕξεις

252 2425 273 2463 1
308 2419 388 2464 καὶ
420 2419 496 2478 τὰ]
528 2418 586 2462 τὰ
618 2419 712 2462 add
736 2419 796 2462 ΕΒ
827 2422 898 2475 (ex
929 2420 980 2464 τὸ
1013 2434 1115 2464 corr
1140 2421 1265 2476 quod
1290 2421 1384 2464 add
1407 2421 1481 2478 F')
1510 2424 1515 2475 Ι
1544 2419 1748 2477 δοματίω
1773 2421 1808 2463 F

250 2485 275 2522 2
323 2483 389 2523 θυ
421 2479 524 2534 ατρὶ
563 2476 805 2522 κατέλιπεν
846 2478 1122 2523 continuant
1160 2480 1300 2524 MBP
1361 2484 1410 2525 θ.
1451 2478 1665 2525 κατέλιπε
1696 2467 1807 2523 FG:

133 2538 331 2582 correxit
362 2539 414 2582 δε
446 2537 643 2582 inseruit
674 2537 891 2581 Reiskius
1007 2543 1032 2581 5
1066 2539 1423 2595 στρατευόμενος
1453 2541 1489 2583 Ρ
1536 2538 1810 2594 στρατευσά-

132 2611 268 2652 μενος
307 2596 384 2641 Ga,
506 2602 531 2640 6
581 2596 803 2650 ἔκρυπτεν
842 2597 935 2639 ΜΒ
1058 2603 1083 2641 9
1129 2598 1303 2642 τούτων
1346 2597 1667 2655 γραμματείων
1707 2598 1765 2641 F¹
1802 2598 1806 2656 Ι

133 2654 291 2712 ἐπειδὴ
331 2656 699 2700 Rauchenstein:
745 2655 843 2699 ἐπεὶ
958 2661 1011 2699 10
1058 2661 1118 2715 τῷ
1164 2657 1315 2716 χρόνῳ
1356 2657 1433 2702 Gv
1555 2664 1606 2701 11
1657 2656 1707 2702 ἐν
1755 2671 1811 2700 ex

136 2728 185 2758 εκ
215 2714 251 2757 F
353 2720 405 2758 12
439 2713 764 2759 καταλέλειπτο
796 2715 831 2758 F
840 2715 888 2757 M
898 2715 980 2758 PB
1094 2721 1149 2760 13
1197 2716 1524 2761 ἐπιλειπόντων
1570 2715 1809 2760 Reiskius:

134 2772 476 2818 ὑπολειπόντων
523 2776 676 2829 (-λιπ-
725 2773 818 2829 Gv)
956 2779 1009 2817 14
1056 2773 1228 2831 μητέρα
1271 2775 1320 2818 in
1365 2775 1509 2819 litura
1555 2776 1590 2819 F
1637 2775 1811 2819 lineola,

138 2845 275 2887 supra
306 2833 365 2875 ab
398 2832 458 2876 F2
489 2833 653 2876 addita
777 2838 828 2876 16
870 2834 987 2891 αὐτῇ
1027 2833 1301 2891 Sylburgius
1345 2838 1350 2889 Ι
1393 2832 1442 2878 δὲ
1484 2835 1566 2878 ΡΒ
1609 2837 1615 2891 Ι
1659 2833 1723 2877 ἔτι
1760 2833 1810 2875 in

138 2888 225 2933 ἔτει
248 2904 349 2934 corr
371 2891 419 2934 M
505 2896 558 2935 17
584 2889 712 2935 εἶπεν
736 2891 876 2934 ΜΡΒ
968 2897 1020 2936 21
1049 2891 1231 2949 διέφερε
1258 2908 1306 2939 a:
1333 2891 1551 2950 διέφερον
1576 2891 1809 2936 FMPBG

252 2953 307 2991 23
344 2948 456 3002 ἔξεις
488 2963 542 2993 ex
577 2949 678 3006 ἔξης
709 2951 766 2993 F¹

1835 1094 1876 1125 10

1836 1981 1878 2011 20
