2004 3202
211 109 283 196 64
633 144 973 188 ΔΙΟΝΥΣΙΟΤ
1003 144 1470 185 ΑΛΙΚΑΡΝΑΣΕΩΣ
1936 0 1998 180 «ἢ

82 280 87 288 “
139 280 183 331 ’7
319 282 401 342 τίς
449 276 509 331 δὲ
555 277 625 331 ἂν
671 282 880 347 μᾶλλον
935 276 1021 330 ἐπὶ
1075 277 1176 344 τὴν
1230 277 1591 345 δικαιοσύνην
1643 277 1732 330 καὶ
1787 281 1887 346 τὴν
1968 311 1969 314 =

210 366 493 436 εὐσέβειαν
545 365 912 436 προτρέψαιτο
966 363 1095 417 καθ’
1149 363 1379 418 ἕκαστόν
1431 385 1488 418 τε
1542 367 1719 436 ἄνδρα
1773 367 1888 438 ἰδίᾳ

209 453 298 507 καὶ
331 464 487 526 κοινῇ
520 457 614 518 τὰς
645 457 829 516 πόλεις
862 455 990 515 ὅλας
1021 461 1119 505 τοῦ
1153 452 1294 523 Περὶ
1322 461 1417 522 τῆς
1444 455 1663 524 εἰρήνης
1694 457 1886 522 λόγου;

212 544 272 597 ἐν
317 545 421 614 γὰρ
478 545 544 612 δὴ
599 544 772 615 τούτῳ
827 545 1009 595 πείθει
1063 543 1192 604 τοὺς
1238 540 1568 610 Ἀθηναίους
1622 553 1733 596 τῶν
1786 541 1888 612 μὲν

165 651 186 684 5
211 632 515 702 ἀλλοτρίων
547 633 616 701 μὴ
652 631 961 699 ἐπιθυμεῖν,
995 628 1083 682 ἐπὶ
1116 627 1176 683 δὲ
1207 639 1321 693 τοῖς
1351 639 1588 701 παροῦσι
1620 631 1885 702 στέργειν,

210 719 299 773 καὶ
359 730 470 773 τῶν
530 717 630 789 μὲν
690 729 900 788 μικρῶν
963 720 1178 772 πόλεων
1238 718 1539 789 ὡσπερανεὶ
1601 721 1887 789 κτημάτων

211 810 520 877 φείδεσθαι,
559 810 687 870 τοὺς
727 804 786 860 δὲ
827 800 1143 876 συμμάχους
1175 848 1185 859 .
1212 848 1222 859 .
1249 848 1259 859 .
1285 848 1295 859 .
1329 827 1385 860 τε
1423 806 1513 860 καὶ
1553 807 1887 878 εὐεργεσίαις

209 903 505 966 πειρᾶσθαι
544 896 812 964 κατέχειν,
853 895 991 948 ἀλλά
1030 896 1102 964 μὴ
1142 904 1259 958 ταῖς
1297 895 1558 963 ἀνάγκαις
1596 894 1733 965 μηδὲ
1770 907 1888 960 ταῖς

210 987 368 1053 βίαις.
439 994 548 1037 τῶν
583 983 586 1054 Ι
623 981 683 1037 δὲ
714 987 1008 1054 προγόνων
1038 989 1325 1053 μιμεῖσθαι
1357 986 1428 1053 μὴ
1459 986 1587 1047 τοὺς
1617 987 1722 1054 πρὸ
1755 995 1865 1039 τῶν
1890 998 1975 1038 548

145 1094 187 1125 10
210 1078 549 1126 Δεκελεικῶν
595 1072 948 1142 γενομένους,
1005 1076 1062 1125 οἳ
1103 1081 1302 1142 μικροῦ
1352 1072 1581 1141 ἐδέησαν
1626 1072 1886 1127 ἀπολέσαι

210 1162 310 1228 τὴν
341 1164 520 1229 πόλιν,
553 1161 691 1215 ἀλλὰ
722 1164 851 1224 τοὺς
881 1163 986 1231 πρὸ
1019 1171 1131 1214 τῶν
1163 1166 1470 1231 Περσικῶν,
1504 1165 1560 1214 οἳ
1589 1163 1887 1230 καλοκάγα-

208 1253 345 1302 θιάν
384 1249 680 1312 ἀσκοῦντες
719 1249 1042 1303 διετέλεσαν.
1106 1249 1481 1303 ἐπιδείκνυταί
1507 1270 1564 1303 τε
1596 1251 1668 1312 ὡς
1700 1250 1798 1319 οὐχ
1832 1253 1887 1304 αἱ

208 1337 407 1391 πολλαὶ
444 1341 686 1409 τριήρεις
726 1337 847 1391 οὐδ’
888 1339 940 1391 οἱ
979 1340 1111 1407 μετὰ
1150 1342 1272 1407 βίας
1308 1338 1600 1408 ἀρχόμενοι
1626 1337 1887 1406 ’Έλληνες

209 1427 451 1495 μεγάλην
488 1435 709 1480 ποιοῦσι
749 1428 849 1494 τὴν
894 1429 1082 1495 πόλιν,
1134 1426 1250 1480 ἀλλ’
1297 1428 1353 1479 αἱ
1399 1428 1612 1479 δίκαιαί
1653 1446 1710 1479 τε
1754 1445 1887 1498 προ-

146 1534 184 1567 ι5
211 1513 444 1584 αιρέσεις
483 1514 571 1567 καὶ
611 1516 671 1567 τὸ
712 1524 826 1576 τοῖς
866 1514 1247 1584 ἀδικουμένοις
1279 1518 1524 1583 βοηθεῖν.
1588 1521 1889 1585 παρακαλεῖ

209 1623 266 1656 τε
305 1604 405 1671 τὴν
443 1611 554 1656 τῶν
585 1602 864 1671 Ἑλλήνων
903 1604 1128 1656 εὔνοιαν
1167 1605 1376 1656 οἰκείαν
1406 1613 1586 1656 ποιεῖν
1617 1612 1680 1673 τῇ
1712 1606 1886 1673 πόλει,

210 1694 470 1760 μεγίστην
523 1691 864 1760 ἡγουμένους
917 1693 1112 1762 μερίδα
1165 1693 1302 1761 πρὸς
1355 1692 1742 1761 εὐδαιμονίαν,
1795 1692 1886 1746 καὶ

210 1781 538 1848 πολεμικοὺς
577 1777 677 1848 μὲν
716 1775 857 1832 εἶναι
896 1789 1013 1841 ταῖς
1052 1789 1417 1849 παρασκευαῖς
1454 1779 1544 1832 καὶ
1584 1790 1700 1843 ταῖς
1735 1781 1886 1850 μελέ·

210 1888 344 1935 ταις,
377 1869 686 1936 εἰρηνικοὺς
718 1865 779 1920 δὲ
802 1875 876 1939 τῷ
907 1867 1114 1936 μηδένα
1146 1865 1317 1936 μηδὲν
1348 1868 1575 1936 ἀδικεῖν,
1609 1870 1886 1923 διδάσκων

146 1979 186 2011 20
211 1957 282 2018 ὡς
330 1957 453 2008 οὔτε
499 1957 636 2025 πρὸς
684 1961 927 2009 πλοῦτον
982 1957 1106 2009 οὔτε
1159 1958 1296 2026 πρὸς
1351 1957 1517 2021 δόξαν
1571 1956 1698 2010 οὔθ’
1747 1959 1885 2020 ὅλως

208 2044 345 2112 πρὸς
406 2044 763 2113 εὐδαιμονίαν
820 2041 993 2097 οὐθὲν
1046 2044 1115 2097 ἂν
1169 2047 1502 2114 συμβάλοιτο
1556 2047 1885 2120 τηλικαύτην

211 2132 464 2200 δύναμιν,
505 2133 640 2200 ὅσην
679 2133 841 2202 ἀρετὴ
880 2132 970 2185 καὶ
1009 2135 1074 2186 τὰ
1113 2133 1248 2204 μέρη
1284 2135 1505 2203 ταύτης·
1545 2133 1633 2187 καὶ
1665 2144 1780 2198 τοῖς
1810 2136 1881 2204 μὴ

209 2228 377 2273 ταῦτα
414 2221 781 2290 ὑπειληφόσιν
821 2221 1096 2291 ἐπιτιμῶν,
1137 2225 1194 2275 οἳ
1229 2223 1329 2291 τὴν
1367 2220 1468 2292 μὲν
1506 2223 1726 2276 ἀδικίαν
1762 2243 1882 2294 κερ-

327 2385 352 2423 5
386 2380 442 2423 de
474 2394 587 2436 pace
616 2385 638 2423 7
755 2386 777 2423 7
814 2382 868 2424 de
900 2397 930 2438 p
958 2386 1041 2425 134
1156 2388 1179 2426 9
1215 2383 1270 2426 de
1301 2398 1332 2439 p
1360 2388 1485 2438 74sq
1595 2388 1647 2426 12
1682 2383 1737 2426 de
1769 2398 1799 2439 p
1825 2387 1879 2426 29

210 2438 258 2481 cf
285 2439 340 2482 de
371 2454 401 2495 p
430 2443 510 2482 137
531 2454 584 2494 sq
617 2444 739 2494 64sq
818 2445 869 2483 15
904 2441 960 2484 de
992 2457 1021 2497 p
1049 2446 1131 2484 135
1208 2447 1260 2486 18
1296 2442 1350 2485 de
1382 2457 1412 2498 p
1441 2447 1521 2485 136
1592 2446 1647 2486 20
1681 2442 1737 2485 de
1768 2457 1799 2498 p
1825 2446 1879 2484 32

328 2586 487 2639 1·περὶ
520 2593 598 2642 τῆς
630 2586 814 2642 εἰρήνης
839 2587 886 2630 Μ
917 2587 966 2630 in
996 2603 1074 2645 mg
1098 2589 1236 2632 rubro
1327 2593 1354 2631 4
1387 2588 1478 2646 [ἐν]
1504 2587 1589 2644 γὰρ
1615 2588 1650 2630 F
1675 2601 1780 2631 cum
1804 2602 1879 2632 ras

223 2690 227 2697 ‚
326 2650 351 2688 6
379 2644 556 2695 ’πόλεως
587 2645 668 2687 ΡΒ
712 2647 715 2701 Ι
760 2646 907 2700 ὡσπερ
941 2644 999 2690 ἂν
1033 2648 1073 2690 εἰ
1103 2648 1195 2691 ΜΡ
1243 2646 1390 2702 ὥσπερ
1424 2645 1484 2690 ἂν
1518 2645 1561 2690 εἶ’
1588 2646 1624 2689 Β
1718 2652 1741 2690 7
1773 2647 1880 2698 τοὺς

209 2700 264 2748 &x
294 2711 391 2754 τοῖς
421 2703 468 2746 Μ
510 2705 515 2759 Ι
560 2702 718 2747 εὐνοία
749 2720 796 2747 τε
829 2704 1044 2751 Wolfius:
1079 2722 1127 2762 γε
1158 2706 1269 2750 libri
1323 2705 1437 2761 quid
1469 2705 1613 2762 desita,
1646 2719 1740 2749 non
1771 2720 1879 2749 oon-

210 2764 304 2806 stat
387 2767 412 2806 8
444 2761 526 2813 τὰς
549 2760 653 2820 βίας
678 2751 735 2805 Fl
819 2767 843 2805 9
870 2761 920 2806 δὲ
947 2778 1021 2807 om
1044 2765 1078 2807 F
1165 2770 1219 2809 14
1243 2762 1423 2809 δίκαῖαι
1446 2762 1493 2808 τε
1517 2764 1567 2807 Μ
1651 2769 1703 2807 15
1729 2779 1879 2820 παρα-

207 2823 364 2866 καλεῖν
403 2821 438 2863 F
561 2826 613 2864 17
660 2819 943 2877 ἡγουμένους
989 2823 1189 2880 Krfiger:
1235 2823 1490 2880 ἡγούμενος
1539 2825 1543 2879 Ι
1594 2821 1757 2878 μερίδα
1805 2837 1880 2867 om

207 2880 384 2924 MBPv
427 2883 431 2937 Ι
474 2880 554 2924 καὶ
596 2881 857 2930 πολιτικοὺς
899 2880 981 2936 μὲν
1022 2879 1142 2926 εἶναι
1182 2883 1231 2925 in
1269 2897 1348 2938 mg
1378 2881 1437 2924 F²
1536 2886 1589 2925 18
1620 2889 1720 2932 ταῖς
1758 2882 1880 2926 inter

206 2938 355 2983 lineas
390 2939 483 2982 add
514 2939 548 2981 F
641 2943 696 2981 23
728 2938 873 2983 ταύτὰ
905 2940 941 2982 Β
970 2942 974 2997 Ι
1004 2940 1240 2996 εἰληφόσιν
1273 2942 1329 2983 F1
