2004 3202
185 139 292 193 232
608 142 947 186 ΔΙοΝΤΣΙοΤ
977 142 1445 184 ΑΑΙΚΑΡΝΑΣΕΩΣ

95 275 165 326 47
297 276 558 346 δεύτερον
605 277 672 345 δὴ
718 277 1019 345 κεφάλαιον
1056 270 1126 343 ἧν
1174 273 1459 343 ἐπιδεῖξαι,
1505 279 1615 329 τίσι
1652 279 1864 348 θεωρή-

186 379 317 434 μασι
356 366 633 435 χρώμενος
670 363 760 417 καὶ
808 365 900 416 διὰ
945 365 1106 426 ποίας
1151 363 1426 432 ἀσκήσεως
1470 364 1764 434 προελθὼν
1801 366 1862 418 τὸ

188 454 480 523 κράτιστον
518 452 681 523 μέρος
721 455 879 520 ἔλαβε
917 459 1012 520 τῆς
1050 492 1268 505 ........
1309 452 1587 523 ἁρμονίας.
1650 453 1754 524 ε’ρῶ
1795 454 1859 521 δὴ

186 540 275 594 καὶ
322 540 445 612 περὶ
492 542 726 608 τούτων,
773 541 857 608 ὡς,
884 542 986 609 ἔχω
1027 540 1201 609 δόξης.
1276 542 1433 595 δυεῖν
1478 544 1655 595 ὄντων
1692 546 1863 595 τελῶν

142 628 312 698 ὅπερὶ
358 638 470 682 πᾶν
516 631 702 699 ἔργον,
751 629 823 690 ὡς
869 630 1060 697 εἰπεῖν,
1106 625 1185 682 ὧν
1223 649 1280 682 τε
1326 630 1492 699 φύσις
1530 630 1863 700 δημιουργὸς

188 716 278 770 καὶ
318 713 396 770 ὧν
435 719 491 770 αἱ
529 716 711 786 τέχναι
751 716 999 788 μητέρες,
1038 726 1137 771 τοῦ
1175 723 1347 772 καλοῦ
1385 717 1475 772 καὶ
1512 727 1607 788 τῆς
1644 719 1863 787 ἡδονῆς,

189 802 351 874 εἶδεν,
393 807 474 858 ὅτι
512 805 615 857 κάν
654 815 768 868 τοῖς
813 808 999 874 λόγοις
1037 815 1152 869 τοῖς
1195 826 1253 860 τε
1305 806 1585 877 ἐμμέτροις
1622 806 1712 860 καὶ
1750 815 1865 868 τοῖς

189 893 289 958 ἔξω
329 902 427 947 τοῦ
459 893 661 964 μέτρου
691 894 1243 964 κατασκευαζομένοις
1275 936 1551 948 ..........
1642 897 1865 964 ἔμελλεν

190 982 552 1053 ἀποχρώντως
599 982 740 1047 ἕξειν
779 982 1106 1054 ἀμφοτέρων
1143 985 1368 1037 τούτων.
1445 981 1723 1054 χωρισθὲν
1760 985 1866 1054 γὰρ

125 1097 165 1127 10
190 1070 446 1142 ἑκάτερον
499 1071 682 1125 αὐτῶν
733 1071 976 1143 θατέρου
1028 1074 1166 1143 πρὸς
1218 1080 1293 1144 τῷ
1347 1074 1418 1142 μὴ
1471 1071 1681 1126 τέλειον
1727 1068 1868 1125 εἶναι

189 1159 279 1212 καὶ
324 1161 425 1228 τὴν
473 1161 622 1213 ἰδιάν
668 1161 867 1231 ἀρετὴν
921 1160 1302 1232 ἀμαυροτέραν
1349 1167 1501 1231 ἴσχει.
1584 1169 1754 1214 ταῦτα
1800 1161 1868 1228 δὴ

191 1249 436 1301 συνιδὼν
487 1249 578 1301 καὶ
637 1257 732 1318 τῆς
785 1247 886 1319 μὲν
932 1251 1206 1321 αὐστηρᾶς
1251 1253 1311 1303 τὸ
1359 1252 1530 1304 καλὸν
1573 1251 1870 1318 ὑπολαβὼν

192 1333 331 1389 εἶναι
385 1336 556 1406 τέλος,
610 1346 705 1406 τῆς
759 1335 819 1391 δὲ
873 1343 1161 1410 γλαφυρᾶς
1214 1340 1275 1392 τὸ
1329 1339 1460 1408 ἡδύ,
1509 1338 1700 1407 ἐζήτει,
1747 1341 1869 1391 τίνα

189 1428 443 1494 ποιητικὰ
511 1435 610 1479 τοῦ
678 1428 915 1490 κάλλους
984 1426 1096 1480 ε’στὶ
1164 1426 1255 1480 καὶ
1316 1431 1439 1480 τίνα
1499 1435 1593 1495 τῆς
1652 1427 1868 1495 ἡδονῆς.

128 1541 167 1572 15
193 1515 409 1584 εὕρισκε
466 1516 533 1583 δὴ
585 1517 650 1568 τὰ
700 1513 800 1584 μὲν
847 1515 985 1568 αὐτὰ
1036 1515 1361 1586 ἀμφοτέρων
1400 1518 1532 1569 ὄντα
1583 1521 1753 1582 αἴτια,
1804 1516 1869 1567 τὰ

192 1602 325 1671 μέλη
375 1601 466 1655 καὶ
523 1605 652 1665 τοὺς
703 1603 954 1673 ῥυθμοὺς
1003 1603 1093 1656 καὶ
1150 1605 1245 1666 τὰς
1303 1606 1603 1673 μεταβολὰς
1658 1602 1868 1656 καῖ’τὸ

191 1696 658 1762 παρακολουθοῦν
696 1690 913 1763 ἅπαῖσιν
952 1692 1137 1755 αὐτοῖς
1167 1691 1395 1762 πρέπον,
1435 1692 1501 1746 οὐ
1541 1693 1649 1762 μὴν
1686 1693 1820 1745 κατὰ
1847 1705 1959 1744 1101

194 1782 292 1833 τὸν
332 1780 500 1832 αὐτὸν
538 1782 745 1850 τρόπον
791 1779 1015 1850 ἑκάτερα
1061 1783 1501 1850 σχηματιζόμενα.
1578 1780 1644 1833 ὃν
1683 1777 1744 1833 δὲ
1783 1782 1872 1833 λό-
1991 1761 1993 1773 ¹

195 1889 297 1937 γον
347 1871 456 1938 ἔχει
501 1869 712 1921 τούτων
758 1868 1010 1936 ἕκαστον,
1051 1869 1155 1936 ἐγὼ
1201 1870 1529 1940 πειράσομαι
1576 1869 1871 1922 διδάσκειν.

107 1964 178 2015 48
307 1966 421 2020 τοῖς
465 1958 701 2027 πρώτοις
751 1960 964 2028 μορίοις
1016 1965 1111 2026 τῆς
1161 1956 1374 2026 λέξεως,
1428 1957 1461 2011 ἃ
1516 1958 1582 2026 δὴ
1635 1965 1874 2026 στοιχεῖα

134 2064 175 2095 21
201 2047 308 2099 ὑπό
341 2066 509 2098 τινων
539 2051 797 2114 καλεῖται,
827 2051 933 2099 εἴτε
965 2049 1088 2116 τριά
1119 2045 1271 2098 ταῦτ’
1304 2049 1470 2113 ἐστίν,
1502 2047 1575 2109 ὡς
1603 2045 1871 2116 Θεοδέκτῃ

197 2154 253 2187 τε
303 2133 393 2186 καὶ
436 2132 796 2204 Ἀριστοτέλει
847 2135 1020 2203 δοκεῖ,
1082 2134 1322 2203 ὀνόματα
1375 2133 1466 2187 καὶ
1521 2134 1729 2204 ῥήματα
1781 2132 1872 2186 καὶ

199 2224 522 2292 σύνδεσμοι,
570 2228 676 2276 εἴτε
729 2222 982 2293 τέτταρα,
1037 2224 1110 2286 ὡς
1162 2232 1277 2285 τοῖς
1329 2221 1454 2293 περὶ
1497 2225 1729 2291 Ζήνωνα
1775 2223 1873 2274 τὸν

320 2417 341 2453 1
377 2409 602 2477 δευτέρων
635 2412 692 2469 δὴ
725 2411 955 2468 κεφάλεον
986 2413 1022 2455 Β
1145 2417 1170 2455 3
1205 2411 1343 2471 ἔλαβη
1374 2411 1411 2454 Β
1440 2412 1445 2468 Ι
1473 2411 1547 2455 lae
1577 2411 1763 2454 X—XII
1793 2409 1875 2453 litb

199 2470 246 2512 M
278 2469 409 2512 nulla
440 2469 488 2512 in
520 2470 640 2514 BPv
672 2479 831 2527 μικτῆς
861 2473 942 2516 καὶ
974 2469 1111 2528 μέσης
1142 2470 1379 2527 suppleuit
1411 2470 1616 2514 Sadaeus
1728 2474 1754 2511 5
1788 2464 1872 2526 ὧν]

203 2525 262 2579 ὦς
294 2529 329 2570 Ρ
358 2528 362 2585 Ι
391 2529 418 2583 ἡ
454 2543 590 2584 φυσις
623 2529 896 2587 Sylburgius
925 2533 930 2588 Ι
958 2531 1250 2587 δημηουργὸς
1271 2530 1309 2572 Β
1422 2534 1448 2572 8
1479 2535 1559 2572 τοῦ
1591 2525 1756 2583 μέτρου
1780 2527 1871 2572 M2:

201 2594 282 2630 τοῦ
318 2584 537 2642 ἐμμέτρου
571 2588 770 2632 M¹BPv
819 2590 825 2647 Ι
875 2589 1093 2633 lacunam
1124 2587 1345 2632 indicaui.
1379 2586 1552 2631 excidit
1584 2587 1679 2630 fere
1720 2586 1873 2637 οὐδεὶς

202 2644 442 2701 ἀξιόλογος
488 2643 688 2701 ἐγένετο,
737 2647 777 2690 εἰ
815 2649 874 2704 μὴ
1072 2653 1096 2692 9
1136 2665 1217 2706 χορ
1193 2644 1356 2703 ρισθὲν
1387 2646 1424 2688 Β
1568 2650 1621 2687 12
1652 2647 1759 2701 post
1791 2646 1874 2689 αὐ-

204 2710 371 2760 στηρᾶς
410 2703 502 2746 add
543 2703 769 2760 ἁρμονίας
807 2706 987 2763 Krfiger
1123 2711 1177 2750 13
1215 2706 1266 2750 τὸ
1298 2703 1424 2754 τέλος
1454 2704 1528 2747 Pv
1671 2708 1727 2746 14
1765 2703 1874 2748 καλ-

204 2764 329 2835 λους]
362 2765 531 2812 καλοῦς’
562 2763 598 2805 Β
708 2769 760 2806 16
792 2766 916 2823 τους]
949 2766 1030 2822 τὴς
1053 2766 1090 2808 Β
1186 2770 1240 2808 17
1272 2765 1650 2829 παρακολουθεῖν
1681 2763 1763 2805 ΒΡ
1795 2761 1875 2806 καί

203 2839 246 2866 τι
278 2839 327 2865 το
360 2824 754 2876 παρακολουθοῦν
795 2823 966 2879 repetit
989 2825 1024 2867 P
1068 2826 1073 2883 1
1115 2822 1295 2880 πρέπον
1336 2821 1513 2892 scripsi
1530 2821 1741 2864 Martinii
1772 2835 1874 2865 uer-

205 2881 382 2955 sipnem
414 2881 616 2982 elgeutus]
650 2879 897 2935 παραίτιον
928 2882 1106 2926 MBPv
1256 2885 1311 2926 23
1345 2879 1432 2924 εἴτε
1464 2877 1874 2935 τέτταρα-στωι-

203 2957 288 2985 κον
321 2953 395 2983 om
470 2955 500 2983 v
