2004 3202
781 134 1204 178 ΔΗΜΟΣΘΕΝΗΣ
1240 178 1244 183 ,
1722 135 1830 188 209

145 257 420 341 joham-ev,
460 267 604 323 ὁποῖ’
636 270 769 321 ἄττα
809 268 878 322 ἂν
918 268 1118 322 ἐκεῖνοι
1156 272 1406 337 ζηλῶσιν,
1447 269 1737 339 ἀναφοράν
1775 292 1833 325 τε

154 359 249 412 καὶ·
298 361 552 428 μίμησιν·
603 359 716 426 ἔχοι
764 356 812 410 δ’
860 359 929 410 ἄν
975 378 1058 420 τις
1110 356 1200 410 καὶ
1255 358 1393 411 ἄλλα
1441 356 1639 427 λέγειν,
1694 358 1832 412 ἀλλὰ

159 448 263 516 ἐγὼ
302 449 368 501 τὰ
407 447 763 516 φανερώτατα
803 447 972 500 εἰπὼν
1012 446 1080 499 ἐῶ
1119 447 1186 499 τὰ
1224 445 1401 500 λοιπά.
1464 447 1600 500 ὅθεν
1640 449 1697 499 οἳ
1731 444 1833 515 μὲν

155 538 257 604 τὴν
288 535 529 603 εὐσταθῆ
564 534 654 587 καὶ
686 538 916 605 βαρεῖαν
946 534 1036 588 καὶ
1068 534 1348 605 αὐστηρὰν
1378 529 1468 588 καὶ
1501 536 1833 606 φιλάρχαιον

154 623 246 678 καὶ
301 625 505 693 σεμνὴν
551 623 641 676 καὶ
697 625 1016 693 φεύγουσαν
1069 625 1215 676 ἅπαν
1267 625 1328 677 τὸ
1383 625 1599 693 κομψὸν
1653 622 1833 692 ἐπιτη-
1878 644 1898 675 5

157 713 417 765 δεύουσιν
456 712 744 782 ἁρμονίαν,
793 715 850 765 οἳ
892 710 952 765 δὲ
999 713 1100 782 τὴν
1138 714 1431 783 γλαφυρὰν
1467 711 1558 765 καὶ
1597 713 1834 781 λιγυρὰν

154 799 244 853 καὶ
287 802 589 871 θεατρικὴν
627 799 717 853 καὶ
763 803 906 854 πολὺ
945 802 1006 854 τὸ
1045 802 1260 870 κομψὸν
1297 800 1388 853 καὶ
1435 801 1681 870 μαλακὸν
1720 799 1834 853 ἐπι-

157 893 488 958 φαίνουσαν,
537 882 570 960 ᾗ
607 891 942 959 πανηγύρεις
980 909 1038 942 τε
1078 894 1376 959 κηλοῦνται
1420 887 1511 942 καὶ
1551 889 1580 942 ὁ
1621 904 1834 958 συμφο-

156 979 319 1047 ρητὸς
358 981 541 1047 ὄχλος,
583 981 639 1031 οἳ
677 975 737 1030 δὲ
777 977 1076 1040 συνθέντες
1115 977 1211 1046 ἀφ’
1245 976 1499 1047 ἑκατέρας
1537 979 1602 1030 τὰ
1647 993 1835 1047 χρησι-

156 1067 375 1135 μώτατα
414 1068 515 1135 τὴν
554 1068 751 1136 μικτὴν
788 1065 879 1118 καὶ
918 1065 1089 1135 μέσην
1129 1066 1401 1135 ἐζήλωσαν
1440 1065 1674 1134 ἀγωγήν.
1860 1087 1903 1118 10

267 1164 412 1225 τρεῖς
472 1158 575 1226 γὰρ
635 1156 702 1223 δὴ
765 1154 1079 1217 συνθέσεως
1140 1156 1442 1217 σπουδαίας
1502 1163 1834 1225 χαρακτῆρες
1850 1157 1921 1209 37

157 1240 311 1296 οὗτοι
344 1246 396 1297 οἱ
435 1245 804 1311 γενικώτατοι,
845 1244 898 1296 οἱ
937 1242 986 1296 δ’
1010 1245 1168 1296 ἄλλοι
1206 1245 1352 1312 παρὰ
1388 1244 1618 1306 τούτους
1648 1263 1705 1296 τε
1742 1243 1833 1296 καὶ

157 1332 262 1385 ἀπὸ
287 1333 500 1386 τούτων
524 1331 629 1385 εἰσὶ
660 1331 1168 1401 κατεσκευασμένοι,
1199 1330 1395 1385 πολλοὶ
1422 1333 1639 1401 σφόδρα
1663 1334 1833 1399 ὄντες,

158 1420 398 1474 ἐπιτάσει
437 1441 493 1474 τε
532 1419 621 1473 καὶ
661 1419 843 1473 ἀνέσει
882 1420 1238 1491 διαφέροντες
1278 1420 1543 1488 ἀλλήλων.
1614 1422 1835 1491 εἰλικριε

69 1522 182 1563 1068
214 1511 314 1578 νὴς
344 1506 445 1578 μὲν
477 1505 580 1562 οὖν
612 1509 848 1579 ἁρμονία
885 1507 975 1560 καὶ
1008 1507 1314 1578 ἀκραιφνὴς
1350 1507 1356 1580 Ι
1390 1510 1663 1579 χαρακτὴρ
1698 1512 1833 1562 κατὰ
1860 1529 1902 1561 15

155 1606 266 1651 πᾶν
298 1598 398 1651 οὐκ
436 1597 506 1650 ἂν
538 1598 791 1668 εὑρεθείη
830 1596 959 1667 παρ’
993 1596 1181 1650 οὐδενὶ
1222 1598 1347 1650 οὔτε
1388 1596 1667 1667 ἐμμέτρων
1706 1600 1831 1652 οὔτε

155 1690 329 1751 πεζῶν
359 1694 555 1757 ποιητῇ
589 1688 785 1754 λόγων,
827 1683 958 1739 οὐδὲ
996 1687 1097 1757 χρὴ
1137 1687 1411 1756 μαρτύρια
1441 1694 1667 1739 τοιαῦτα
1700 1686 1826 1757 παρ’

160 1775 390 1837 οὐδενὸς
428 1775 691 1828 ἀπαιτεῖν.
761 1775 902 1828 ὅπου
940 1777 1044 1845 γὰρ
1084 1772 1214 1828 οὐδὲ
1253 1785 1364 1828 τῶν
1403 1778 1687 1843 στοιχείων
1724 1784 1835 1828 τῶν

156 1864 406 1933 πρώτων,
454 1862 507 1927 ἐξ
554 1859 632 1916 ὧν
670 1863 702 1931 ἡ
743 1871 842 1916 τοῦ
881 1864 1085 1926 παντὸς
1124 1863 1356 1932 συνέστη
1405 1864 1594 1932 φύσις,
1640 1870 1740 1932 γῆς
1778 1884 1836 1916 τε

156 1950 247 2003 καὶ
301 1951 501 2014 ὕδατος
562 1950 651 2003 καὶ
706 1951 866 2021 ἀέρος
925 1950 1015 2004 καὶ
1073 1954 1269 2022 πυρός,
1326 1949 1492 2005 οὐδὲν
1545 1951 1836 2022 εἰλικρινές
1859 1973 1902 2003 20

159 2039 324 2107 ἐστιν,
368 2039 506 2092 ἀλλὰ
543 2040 722 2092 πάντα
759 2039 967 2109 μετέχει
1005 2041 1245 2107 πάντων,
1285 2040 1595 2109 ὠνόμασται
1635 2039 1683 2092 δ’
1716 2038 1836 2092 ἕκα-

158 2143 291 2182 στον
330 2127 512 2181 αὐτῶν
550 2129 683 2180 κατὰ
726 2129 786 2180 τὸ
834 2129 1149 2195 πλεονάζον,
1196 2131 1254 2180 τί
1295 2130 1637 2197 θαυμαστόν,
1685 2129 1732 2180 εἰ
1779 2129 1835 2180 αἱ

157 2224 253 2285 τῆς
307 2216 498 2280 λέξεως
556 2216 814 2285 ἁρμονίαι
869 2225 1014 2285 τρεῖς
1069 2212 1229 2269 οὖσαι
1284 2218 1381 2269 τὸν
1435 2215 1679 2286 ἀριθμὸν
1734 2216 1835 2268 οὐκ

159 2307 381 2375 ἔχουσιν
420 2307 686 2374 εἰλικρινῆ
726 2305 827 2372 τὴν
866 2305 1040 2372 φύσιν
1071 2303 1188 2357 οὐδ’
1220 2304 1591 2374 ἀνεπίμικτον,
1632 2303 1746 2357 ἀλλ’
1777 2304 1835 2357 ἐκ

158 2403 269 2446 τῶν
317 2394 388 2455 ὡς
435 2391 522 2445 ἐπὶ
570 2394 629 2445 τὸ
675 2394 816 2445 πολὺ
865 2394 1287 2461 συμβεβηκότων
1333 2392 1519 2455 αὐτοῖς
1566 2393 1832 2463 ὀνόματός
1857 2413 1901 2445 25

280 2646 307 2685 1⁷
331 2640 444 2684 ἄττα
471 2640 767 2697 Sylburgius:
801 2638 919 2683 αὐτὰ
1009 2644 1036 2683 4
1067 2641 1164 2695 (καὶ
1196 2638 1355 2697 φίλαν)
1386 2642 1466 2685 καὶ
1498 2641 1778 2700 φιλάρχαιον
1800 2643 1835 2685 Ρ

280 2705 305 2743 5
339 2700 506 2756 σεμνὸν
530 2700 566 2742 Β
610 2702 615 2756 Ι
659 2698 970 2754 ἐπετήδευσαν
1000 2698 1162 2743 malim
1273 2705 1298 2743 6
1332 2698 1563 2756 ἁρμονίαν
1587 2701 1624 2744 Β
1667 2704 1672 2758 1
1715 2704 1835 2745 λισυ-

162 2764 250 2813 ρᾶν
274 2759 312 2801 Β
412 2764 435 2815 7
470 2759 678 2814 μαλακὸν
710 2757 1006 2814 Sylburgius:
1038 2757 1159 2814 μάλα
1262 2764 1287 2802 8
1321 2760 1553 2815 συμφοτὸς
1584 2760 1620 2803 Β
1720 2766 1746 2804 9
1777 2760 1835 2804 τὰ

163 2818 494 2874 χρησιμώτατα,
524 2818 610 2874 τὴν
643 2818 841 2874 Krfiger:
881 2816 1226 2875 χρησιμωτάτην
1320 2823 1374 2861 12
1407 2816 1458 2862 δὲ
1491 2819 1573 2861 ΒΡ
1666 2824 1718 2862 15
1752 2820 1835 2873 ἀρ-

165 2874 302 2930 μονία
332 2876 369 2919 Β
411 2879 418 2935 Ι
460 2876 729 2933 ἀκραιφνὴν
760 2876 797 2918 Β
912 2880 965 2919 19
996 2877 1177 2932 πρώτου
1209 2877 1246 2920 Β
1355 2882 1408 2920 21
1444 2875 1646 2922 ἔκαστων
1679 2879 1715 2921 Β

166 2938 222 2977 24
253 2935 406 2993 φύσην
437 2935 474 2978 Β
517 2938 522 2992 1
566 2933 624 2980 ἂν
657 2933 894 2991 ἐπίμικτον
926 2934 1007 2978 ΒΡ
1128 2941 1182 2979 25
1217 2936 1565 2994 συνβεβηκότων
1596 2937 1632 2980 Β

252 3016 363 3050 Dion.
387 3018 583 3051 Halicam.
619 3019 660 3050 V.
1516 3015 1569 3052 14
