1958 3192
856 148 1088 189 ΛΤΣιΑΣ
1742 146 1812 199 39

136 283 308 336 αὐτοῦ
335 283 816 351 παρακαταθήκην,
847 278 937 333 καὶ
968 278 1094 350 περὶ
1125 280 1338 333 τούτων
1370 279 1474 348 ἐγὼ
1505 279 1654 333 θέλω
1687 283 1815 343 τοὺς

135 373 335 433 παῖδας
371 369 826 440 παραστησαμένη
874 368 963 422 καὶ
1003 369 1232 431 τούτους
1277 367 1367 422 καὶ
1414 370 1543 431 τοὺς
1581 369 1816 439 ὕστερον

138 460 338 530 ἐμαυτῇ
371 458 703 527 γενομένους
735 459 947 527 ὀμόσαι,
980 459 1119 511 ὅπου
1151 457 1221 510 ἂν
1252 454 1413 520 οὗτος
1444 456 1600 527 λέγῃ·
1638 460 1814 511 καίτοι

64 554 72 561 ’
137 548 237 618 οὐχ
255 547 428 610 οὕτως
446 547 549 615 ἐγώ
568 548 676 616 εἰμι
695 546 864 600 ἀθλιά
882 547 985 600 οὐδ
991 545 1003 566 ’
1025 546 1166 599 οὕτω
1183 545 1307 616 περὶ
1325 543 1535 600 πολλοῦ
1551 554 1814 616 ποιοῦμαι

136 639 381 707 χρήματα
440 634 567 689 ὥστ’
630 635 998 705 ἐπιορκήσασα
1063 636 1199 688 κατὰ
1259 644 1370 688 τῶν
1429 637 1645 688 παίδων
1705 645 1816 688 τῶν

138 725 369 795 ἐμαυτῆς
407 725 506 778 τὸν
544 727 670 793 βιόν
707 727 1141 791 καταναλίσκειν,
1181 723 1383 786 ἀδίκως
1414 720 1475 776 δὲ
1511 723 1815 793 ἀφελέσθαι

135 815 237 883 τὴν
289 821 388 866 τοῦ
435 814 639 882 πατρὸς
692 812 902 866 οὐσίαν.
980 815 1059 865 ἔτι
1104 816 1298 865 τοίνυν
1349 811 1633 882 ἐξήλεγχεν
1679 812 1815 881 αὐτὴ

49 916 133 957 509
160 901 292 956 ἑπτὰ
323 903 560 955 τάλαντα
590 901 984 970 κεκομισμένον
1007 902 1236 954 ναυτικὰ
1259 899 1349 954 καὶ
1372 899 1818 973 τεΙτρακισχιλίας

137 992 380 1061 δραχμὰς
425 990 514 1043 καὶ
552 991 764 1043 τούτων
809 992 874 1043 τὰ
913 989 1180 1059 γράμματ’
1239 989 1533 1054 ἀπέδειξεν.
1615 990 1674 1044 ἐν
1712 993 1816 1061 γὰρ

136 1089 199 1150 τῇ
227 1081 497 1146 διοικίσει,
533 1078 612 1132 ὅτ’
638 1078 695 1131 ἐκ
719 1082 1011 1132 Κολλυτοῦ
1037 1080 1312 1150 διῳκίζετο
1338 1080 1415 1141 εἰς
1438 1080 1539 1148 τὴν
1566 1081 1818 1150 Φαίδρου

138 1170 342 1235 οἰκίαν,
392 1170 522 1230 τοὺς
566 1169 764 1229 παῖδας
811 1166 1166 1236 ἐπιτυχόντας
1207 1167 1582 1240 ἐκβεβλημένῳ
1621 1171 1817 1241 βιβλίῳ

138 1255 382 1324 ἐνεγκεῖν
418 1257 556 1326 πρὸς
594 1256 781 1324 αὐτήν.
854 1255 1098 1324 ἀπέφηνε
1138 1255 1190 1308 δ’
1231 1256 1402 1308 αὐτὸν
1441 1255 1634 1309 ἑκατὸν
1679 1266 1819 1326 μνᾶς

137 1343 530 1413 κεκομισμένον
563 1343 753 1416 ἐγγείῳ
787 1342 872 1397 ἐπὶ
897 1346 1036 1415 τόκῳ
1062 1343 1486 1413 δεδανεισμένας
1511 1344 1602 1397 καὶ
1635 1344 1819 1415 ἑτέρας

138 1435 409 1502 δισχιλίας
448 1434 691 1503 δραχμὰς
729 1431 819 1485 καὶ
859 1435 1060 1486 ἔπιπλα
1096 1438 1306 1486 πολλοῦ
1347 1426 1486 1501 ἄξια,
1527 1443 1727 1503 φοιτᾶν
1758 1432 1818 1488 δὲ

136 1521 227 1575 καὶ
261 1531 417 1575 σῖτον
448 1522 634 1585 αὐτοῖς
659 1522 716 1575 ἐκ
740 1524 1095 1593 Χερρονήσου
1127 1521 1256 1575 καθ’
1289 1520 1519 1575 ἕκαστον
1551 1522 1818 1577 ἐνιαυτόν.

130 1613 321 1687 δἐπέιτα
360 1613 429 1664 σὺ
469 1610 789 1680 ἐτόλμησας,
830 1613 959 1680 ἔφη,
1000 1613 1198 1678 εἰπεῖν,
1238 1613 1379 1680 ἔχων
1417 1620 1655 1664 τοσαῦτα
1694 1615 1820 1682 χρή-

138 1719 296 1769 ματα,
334 1700 408 1762 ὡς
446 1701 717 1768 δισχιλίας
756 1701 1000 1770 δραχμὰς
1039 1699 1068 1753 ὁ
1107 1700 1320 1753 τούτων
1358 1701 1533 1769 πατὴρ
1569 1700 1821 1754 κατέλιπε

50 1806 138 1846 510
162 1787 251 1841 καὶ
290 1790 584 1859 τριάκοντα
622 1797 915 1859 στατῆρας;
966 1790 1000 1842 ἅ
1036 1788 1040 1859 ι
1075 1807 1176 1858 περ
1225 1787 1344 1857 ἐμοὶ
1382 1788 1822 1858 καταλειφθέντα

142 1875 355 1930 ἐκείνου
393 1881 816 1946 τελευτήσαντος
856 1877 960 1946 ἐγώ
1008 1892 1096 1931 σοι
1144 1879 1344 1930 ἔδωκα·
1398 1876 1488 1930 καὶ
1537 1878 1822 1946 ἐκβάλλειν

140 1966 370 2028 τούτους
407 1964 638 2033 ἠξίωκας
676 1967 1052 2036 θυγατριδοῦς
1091 1968 1254 2028 ὄντας
1293 1965 1350 2018 ἐκ
1388 1973 1484 2034 τῆς
1522 1968 1698 2029 οἰκίας
1729 1974 1823 2035 τῆς
1846 1989 1864 2020 2

140 2054 324 2107 αὑτῶν
348 2053 408 2107 ἐν
431 2057 760 2125 τριβωνίοις,
793 2055 1193 2123 ἀνυποδήτους,
1227 2054 1292 2107 οὐ
1320 2056 1454 2124 μετὰ
1485 2054 1821 2123 ἀκολούθου,

262 2250 283 2287 1
318 2243 565 2301 καταθήκη
572 2261 597 2288 ν
629 2244 670 2287 G
789 2249 815 2286 3
849 2244 987 2295 αὐτὸς
1021 2242 1153 2302 λέγῃς
1186 2243 1265 2287 Gv
1386 2249 1411 2287 6
1444 2245 1820 2302 καταναλίσκειν]

142 2306 413 2347 καταλιπεῖν
438 2303 548 2347 libri
575 2303 777 2347 ἐκλιπεῖν
801 2303 1147 2347 Rauchenstein
1172 2302 1222 2346 ef
1239 2302 1430 2376 Lycurg
1439 2307 1495 2345 94
1581 2308 1604 2346 7
1630 2304 1746 2359 αὐτῆ
1765 2303 1822 2346 F1

143 2363 285 2406 αυτὸν
300 2362 377 2406 Gv
395 2377 455 2406 an
472 2362 602 2418 ἄρτιῖ
665 2368 690 2406 8
708 2360 1125 2435 κεκοσμημένονΕῙ
1155 2359 1602 2419 κεκοσμισμένονΜ
1625 2361 1822 2406 ναυτικὰ

143 2421 468 2466 Marklandus:
517 2420 684 2466 αὐτίκα
814 2427 839 2465 9
886 2418 1119 2477 γράμματ’
1172 2421 1297 2465 solus
1337 2421 1374 2463 B
1508 2426 1563 2464 10
1610 2419 1823 2465 διοικίσει

143 2479 373 2525 Mathaei:
406 2481 632 2536 διοικήσει
659 2482 664 2538 Ι
692 2483 910 2524 κολυττοῦ
939 2480 1048 2523 libri
1076 2483 1080 2537 Ι
1109 2478 1352 2533 διοικίζετο
1386 2479 1478 2523 ΜΡ
1564 2485 1615 2523 11
1651 2478 1822 2540 βυβλίῳ

144 2538 225 2581 FB
285 2556 346 2598 τῳ
394 2538 552 2599 βιβλίῳ
606 2540 716 2583 libri
766 2539 958 2595 quidam
1002 2539 1281 2583 recentiores
1330 2541 1378 2583 et
1422 2539 1696 2595 interpolati
1761 2543 1823 2598 τῷ

144 2596 302 2658 βιβλίῳ
319 2586 359 2642 ‘G
429 2604 483 2643 12
504 2587 619 2655 πρὸς
634 2599 807 2670 ταύτην
825 2598 955 2642 libri.
973 2612 1075 2642 corr
1090 2598 1307 2642 Reiskius
1379 2603 1432 2642 13
1449 2586 1823 2671 κεκο[μισ]με’νον

145 2670 250 2699 cum
279 2671 354 2701 ras
380 2658 438 2700 ΡΞ
469 2656 830 2715 (κεκοσμημένον
862 2658 937 2713 F1)
965 2659 970 2713 Ι
999 2655 1157 2731 ἐγγείῳ
1188 2658 1371 2702 Naber:
1406 2656 1610 2714 ἐγγείους
1640 2657 1823 2700 FMPB

146 2714 336 2771 ἐγγύους
368 2716 445 2760 Gv
481 2721 486 2773 Ι
524 2717 605 2762 τόκ
629 2718 683 2777 ῳ]
717 2732 822 2760 cum
855 2731 930 2760 ras
962 2716 1022 2759 F²
1073 2716 1218 2761 τόκασ
1256 2717 1343 2760 F1?
1382 2716 1476 2760 fort
1517 2714 1710 2773 ἐγγείοις
1750 2716 1825 2760 ἐπὶ

144 2773 297 2825 τόκοις
389 2781 443 2819 15
476 2776 567 2849 ἐ[κ]
652 2791 758 2820 cum
781 2790 855 2819 ras
901 2775 922 2819 ἐ
953 2775 1048 2819 add
1073 2775 1132 2818 F²
1158 2777 1163 2835 Ι
1190 2775 1513 2834 χερ[σο]νήσου
1539 2790 1642 2818 cum
1666 2789 1742 2818 ras
1768 2775 1802 2817 F
1811 2775 1827 2799 ⁸

265 2837 319 2876 18
351 2833 381 2877 ἃ
413 2833 528 2891 παρ’
560 2835 600 2879 G
693 2840 746 2878 19
780 2833 1057 2908 ἐκβά[λλ]ειν
1089 2849 1193 2878 cum
1223 2849 1299 2878 ras
1331 2834 1380 2877 M
1470 2839 1525 2878 20
1559 2834 1663 2878 οἰκ.
1680 2832 1753 2883 ίας
1778 2834 1825 2876 Μ

263 2896 317 2935 21
352 2894 504 2938 αυτῶν
535 2894 629 2937 FM
663 2897 670 2951 Ι
704 2893 1029 2950 ἀνηποδήτους
1059 2894 1094 2937 Ρ
1130 2898 1136 2950 Ι
1169 2894 1315 2937 uerba
1347 2894 1400 2937 οὐ
1434 2892 1616 2949 μετὰ-
1631 2891 1824 2949 ἱματίων

149 2946 197 2990 in
227 2949 275 2992 M
306 2965 351 2993 m
382 2955 515 2996 uetus
542 2955 595 3009 (‘?)
629 2952 678 2995 in
709 2968 788 3010 mg
821 2951 1056 3009 suppleuit

1843 1103 1885 1135 10

1845 1544 1888 1577 15
