2004 3202
747 127 1169 172 ΔΗΜΟΣΘΕΝΗΣ
1681 125 1787 180 237

29 279 143 319 1107
167 274 384 334 γνῶσις,
424 264 565 326 ἴδιος
599 262 604 334 Ι
641 262 807 331 αὐτῆς
837 265 1044 331 γίνεται
1075 263 1363 332 χαρακτήρ.
1425 262 1691 331 χρήσομαι
1731 260 1782 314 δ’

117 356 289 408 εἰκόνι
335 358 549 423 φανερᾷ
592 359 687 420 τῆς
727 354 1024 421 σαφηνείας
1067 348 1225 404 ἕνεκα
1270 357 1385 412 τοῖς
1433 350 1642 418 σώμασι
1680 358 1791 402 τῶν

116 442 442 511 ἀνθρώπων.
505 441 672 493 ἅπασι
720 442 788 509 δή
825 458 934 494 που
974 438 1277 509 συμβέβηκε
1324 436 1559 507 μέγεθός
1603 457 1660 490 τε
1699 436 1789 489 καὶ

115 540 303 600 χρῶμα
366 527 457 582 καὶ
523 535 699 598 σχῆμα
759 527 849 582 καὶ
910 527 1043 598 με’λη
1103 525 1195 581 καὶ
1256 526 1471 597 ῥυθμός
1539 546 1621 588 τις
1681 535 1792 578 τῶν

115 623 296 687 μελῶν
333 616 423 670 καὶ
462 619 528 671 τὰ
566 619 918 687 παραπλήσια
954 617 1182 680 τούτοις.
1238 617 1286 669 εἰ
1325 617 1395 684 δή
1425 634 1508 678 τις
1539 613 1636 683 ἀφ’
1669 612 1791 676 ἑνὸς

114 707 326 760 τούτων
365 706 583 771 ἀξιώσει
615 708 714 760 τὸν
743 714 1054 777 χαρακτῆρα
1093 713 1334 773 σκοπεῖν,
1373 701 1541 757 οὐδὲν
1572 699 1792 773 ἀκριβὲς

116 800 331 848 εἴσεται.
395 794 455 848 ἐν
492 799 720 857 πολλαῖς
758 797 861 864 γὰρ
901 794 971 847 ἂν
1002 793 1154 864 εὕροι
1186 801 1423 863 μορφαῖς
1454 794 1710 846 τοιοῦτόν
1738 811 1791 844 τι

115 882 321 953 ἕτερον,
362 877 483 937 οἷον
521 886 682 937 ἔθετο
719 890 814 951 τῆς
845 891 971 952 μιᾶς
1002 889 1216 952 μορφῆς
1248 882 1541 954 σύμβολον.
1603 881 1699 935 ἐὰν
1731 878 1792 934 δὲ

115 972 293 1024 πάντα
333 978 515 1042 συνθῇ
555 974 621 1025 τὰ
661 974 1039 1041 συμβεβηκότα
1077 979 1141 1041 τῇ
1181 978 1365 1041 μορφῇ
1405 970 1438 1038 ἢ
1470 972 1536 1023 τὰ
1566 975 1793 1023 πλεῖστα

116 1059 149 1128 ἢ
183 1062 249 1113 τὰ
287 1061 612 1131 κυριώτατα,
651 1061 871 1129 ταχεῖάν
907 1079 965 1112 τε
1002 1061 1150 1112 πάνυ
1180 1060 1281 1128 τὴν
1318 1068 1528 1127 γνῶσιν
1565 1060 1792 1127 λήψεται

116 1146 207 1200 καὶ
246 1148 347 1201 οὐκ
388 1148 562 1201 ε’πι...
588 1163 737 1202 σεται
783 1157 900 1211 ταῖς
946 1148 1242 1217 ὁμοιότησι.
1304 1155 1466 1201 τοῦτο
1506 1148 1573 1216 δὴ
1611 1157 1794 1201 ποιεῖν

118 1234 402 1305 ἀξιώσαιμ’
434 1235 504 1289 ἂν
534 1235 625 1290 καὶ
655 1238 785 1299 τοὺς
808 1235 1180 1305 βουλομένους
1211 1236 1312 1304 τὴν
1344 1237 1613 1289 σύνθεσιν
1643 1235 1796 1305 ἀκρι-

118 1326 228 1391 βῶς
266 1324 471 1378 εἰδέναι
509 1326 610 1394 τὴν
647 1324 1066 1395 Δημοσθένους,
1105 1324 1163 1378 ἐκ
1193 1329 1413 1378 πολλῶν
1445 1324 1618 1392 αὐτὴν
1648 1325 1796 1377 δοκι-

118 1412 306 1480 μάζειν
361 1415 695 1483 ἰδιωμάτων,
732 1402 887 1482 λέγω
945 1414 1011 1482 δὴ
1065 1423 1176 1466 τῶν
1229 1416 1534 1484 κρατίστων
1586 1432 1643 1465 τε
1703 1411 1794 1465 καὶ

33 1513 145 1553 1108
170 1503 544 1571 κυριωτάτων·
575 1513 796 1573 πρῶτον
828 1502 886 1555 ἐκ
921 1502 926 1572 Ι
961 1510 1056 1571 τῆς
1088 1501 1385 1572 ἐμμελείας,
1415 1498 1481 1570 ἧς
1510 1503 1795 1570 κριτήριον

118 1591 345 1659 ἄριστον
381 1590 414 1659 ἡ
456 1592 656 1658 ἄλογος
696 1596 968 1659 αἴσθησις.
1030 1592 1115 1644 δεῖ
1153 1587 1214 1643 δὲ
1260 1589 1395 1660 αὐτῇ
1435 1592 1625 1659 τριβῆς
1662 1593 1795 1642 πολ-

119 1683 217 1746 λῆς
254 1677 344 1732 καὶ
382 1681 724 1749 κατηχήσεως
761 1682 1014 1750 χρονίου·
1064 1679 1130 1732 οὐ
1169 1681 1273 1749 γὰρ
1315 1679 1383 1747 δὴ
1421 1679 1655 1731 πλάσται
1695 1675 1796 1747 μὲν

119 1765 210 1819 καὶ
264 1769 567 1838 ζωγράφων
617 1769 832 1836 παῖδες,
887 1769 936 1821 εἰ
974 1769 1046 1837 μὴ
1099 1769 1311 1836 πολλὴν
1364 1767 1650 1837 ἐμπειρίαν
1703 1767 1795 1820 λά-

121 1858 298 1924 βοιεν,
348 1858 528 1927 χρόνῳ
573 1859 864 1926 τρίψαντες
908 1858 1004 1919 τὰς
1050 1857 1267 1926 ὁράσεις
1312 1862 1501 1927 μακρῷ
1537 1853 1662 1925 περὶ
1700 1857 1796 1918 τὰς

121 1953 232 1996 τῶν
292 1943 534 2013 ἀρχαίων
594 1945 946 2014 δημιουργῶν
1005 1944 1220 2014 τέχνας,
1283 1945 1383 1998 οὐκ
1437 1943 1506 1996 ἂν
1560 1943 1796 2006 εὐπετῶς

123 2030 290 2093 αὐτὰς
330 2032 612 2099 διαγνοῖεν
649 2030 740 2084 καὶ
780 2031 880 2085 οὐκ
912 2031 981 2085 ἂν
1012 2035 1190 2102 ἔχοιεν
1220 2034 1395 2086 εἰπεῖν
1426 2035 1673 2101 βεβαίως,
1714 2033 1797 2086 ὅτι

123 2118 210 2189 [τῇ
251 2121 401 2189 φήμῃ
447 2121 876 2190 παραλαβόντες]
922 2120 1075 2174 τουτὶ
1120 2119 1221 2190 μέν
1268 2120 1380 2173 ἐστι
1419 2123 1797 2174 Πολυκλείτου

122 2208 183 2260 τὸ
223 2209 404 2277 ἔργον,
443 2206 596 2260 τουτὶ
636 2205 696 2261 δὲ
732 2210 978 2277 Φειδίου,
1017 2208 1169 2262 τουτὶ
1203 2206 1262 2261 δὲ
1293 2207 1674 2277 Ἀλκαμένους,
1705 2208 1795 2262 καὶ

123 2305 233 2349 τῶν
278 2306 510 2365 γραφῶν
572 2298 949 2365 Πολυγνώτου
996 2295 1097 2367 μὲν
1150 2297 1311 2366 αὕτη,
1366 2298 1681 2366 Τιμάνθους
1736 2295 1796 2351 δὲ

242 2460 267 2498 2
302 2453 546 2512 σαφεινίας
567 2456 603 2499 P
636 2454 890 2512 σαφικίας
878 2472 927 2500 ln
951 2472 1029 2514 mg
1060 2455 1316 2532 σαφηνείας
1339 2459 1376 2500 Β
1412 2460 1418 2512 1
1454 2456 1590 2503 ἕνεκα
1628 2465 1724 2509 τοῖς
1748 2458 1796 2501 Μ

125 2514 168 2558 oi
198 2514 528 2559 Β8181ἰίυεεέν
562 2513 769 2565 εκάστοις
791 2515 874 2558 ΒΡ
902 2518 907 2573 Ι
944 2514 1190 2572 σημείωσαι
1220 2516 1270 2560 111
1301 2532 1380 2574 mg
1403 2517 1440 2559 B
1563 2523 1589 2561 5
1622 2532 1683 2561 an
1715 2515 1792 2573 ἐφ’

126 2572 256 2625 ἑνὸςῗ
379 2579 402 2617 7
435 2590 478 2617 τι
501 2574 569 2618 M:
602 2574 659 2630 δὴ
686 2574 805 2617 BPv
925 2579 950 2617 9
983 2579 1135 2634 συνθῇ
1166 2574 1223 2619 τὰ
1254 2575 1491 2635 Reiskius]
1522 2575 1580 2620 τὰ
1613 2576 1794 2679 συνήθη

244 2637 298 2676 10
329 2634 582 2688 κυριωτερα
615 2633 652 2676 Β
747 2639 796 2677 11
826 2635 909 2678 οὐκ
942 2633 1044 2679 ἐπϊ.
1091 2650 1245 2679 ,σεται
1268 2635 1348 2691 (ΙΠ
1380 2635 1413 2690 l)
1445 2635 1493 2678 Μ
1526 2637 1609 2680 οὐκ
1643 2635 1734 2680 ἐτι.

126 2705 251 2735 σεται
273 2692 354 2748 (ΠΙ
378 2691 411 2748 l)
451 2695 498 2736 et
536 2692 586 2735 111
616 2707 695 2749 mg
726 2694 810 2737 οὐκ
843 2700 921 2736 επὶ·
942 2693 979 2735 Β
1033 2695 1117 2738 οὐκ
1150 2694 1355 2738 ἐπισεται
1377 2695 1413 2737 Ρ
1453 2694 1546 2738 f01b
1582 2696 1666 2739 οὐκ
1699 2695 1795 2738 ἐπι-

127 2749 346 2794 σπάσεται
370 2750 501 2795 uelut
524 2752 895 2806 παρακρούσεται
921 2752 976 2796 de
1000 2753 1131 2797 Isaeo
1155 2768 1185 2810 p
1211 2759 1295 2797 559
1382 2759 1436 2797 13
1462 2751 1797 2810 Δημοσθένους

126 2811 288 2864 postea
320 2809 413 2853 add
437 2810 485 2853 M
590 2815 645 2854 14
668 2809 718 2854 δὲ
751 2811 931 2868 Kniger
1036 2817 1090 2855 15
1121 2820 1303 2868 πρῶτον
1335 2810 1449 2869 ww?
1543 2818 1596 2856 16
1628 2812 1795 2867 αἰσθή-

127 2880 252 2923 σησις
275 2869 311 2911 Β
390 2873 442 2912 17
470 2867 577 2914 οὐδὲ
603 2869 690 2926 γὰρ
716 2869 758 2912 ci
782 2870 957 2914 Usener
1032 2876 1084 2914 21
1112 2873 1322 2916 διανοῖεν
1347 2872 1428 2915 ΒΡ
1506 2877 1559 2914 22
1586 2879 1638 2930 τῇ
1666 2871 1793 2928 φήμη

128 2926 473 2985 παραλαβόντες
505 2929 671 2973 seclusi
734 2928 851 2985 φήμι
882 2929 917 2972 Ρ

1819 1078 1859 1110 10

1819 1519 1861 1552 15

1820 1963 1862 1994 20
