1958 3192
707 172 1131 216 -ΧΧΧΠῙ-

81 309 201 362 01110
254 307 366 361 Ιο11.
418 307 732 361 Vincentius
797 306 1034 360 Pinellus
1101 304 1282 378 (natus
1332 324 1374 358 a.
1420 304 1759 378 MDXXXV)

83 396 376 450 Patauinus
429 395 486 448 in
540 395 708 448 altero
764 395 943 448 codice
995 392 1350 447 Ambrosiano
1401 392 1460 446 ‘C
1494 393 1599 446 257
1648 395 1762 446 inf.⁹

79 485 116 537 f.
159 483 505 537 1902—206v
550 484 679 536 haec
718 484 835 553 ipsa
874 501 1007 552 (11130
1046 483 1112 535 ab
1150 480 1290 534 Aldo
1330 482 1474 554 typis
1515 500 1763 551 expressa

80 590 188 625 non
237 575 407 642 erant,
462 591 492 624 a
538 572 756 625 librario
812 569 990 624 nescio
1046 589 1151 640 quo
1207 571 1311 623 sibi
1358 567 1520 623 scribi
1559 570 1762 623 iussit.l

82 660 253 713 editor
306 664 483 713 autem
539 679 632 713 cur
679 661 954 714 absoluere
1000 662 1248 729 coeptum
1294 659 1550 729 noluerit,
1604 677 1762 712 causa

80 766 187 801 non
241 752 322 802 est
373 750 610 802 obscura.
687 750 928 818 proxime
973 767 1023 818 p.
1064 747 1187 816 365,
1212 748 1244 800 6
1293 748 1535 817 sequitur
1572 748 1762 800 lacuna

81 837 137 889 in
174 836 232 888 M
270 855 436 905 paene
474 856 668 891 nouem
707 837 854 890 foliis
893 837 1077 890 uacuis
1117 836 1435 907 significata:
1485 837 1615 889 haec
1654 854 1759 905 quo

14 939 21 945 ’
82 925 419 994 suppleretur
458 927 705 995 sperabat
742 926 940 979 librum
978 925 1255 978 inuentum
1288 925 1369 977 iri.

187 1189 418 1242 Etiamsi
451 1194 558 1243 tres
591 1191 968 1260 opusculorum
1000 1190 1455 1260 Dionysianorum
1495 1190 1760 1244 collectio-

80 1295 173 1329 nes
213 1278 278 1329 ad
315 1296 414 1330 nos
452 1279 686 1347 perlatae
726 1279 873 1348 sunt',
922 1279 1141 1331 minime
1180 1282 1358 1331 tamen
1397 1296 1760 1347 quaecumque

23 1436 26 1438 .
78 1365 167 1418 ille
192 1365 255 1418 de
280 1369 391 1418 arte
410 1385 568 1436 quam
584 1368 938 1436 profitebatur
955 1367 1168 1436 scripsit
1186 1367 1364 1420 omnia
1388 1370 1597 1419 seruata
1621 1370 1759 1419 sunt.

75 1454 178 1507 tria
226 1454 446 1508 alterius
497 1456 560 1508 de
609 1456 847 1525 antiquis
900 1456 1202 1508 oratoribus
1242 1456 1376 1508 tomi
1424 1455 1598 1523 capita
1635 1458 1760 1523 post

78 1541 287 1612 Syriani
338 1547 566 1596 aetatem
611 1544 846 1597 uidimus
892 1544 1175 1598 interiisse.
1263 1562 1444 1596 earum
1497 1561 1759 1596 commen-

76 1631 354 1702 tationum,
395 1632 589 1701 quibus
629 1633 898 1686 orationes
935 1631 1229 1686 Andocidis
1273 1633 1466 1701 Lysiae
1505 1630 1758 1684 Isocratis

16 1782 22 1798 Σ
75 1718 211 1772 10301
247 1719 626 1774 Demosthenis
664 1725 1000 1774 recensuerat
1050 1725 1103 1774 et
1152 1739 1286 1790 quae
1325 1721 1585 1792 genuinae
1625 1738 1757 1789 quae

16 1820 38 1998 ἰ

16 1811 21 1818 ’
76 1808 284 1877 spuriae
334 1813 510 1862 essent
556 1810 905 1880 (1113001110131,
957 1810 1106 1862 nulla
1151 1810 1290 1863 diem
1337 1809 1487 1862 tulit:
1541 1809 1757 1862 unicum

76 1897 188 1949 eius
221 1898 428 1967 generis
467 1899 733 1967 specimen
765 1898 980 1951 libellus
1013 1899 1076 1951 de
1107 1898 1378 1950 Dinarcho
1411 1898 1628 1951 relictus
1661 1901 1758 1968 est,

77 2003 138 2038 eo
192 1986 420 2038 maxime
467 1987 680 2040 nomine
733 1987 889 2040 nobis
943 1987 1210 2056 pretiosus
1259 1987 1400 2056 quod
1461 1987 1582 2039 inde
1637 2005 1757 2039 cum

15 2071 38 2151 J
75 2091 256 2126 eorum
310 2074 543 2128 rationes
598 2076 689 2145 qui
738 2075 1198 2144 bybliothecarum
1251 2078 1492 2128 ueterum
1546 2075 1757 2128 tabulas

20 2325 37 2348 ’θ

23 2355 38 2423 1

77 2163 414 2215 confecerunt
460 2166 575 2215 tum
614 2164 783 2232 ipsius
815 2164 1063 2233 Dionysii
1113 2181 1430 2233 cognoscere
1468 2164 1619 2234 licet3
1670 2164 1756 2216 cui

75 2250 151 2303 rei
190 2252 349 2304 etiam
389 2251 617 2320 epistula
656 2253 720 2305 ad
752 2251 1069 2306 Ammaeum
1108 2252 1395 2304 utilissima
1434 2255 1527 2304 est.
1582 2253 1754 2321 ipsius

75 2339 203 2392 artis
243 2342 400 2408 caput
446 2358 610 2392 unum
657 2359 797 2394 nunc
843 2344 1038 2393 tractat
1084 2340 1220 2393 liber
1267 2341 1329 2393 de
1369 2341 1755 2410 compositione

75 2427 379 2480 uerborum:
419 2429 547 2481 olim
579 2430 758 2499 plures
789 2430 1104 2499 legebantur
1134 2429 1190 2481 id
1221 2447 1387 2499 genus
1427 2430 1566 2502 libri,
1605 2429 1755 2482 uelut

22 2519 34 2563 ’ἶ
76 2533 159 2568 ars
197 2516 487 2585 figurarum
528 2515 676 2589 (περὶ
717 2515 1028 2588 σχημάτων)
1077 2521 1130 2570 01
1176 2518 1238 2570 de
1290 2518 1588 2570 imitatione
1628 2518 1753 2570 libri

28 3141 42 3174 θ.

30 2606 374 2683 ,1100,1111(10
413 2606 628 2658 secundi
667 2609 872 2674 partem
912 2606 1205 2674 Dionysius
1246 2607 1358 2675 ipse
1391 2607 1648 2675 epistulae
1688 2607 1753 2658 ad

29 2646 386 2770 {Pompeium
441 2694 593 2746 datae
647 2695 1243 2764 1110011111,οΡ1101113111
1295 2695 1531 2748 seruauit
1587 2695 1750 2747 codex

197 2828 218 2866 1
251 2823 456 2867 Pinellus
488 2824 590 2880 ipse
620 2824 669 2868 in
700 2825 885 2879 tabula,
930 2838 1049 2880 quae
1080 2825 1129 2868 in
1160 2825 1312 2869 fronte
1353 2825 1524 2868 codicis
1556 2825 1744 2881 legitur

33 2894 192 2940 haee
231 2898 437 2954 scripsit.
485 2898 724 2942 ‘Eiusdem
764 2899 821 2942 de
861 2898 1147 2955 Thucydidis
1187 2899 1385 2942 historia
1423 2898 1586 2942 iudicii
1625 2899 1748 2953 frag—

76 2971 294 3025 mentum,
320 2985 410 3026 quo
439 2973 444 3029 Ι
474 2971 715 3028 suppletur
738 2985 847 3028 pars
872 2973 1001 3016 edita
1027 2986 1053 3015 a
1078 2972 1290 3016 Manutio
1315 2999 1370 3005 —
1399 2972 1600 3029 ch[arta]
1630 2971 1745 3014 190.

168 3051 276 3084 Dion.
301 3053 495 3085 Halicarn.
527 3054 571 3085 V.
1460 3060 1480 3088 C
