2004 3202
661 117 806 159 ΠΕΡΙ
837 115 1238 159 ΘΟΤΚΤΔΙΔΟΤ
1690 113 1797 166 345

235 253 343 319 Τῆς
380 248 442 304 δὲ
472 254 678 305 Νικίου
710 254 1036 322 στρατηγίας
1074 253 1358 320 μνησθείς,
1399 250 1486 303 ὅτε
1518 258 1655 312 ναῦς
1687 247 1800 317 ἑξή-
1821 251 1891 303 14

117 359 286 394 κοντα
323 338 415 392 καὶ
455 340 761 409 δισχιλίους
792 339 1088 408 <ὁπλίτας>
1122 336 1435 407 Ἀθηναίων
1466 338 1800 407 ἐπαγόμενος

30 447 35 461 -’
119 427 207 482 ἐπὶ
233 430 667 496 Πελοπόννησον
705 431 951 497 ἔπλευσε,
989 430 1344 490 κατακλείσας
1375 424 1436 480 δὲ
1461 427 1801 495 Λακεδαιμο-

117 521 273 581 νίους
312 518 390 580 εἰς
427 518 494 570 τὰ
533 518 792 587 φρούρια,
830 520 959 580 τοὺς
997 516 1059 570 ἐν
1088 517 1380 587 Κυθήροις
1410 514 1536 584 (καὶ
1574 517 1705 578 τοὺς
1741 514 1802 567 ἐν

27 598 33 613 ²
123 604 343 677 Θυρέᾳ>
373 614 765 669 κατοικοῦντας
795 607 1096 674 Αἰγινήτας
1135 604 1548 675 ἐξεπολιόρκησε
1578 603 1669 657 καὶ
1708 610 1802 671 τῆς
1848 630 1868 664 5

120 696 287 763 ἄλλης
328 697 764 764 Πελοποννήσου
801 696 1014 763 πολλὴν
1052 693 1308 766 ἐδῄωσεν,
1348 692 1401 758 ἐξ
1435 690 1501 762 ἧς
1533 693 1803 762 αἰχμαλώ-

121 803 232 836 των
269 787 486 851 πλῆθος
526 783 863 853 ἐπαγόμενος
909 782 1248 836 ἀπέπλευσεν
1293 784 1371 846 εἰς
1414 784 1511 845 τὰς
1544 781 1802 850 Ἀθήνας,

13 909 30 941 3
121 871 296 934 οὕτως
328 876 546 941 εἴρηκεν
577 872 960 942 ἐπιτροχάδην,
990 871 1116 942 περὶ
1147 869 1249 942 μὲν
1279 881 1391 924 τῶν
1422 871 1483 924 ἐν
1512 873 1803 941 Κυθήροις

12 942 29 986 ⁶*
61 985 117 1026 42
134 961 490 1030 πραγμάτων·
538 959 647 1013 εκαὶ
682 961 689 1029 Ι
723 961 897 1030 μάχης
940 959 1238 1030 γενομένης
1285 961 1477 1028 ὀλίγον
1522 959 1623 1029 μέν
1678 979 1803 1012 τινα

12 1046 34 1087 ⁵·
120 1050 326 1119 χρόνον
384 1048 697 1118 ὑπέστησαν
758 1051 811 1102 οἱ
871 1052 1177 1120 Κυθήριοι·
1233 1051 1418 1102 ἔπειτα
1470 1050 1803 1118 τραπόμενοι
1829 1076 1874 1108 10

12 1135 34 1189 ἱ
119 1136 434 1206 κατέφυγον
473 1140 550 1200 εἰς
588 1139 690 1206 τὴν
728 1139 841 1190 ἄνω
880 1140 1047 1191 πόλιν
1090 1137 1182 1191 καὶ
1220 1138 1455 1208 ὕστερον
1494 1119 1805 1206 συνέβησαν

33 1276 38 1282 .
119 1227 258 1297 πρὸς
303 1229 511 1279 Νικίαν
556 1225 647 1278 καὶ
701 1228 831 1289 τοὺς
886 1225 1283 1297 ξυνάρχοντας,
1324 1225 1646 1294 Ἀθηναίοις
1693 1221 1806 1278 ἐπἰ-

120 1314 317 1385 τρέψαι
355 1313 481 1385 περὶ
523 1324 681 1384 σφῶν
720 1314 904 1368 αὐτῶν
940 1317 1086 1384 πλὴν
1116 1316 1401 1369 θανάτου.’
1461 1314 1587 1385 περὶ
1620 1311 1680 1367 δὲ
1710 1321 1806 1382 τῆς

122 1405 440 1471 Λίγινητῶν
486 1402 740 1465 ἁλώσεως
785 1412 896 1456 τῶν
947 1402 1007 1456 ἐν
1057 1403 1260 1475 Θυρέᾳ·
1316 1403 1404 1456 (ἐν
1449 1404 1624 1475 τούτῳ
1664 1402 1715 1456 δ’
1753 1403 1806 1455 οἱ

16 1548 32 1573 ·,
112 1491 404 1560 Ἀθηναῖοι
442 1493 803 1560 κατασχόντες
840 1490 932 1544 καὶ
963 1494 1308 1562 χωρήσαντες
1346 1492 1519 1555 εὐθὺς
1556 1493 1701 1562 πάσῃ
1741 1499 1804 1562 τῇ
1830 1517 1873 1550 15

19 1645 23 1652 ι
123 1586 351 1651 στρατιᾷ
390 1580 611 1650 αἱροῦσι
650 1580 752 1648 τὴν
795 1579 1036 1650 Θυρέαν,
1083 1579 1174 1633 καὶ
1219 1582 1320 1649 τήν
1358 1601 1415 1634 τε
1453 1583 1618 1634 πόλιν
1655 1580 1807 1633 κατέ-

21 1695 29 1715 ι
120 1683 334 1722 καυσαν
364 1667 455 1721 καὶ
486 1669 553 1721 τὰ
585 1667 782 1721 ἐνόντα
813 1667 1208 1739 ἐξεπόρθησαν,
1239 1670 1369 1732 τούς
1400 1689 1458 1722 τε
1487 1671 1807 1738 Αἰγινήτας,

27 1801 37 1808 .
122 1758 242 1812 ὅσοι
282 1758 354 1827 μὴ
395 1756 456 1809 ἐν
493 1755 648 1827 χερσὶ
688 1758 1099 1828 διεφθάρησαν,
1150 1760 1377 1826 ἄγοντες
1423 1758 1690 1827 ἀφίκοντο
1730 1759 1807 1820 εἰς

35 1899 37 1901 ,
121 1849 217 1909 τὰς
232 1844 504 1913 Ἀθήναςῖ
557 1844 874 1914 γενομένων
905 1843 966 1898 δὲ
995 1845 1122 1917 περὶ
1152 1849 1248 1910 τὰς
1277 1849 1466 1909 πόλεις
1496 1846 1807 1917 ἀμφοτέρας

122 1934 297 1996 εὐθὺς
338 1933 397 1986 ἐν
436 1932 573 2003 ἀρχῇ
620 1941 720 1986 τοῦ
758 1933 1003 2003 πολέμου
1049 1935 1302 2003 μεγάλων
1349 1944 1676 2005 συμφορῶν,
1727 1932 1802 1986 δι’
1830 1967 1873 1998 20

18 2038 34 2093 Γ
123 2023 186 2086 ἃς
227 2022 582 2090 ἐπεθύμησαν
628 2021 932 2091 ἀμφότεραι
970 2030 1066 2090 τῆς
1111 2024 1354 2092 εἰρήνης,
1400 2022 1527 2094 περὶ
1573 2020 1675 2092 μὲν
1713 2030 1807 2090 τῆς

16 2124 37 2148 ¹⁹
123 2110 410 2182 προτέρας,
466 2110 554 2163 ὅτε
596 2108 887 2179 Ἀθηναῖοι
940 2110 1271 2180 τετμημένης
1324 2108 1426 2180 μὲν
1474 2111 1662 2173 αὐτοῖς
1714 2118 1808 2178 τῆς

123 2202 326 2271 χώρας,
377 2198 857 2268 οἰκοφθορημένης
912 2196 972 2251 δὲ
1026 2206 1122 2267 τῆς
1169 2201 1379 2262 πόλεως
1429 2200 1538 2252 ὑπὸ
1593 2204 1807 2268 λοιμοῦ,

245 2366 268 2403 1
302 2358 351 2402 cf
371 2357 501 2402 Thuc
531 2357 595 2401 IV
619 2362 674 2401 53
796 2362 821 2400 9
854 2357 918 2400 IV
943 2362 999 2402 54
1122 2364 1175 2402 14
1199 2358 1262 2401 IV
1287 2363 1341 2402 57

246 2512 268 2550 1
296 2503 442 2564 οτε]’“’
418 2522 486 2549 οτι
509 2506 533 2548 f
619 2511 644 2549 2
670 2503 919 2578 δισχιλίους
943 2502 1131 2556 ὁπλίτας
1155 2506 1178 2547 f
1204 2505 1253 2549 cf
1275 2508 1315 2550 Θ
1339 2510 1416 2551 53:
1450 2505 1692 2558 διακοσίας
1715 2507 1808 2551 ΜΡ

242 2572 271 2610 4
296 2564 542 2621 Κυθάροις
565 2564 588 2607 f
614 2563 848 2619 κυθήραις
869 2564 963 2607 ΜΡ
991 2566 996 2622 Ι
1024 2564 1103 2608 καὶ
1126 2581 1234 2615 τους
1257 2564 1307 2610 ἐν
1335 2563 1491 2626 Θυρέα
1514 2566 1808 2611 intercidisse

127 2625 254 2682 quod
286 2623 496 2679 sequitur
527 2639 569 2667 u.
603 2622 851 2679 Αἰγινήτας
882 2623 1087 2667 ostendit
1118 2623 1167 2667 cf
1189 2626 1228 2669 Θ
1253 2629 1309 2668 56
1327 2639 1381 2680 sq
1509 2630 1534 2669 5
1568 2626 1645 2683 αἰγ
1648 2626 1809 2681 ινήτας

127 2685 197 2741 Μ,
214 2685 268 2728 Ρ·
302 2698 377 2728 0111
400 2683 423 2725 f
511 2688 536 2727 6
568 2681 976 2737 πελοποννήσου..
1140 2683 1326 2727 αλώτων
1358 2699 1433 2728 om
1463 2684 1522 2727 Ρ1
1598 2690 1623 2729 8
1657 2685 1806 2739 κυθή-

129 2761 232 2799 ραις
261 2742 355 2786 ΜΡ
482 2750 530 2786 11
566 2738 824 2800 συνέβησαν
855 2741 972 2786 MP:
969 2683 1260 2801 ξυνέέησαν
1283 2743 1354 2787 f&
1484 2749 1537 2787 12
1570 2744 1685 2798 πρὸς
1716 2744 1805 2788 ῈΘε

130 2802 194 2854 εἰς
210 2802 303 2846 ΜΡ
331 2802 337 2859 Ι
366 2799 745 2874 συνάρχονταςΜ
830 2805 885 2844 13
910 2801 1063 2846 αὐτῶν
1087 2815 1162 2845 om
1178 2801 1213 2844 Ρ
1223 2802 1237 2826 ¹
1329 2807 1382 2845 16
1408 2800 1733 2847 κατέκαυασαν
1750 2803 1808 2845 Ρι

249 2866 302 2906 17
335 2859 394 2903 τὰ
426 2875 501 2904 om
524 2860 583 2903 Ρ1
610 2861 615 2915 Ι
645 2857 874 2916 αἰγινίτας
904 2859 996 2903 ΜΡ
1153 2865 1206 2904 18
1240 2860 1558 2917 διεφθάρισαν
1590 2862 1626 2904 Ρ
1653 2865 1658 2918 1
1688 2861 1733 2911 ἐς
1768 2863 1807 2905 Θ

247 2926 302 2964 22
337 2918 429 2978 οτε]
463 2936 507 2964 οι
539 2934 585 2962 τε
611 2918 645 2960 Ρ
767 2923 821 2961 23
854 2917 1322 2977 ᾠκοφθορημένηςΚ
1324 2934 1545 2976 ruegerus
