2004 3202
218 140 329 194 376
635 141 976 185 ΔΙΟΝΤΣῙΟΤ
1007 139 1477 183 ΑΛΙΚΑΡΝΑΣΕῼΣ

218 281 371 330 λεται
410 277 619 344 δηλοῦν
657 277 755 328 τὸν
800 278 1200 344 χαλεπαίνοντα
1245 272 1336 326 καὶ
1381 272 1506 345 περὶ
1552 277 1727 344 τίνος,
1777 277 1904 329 τίνα
1963 192 1985 339 s

219 363 282 419 δὲ
306 365 407 418 τὸν
431 363 788 432 ἀντιλέγοντα
818 362 908 416 καὶ
942 362 1024 432 ἐφ’
1058 363 1176 434 ὅτῳ.
1213 362 1219 431 l
1255 361 1670 451 εεἰττςρουλεύσας
1703 361 1769 416 δέ
1787 363 1888 427 τις’
1907 341 1964 420 8Ᾰ

221 457 364 524 φησί
399 454 600 523 (τυχών
631 473 688 506 τε
721 451 957 520 ξυνετός,
996 449 1087 503 καὶ
1117 451 1431 519 ὑπονοήσας
1463 454 1540 504 ἔτι
1574 453 1904 523 δεινότερος·

220 542 636 612 προβουλεύσας
677 538 736 593 δὲ
777 541 922 601 ὅπως
969 536 1142 608 μηδὲν
1180 539 1327 611 αὑτῷ
1375 541 1581 609 δεήσει,
1629 547 1725 608 τῆς
1765 539 1902 594 ἑται-

176 649 197 681 5
222 634 343 702 ρίας
376 631 636 697 διαλυτὴς
667 627 757 681 καὶ
781 630 909 689 τοὺς
943 627 1227 690 ἐναντίους
1259 627 1730 698 ἐκπεπληγμένοςῖ
1779 630 1903 683 οὔτε

219 722 324 790 γὰρ
366 719 394 773 6
438 717 657 787 ‘vvxcbv'
710 716 963 789 ἐμφαίνει
1009 721 1242 785 μᾶλλον,
1294 716 1323 769 ὃ
1371 718 1628 786 βούλεται
1678 719 1902 787 δηλοῦν,

221 809 347 862 οὔτε
387 808 415 861 6
457 807 619 867 αὐτὸς
665 805 847 873 τυχών
887 824 950 874 ,τε
988 802 1087 875 Ῐκαὶ
1132 805 1447 872 ὑπονοήσας
1494 805 1603 874 ἅμα
1649 812 1903 860 νοεῖσθαι

222 897 478 964 δύναται,
527 900 581 947 εἴ
613 914 674 962 γε
714 893 742 947 6
791 890 893 962 μὲν
938 894 1120 962 τυχὼν
1167 892 1255 946 ἐπὶ
1301 901 1400 947 τοῦ
1446 894 1903 964 κατορθώσαντος

219 983 311 1038 καὶ
352 983 703 1052 ἐπιτυχόντος
735 981 763 1035 ὃ
796 983 991 1051 ἤλπισε
1030 981 1262 1051 λέγεται,
1302 982 1331 1036 6
1372 979 1433 1034 δὲ
1470 982 1783 1051 ὑπονοήσας
1815 980 1903 1035 ἐπὶ

155 1091 198 1122 10
221 1081 321 1125 τοῦ
359 1069 810 1142 προαισθομένου
850 1071 910 1123 τὸ
951 1073 1109 1140 μήπω
1142 1067 1394 1141 πραχθὲν
1433 1069 1550 1124 ἀλλ’
1583 1073 1663 1124 ἔτι
1702 1069 1905 1140 μέλλον

218 1163 401 1214 κακόν.
478 1160 725 1229 καθαρὸς
773 1155 833 1211 δὲ
883 1157 974 1211 καὶ
1023 1159 1297 1228 τηλαυγὴς
1347 1159 1376 1212 ὁ
1422 1167 1556 1222 νοῦς
1612 1159 1785 1222 οὕτως
1835 1158 1906 1212 ἂν

218 1246 308 1318 ἦν·
365 1248 443 1302 ‘02'
491 1246 535 1301 τ’
585 1247 1039 1316 ἐπιβουλεύοντες
1095 1246 1306 1319 ἑτέροις
1361 1249 1410 1300 εἰ
1469 1249 1903 1319 κατορθώσειαν,

219 1340 415 1391 δεινοί·
459 1335 551 1390 καὶ
585 1338 637 1389 οἱ
668 1337 763 1398 τὰς.
804 1335 1099 1405 ἐπιβουλὰς
1129 1336 1611 1406 προὺπονοοῦντες
1643 1338 1690 1390 εἰ
1729 1338 1906 1406 φυλά-

218 1426 422 1496 ξαιντο,
463 1429 542 1479 ἔτι
582 1427 909 1495 δεινότεροι·
957 1425 986 1478 6
1027 1422 1088 1477 δὲ
1126 1426 1505 1496 προίδόμενος,
1546 1426 1691 1487 ὅπως
1729 1421 1904 1494 μηδὲν

153 1532 195 1564 15
220 1516 368 1587 αὑτῷ
423 1516 605 1583 δεήσει
665 1512 784 1582 μήτ’
836 1513 1131 1581 ἐπιβουλῆς
1185 1515 1317 1582 μήτε
1371 1518 1642 1582 φυλακῆς,
1697 1514 1793 1576 τάς
1846 1533 1905 1566 τε

218 1602 459 1674 ἑταιρίας
520 1603 770 1655 διαλύειν
833 1601 1009 1654 ἐδόκει
1070 1599 1160 1654 καὶ
1222 1603 1352 1664 τοὺς
1412 1601 1696 1664 ἐναντίους
1752 1600 1904 1655 ἐκπε-

218 1690 499 1760 πλῆχθαιῖ
535 1692 539 1761 Ι

147 1785 216 1838 31
334 1783 466 1849 μίαν
505 1776 566 1832 δὲ
612 1779 827 1841 τούτοις
875 1777 1087 1840 ἐπιθεὶς
1134 1780 1398 1849 περίοδον
1445 1778 1696 1855 ἀγκύλως
1744 1781 1931 1850 εἰρη-8

218 1869 392 1938 μένην
445 1866 535 1921 καὶ
591 1869 839 1929 δυνατῶς
893 1868 1025 1936 μετὰ
1086 1875 1185 1920 τοῦ
1242 1877 1452 1936 σαφῶς·
1507 1867 1712 1930 (ἁπλῶς
1765 1865 1827 1920 δὲ
1873 1867 1903 1922 6

154 1983 198 2015 20
223 1958 446 2026 φθάσας
491 1958 589 2009 τὸν
635 1955 904 2025 μέλλοντα
942 1957 1112 2008 κακόν
1158 1975 1211 2008 τι
1259 1957 1400 2027 δρᾶν
1446 1955 1697 2027 ἐπῃνεῖτο
1742 1954 1833 2009 καὶ
1873 1956 1903 2010 6

218 2045 567 2107 ἐπικελεύσας
636 2045 734 2097 τὸν
803 2045 874 2114 μὴ
931 2044 1357 2113 διανοούμενον’
1421 2052 1674 2114 ποιητικῇ
1735 2045 1905 2098 πάλιν

216 2137 474 2204 χρήσεται
529 2135 847 2203 μεταλήψει·
903 2131 1012 2185 (καὶ
1067 2133 1176 2202 μὴν
1229 2131 1317 2185 καὶ
1373 2133 1433 2186 τὸ
1490 2129 1750 2200 συγγενὲς
1803 2139 1904 2186 τοῦ

339 2313 363 2350 2
397 2307 527 2351 Thuc
551 2308 616 2350 III
642 2312 711 2364 82,
731 2313 755 2350 5
880 2311 934 2350 22
971 2307 1036 2350 ΠΙ
1061 2312 1131 2363 82,
1151 2311 1176 2349 6

340 2474 364 2510 2
391 2466 442 2511 δέ
466 2485 508 2511 τι
533 2469 556 2510 f
643 2474 668 2511 3
701 2470 850 2526 τυχών
873 2485 920 2512 τε
967 2469 1115 2526 τυχὼν
1144 2470 1183 2513 Θ
1211 2471 1216 2526 1
1245 2468 1431 2521 ξυνετός
1454 2467 1497 2525 fl
1518 2467 1784 2522 ὑπονοήσας
1807 2467 1900 2513 ῈΘε

221 2525 471 2580 ἐπινοήσας
496 2527 592 2568 ΜΡ
713 2533 740 2570 4
774 2529 896 2571 αὐτῶ
978 2529 1033 2573 P:
1068 2529 1221 2572 αὐτῶν
1245 2528 1317 2571 f&
1345 2530 1350 2584 Ι
1377 2534 1458 2584 τῆς
1481 2527 1593 2572 MP:
1627 2533 1706 2583 τῆς
1729 2542 1777 2570 τε
1801 2526 1895 2586 ῈΘΙ

222 2582 398 2638 ἑτερίας
429 2585 694 2642 διαίέαλυτὴς
718 2586 753 2628 Ρ
874 2592 899 2629 5
933 2585 1299 2642 ἐκπεπλησμένος
1322 2586 1358 2628 Ρ
1463 2591 1486 2630 7
1518 2594 1666 2644 τυχῶν
1690 2586 1740 2628 Μ
1766 2587 1772 2643 1
1802 2585 1900 2629 ἐπι-

219 2643 392 2698 νοήσας
424 2643 549 2685 MPf
571 2647 576 2699 1
606 2647 809 2699 νοῆσθαι
833 2645 856 2686 f
1043 2651 1067 2688 9
1100 2645 1367 2700 ὑπονοήσας
1390 2645 1504 2689 MP:
1538 2644 1709 2700 νοήσας
1732 2643 1756 2686 f

223 2707 277 2745 10
313 2701 377 2745 ἔτι
408 2701 477 2745 M:
514 2701 604 2744 ἔστι
628 2703 697 2745 Pf
720 2704 724 2758 Ι
754 2705 924 2757 μᾶλλον
956 2703 1097 2748 MPf:
1131 2718 1232 2747 corr
1262 2704 1478 2748 Reiskius
1585 2709 1635 2746 11
1670 2702 1899 2759 τηλαυγὴς

220 2761 271 2803 ef
295 2775 326 2816 p
354 2765 452 2815 336,
481 2766 533 2803 18
717 2766 770 2803 13
803 2769 1192 2815 προεπινοοῦντες
1216 2763 1296 2805 Mf
1322 2769 1683 2818 προεπινοῦντες
1705 2762 1763 2806 P:
1797 2774 1901 2804 corr

221 2819 440 2863 Reiskius
623 2823 678 2862 14
708 2818 1040 2874 προειδόμενος
1063 2821 1189 2863 MPf
1358 2826 1411 2864 15
1445 2822 1567 2864 αὑτῶ
1599 2819 1770 2876 MP‚f1
1799 2819 1899 2863 ἐπι-

221 2878 390 2936 βουλὴς
414 2877 461 2919 Μ
553 2882 605 2920 21
634 2877 694 2934 μὴ
720 2878 1010 2933 ἀνοούμενον
1035 2879 1071 2921 Ρ
1163 2885 1216 2922 22
1242 2879 1457 2936 χρήσεται
1480 2880 1516 2922 Ρ
1547 2879 1810 2936 χρήσασθαι
1826 2878 1897 2922 M:

220 2936 444 2994 ἐχρήσατο
469 2935 499 2980 f.
557 2936 606 2979 ef
627 2936 832 2980 Sadaeus
865 2952 895 2992 p
921 2942 1005 2979 216
1034 2939 1039 2994 Ι
1067 2937 1280 2994 ξυγγενὲς
1305 2939 1327 2980 f
