1958 3192
817 126 1154 170 -le—

148 266 328 332 partes
385 281 474 315 eae
531 281 664 332 quae
710 261 835 333 περὶ
875 270 969 331 τῆς
1019 270 1392 331 πραγματικῆς
1429 260 1836 332 Δημοσθένους

151 353 466 419 δεινότητος
506 349 594 422 (cf.
633 370 682 419 p.
723 351 846 419 252,
873 348 989 422 16),
1041 367 1202 418 porro
1249 349 1311 402 de
1349 349 1621 419 Hyperide
1669 353 1721 402 et
1768 350 1835 402 de
1887 336 1894 344 ¹

150 438 413 492 Aeschine
481 438 570 511 (cf.
625 459 674 508 p.
732 440 760 491 7
771 481 786 508 7
825 437 914 510 18)
986 438 1211 506 scriptae
1281 442 1454 508 erant,
1523 439 1836 491 interierant

152 545 361 596 omnes,
401 527 514 580 sola
551 527 737 580 relicta
775 531 888 580 erat
925 544 1048 595 pars
1087 526 1260 594 prima
1295 525 1421 597 περὶ
1453 534 1547 595 τῆς
1585 531 1834 595 λεκτικῆς

151 616 555 686 Δημοσθένους
595 617 918 684 δεινότητος.
977 614 1101 666 huic
1140 613 1321 684 igitur,
1357 619 1419 667 ut
1458 615 1708 667 damnum
1741 614 1833 666 ali-

154 723 258 773 quo
297 705 455 756 modo
496 707 870 772 conpensaret,‚
901 706 1120 771 propter
1171 704 1470 772 argumenti
1517 703 1833 755 affinitatem

153 793 435 861 epistulam
468 793 532 845 ad
563 791 879 844 Aminaeum
913 791 1152 860 subiecit,
1184 809 1316 860 quae
1350 792 1495 860 operi
1530 791 1673 860 olim,
1711 809 1833 844 cum

152 882 421 951 integrum
461 885 613 950 esset,
652 880 918 948 interponi
956 879 1104 931 nullo
1143 883 1299 947 pacto
1338 879 1529 948 potuit.
1637 879 1729 932 sed
1767 898 1833 931 ne

153 969 247 1021 illa
286 970 498 1038 quidem
535 987 658 1038 pars
698 969 907 1037 integra
945 967 1131 1020 relicta
1162 970 1288 1020 erat.
1343 986 1476 1036 quae
1509 986 1629 1020 cum
1659 967 1836 1036 prima

153 1058 345 1110 fuisset
382 1057 687 1126 uoluminiS,
724 1057 929 1125 primus
970 1056 1084 1108 eius
1125 1056 1403 1125 quaternio
1453 1056 1668 1109 auolsus
1708 1059 1838 1126 erat,

153 1150 424 1214 praeterea
462 1146 575 1198 siue
614 1145 726 1215 igni
773 1145 885 1197 siue
932 1145 1147 1197 madore
1194 1145 1485 1197 multarum
1519 1144 1834 1214 paginarum

155 1235 384 1286 maxime
432 1234 647 1286 secundi
687 1233 1049 1302 quaternionis
1059 1275 1074 1302 ‚
1124 1233 1216 1301 qui
1262 1233 1591 1302 reliquorum
1628 1233 1836 1301 primus

153 1323 279 1391 fuit,
331 1322 592 1391 principia
636 1322 713 1374 ita
749 1322 893 1374 laesa
932 1324 1104 1391 erant,
1150 1325 1212 1374 ut
1249 1321 1544 1390 primorum
1582 1339 1836 1373 uersuum

156 1413 248 1462 aut
292 1410 464 1479 prima
518 1414 609 1462 aut-
650 1410 841 1462 ultima
894 1410 1058 1462 uerba
1102 1409 1211 1479 legi
1256 1427 1364 1462 non
1411 1408 1677 1478 possent.1
1751 1409 1837 1461 Ex

157 1499 366 1551 diuerso
412 1499 558 1550 fonte
610 1502 793 1551 auctor
839 1498 1073 1567 sylloges
1119 1498 1286 1550 libros
1338 1497 1470 1550 duos
1522 1495 1599 1568 (II
1638 1501 1691 1550 et
1729 1496 1835 1568 III)

155 1587 402 1656 repetiit,
464 1587 656 1655 quibus
718 1606 894 1639 rerum
950 1587 1236 1655 scriptores
1290 1583 1627 1638 tractantur.2
1717 1604 1836 1638 con-

277 1769 299 1806 1
332 1762 488 1805 Etiam
504 1762 627 1805 ultra
635 1762 836 1818 primum
854 1761 1205 1816 quaternionem
1221 1762 1280 1817 (p.
1295 1765 1392 1815 128,
1405 1765 1458 1804 17
1463 1764 1620 1816 -152,
1634 1762 1704 1817 10)
1720 1760 1836 1803 haec

156 1836 288 1879 labes
319 1835 547 1892 pertinuit
571 1835 626 1879 cf.
659 1851 704 1892 p.
741 1839 840 1889 153,
865 1840 933 1878 24.
970 1839 1069 1890 155,
1097 1839 1163 1878 10.
1199 1839 1298 1891 158,
1324 1839 1391 1878 10.
1428 1838 1525 1889 168,
1553 1839 1619 1877 12.
1655 1838 1754 1888 181,
1781 1838 1836 1876 15

158 1914 316 1965 -187,
347 1914 411 1953 18.
497 1909 663 1964 quodsi
686 1909 938 1952 interualla
967 1908 1272 1965 reputaueris,
1305 1907 1473 1963 quibus
1505 1907 1596 1951 loci
1627 1907 1839 1951 lacunosi

159 1997 258 2028 sese
300 1983 558 2040 excipiunt,
600 1983 739 2026 facile
779 1984 974 2039 apparet
1013 1982 1253 2039 archetypi
1293 1982 1492 2039 paginas
1534 1995 1696 2025 uersus
1741 1980 1837 2025 fere

158 2056 578 2100 XXXIII—XXXV
607 2057 746 2099 huius
778 2056 997 2100 editionis
1031 2055 1262 2112 conplecti
1294 2055 1455 2099 solitas
1488 2069 1598 2099 esse.

276 2135 301 2174 2
333 2130 478 2174 Hiatu
497 2130 719 2186 ampliore
736 2129 845 2172 libri
863 2143 1022 2173 omnes
1047 2130 1227 2173 duobus
1250 2129 1365 2173 locis
1381 2134 1530 2186 p.365,
1550 2134 1575 2172 6
1602 2130 1648 2172 et
1662 2132 1762 2182 371,
1779 2133 1835 2171 22

160 2204 488 2248 deformantur.
522 2204 643 2247 inter
667 2217 781 2258 quos
804 2203 930 2247 locos
954 2216 1115 2246 uersus
1139 2203 1275 2246 huius
1301 2202 1520 2247 editionis
1544 2201 1839 2246 intercedunt

161 2278 307 2322 CLVI.
371 2280 618 2332 utrumque
643 2277 788 2333 igitur
812 2276 1046 2320 defectum
1078 2290 1130 2320 eo
1156 2277 1366 2320 euenisse
1389 2275 1681 2333 perspicitur,
1713 2275 1838 2329 quod

160 2353 280 2395 duae
314 2352 511 2395 schedae
545 2350 832 2394 continentes
873 2363 1082 2407 conpage
1122 2350 1275 2394 soluta
1313 2350 1657 2394 interciderant.
1721 2361 1837 2403 quas

160 2425 299 2469 tertio
331 2425 433 2470 loco
467 2423 786 2479 quaternionis
818 2423 997 2479 positas
1029 2423 1173 2467 fuisse
1206 2424 1347 2468 ualde
1376 2422 1622 2480 probabile
1655 2423 1745 2465 est:

731 2498 770 2539 A
810 2497 845 2539 B
874 2511 902 2540 ηε
933 2497 972 2538 D
1016 2498 1044 2538 d
1085 2512 1112 2540 ,οι
1142 2497 1172 2539 b
1230 2511 1258 2540 a

734 2564 1247 2664 Q

162 2705 285 2760 quod
313 2704 350 2746 si
382 2704 451 2746 ita
484 2706 566 2757 est,
601 2703 801 2746 efficitur
830 2707 883 2747 ut
915 2705 1128 2762 singulae
1162 2702 1403 2759 archetypi
1441 2701 1644 2758 paginae
1675 2713 1836 2743 uersus

161 2778 255 2821 fere
295 2777 485 2820 XXXIX
517 2776 862 2819 Teubnerianos
901 2779 1173 2834 receperint.
1237 2777 1382 2833 igitur
1421 2774 1669 2830 ampliores
1707 2772 1836 2816 fuere

162 2865 302 2907 quam
335 2850 433 2894 eius
466 2850 666 2905 exempli
696 2850 818 2892 unde
842 2850 961 2894 liber
987 2852 1043 2894 de
1068 2850 1378 2894 Demosthene
1402 2847 1546 2891 fluxit.
1595 2861 1687 2890 non
1711 2849 1836 2889 recte

164 2926 220 2968 de
245 2925 333 2967 hac
357 2937 405 2967 re
432 2922 756 2967 Schenkelium
775 2923 902 2966 Stud.
930 2924 1184 2968 Vindobon.
1211 2923 1295 2967 t.II
1319 2926 1427 2979 p.31
1443 2936 1506 2976 sq.
1534 2922 1581 2964 et
1605 2920 1837 2963 Sadaeum
