2004 3202
195 161 263 214 72
614 158 952 203 ΔΙΟΝΤΣΙΟΤ
984 153 1448 197 ΑΛῙΚΑΡΝΑΣΕΩΣ

194 296 407 364 ἀγωγῆς
439 303 548 346 τῶν
578 293 851 362 περιόδων
874 291 933 342 τὸ
958 289 1184 341 κύκλιον
1215 286 1304 340 καὶ
1335 296 1446 340 τῶν
1478 296 1864 357 σχηματισμῶν

193 391 288 451 τῆς
326 382 516 446 λέξεως
561 382 620 433 τὸ
667 379 1018 449 μειρακιῶδες
1065 375 1164 428 οὐκ
1211 374 1540 445 ἐδοκίμαζον.
1611 376 1863 430 δουλεύει

195 473 298 541 γὰρ
344 470 377 538 ἡ
425 470 643 522 διάνοια
693 467 952 527 πολλάκις
1004 470 1078 535 τῷ
1130 463 1327 535 ῥυθμῷ
1380 472 1474 532 τῆς
1527 464 1719 528 λέξεως
1771 462 1863 517 καὶ

195 567 294 612 τοῦ
332 565 545 627 κομψοῦ
585 559 822 609 λείπεται
861 554 919 606 τὸ
961 552 1246 620 ἀληθινόν.
1317 554 1609 622 κράτιστον
1648 549 1708 605 δὲ
1749 551 1863 605 ε’πι-

152 648 435 715 5τήδευμα
489 645 548 698 έν
601 642 859 714 διαλέκτῳ
915 642 918 711 Ι
975 644 1224 710 πολιτικῇ
1286 640 1376 694 καὶ
1439 641 1716 713 ἐναγωνίῳ
1777 642 1838 694 τὸ
1866 657 1952 701 559
1980 652 1990 724 j

198 735 520 803 ὁμοιότατον
557 739 631 803 τῷ
667 732 800 783 κατὰ
840 730 1024 798 φύσιν.
1094 729 1349 797 βούλεται
1389 727 1449 782 δὲ
1479 730 1512 798 ἡ
1546 731 1711 799 φύσις
1749 737 1864 791 τοῖς

198 826 466 891 νοήμασιν
503 820 729 873 ἔπεσθαι
768 819 867 885 τὴν
906 816 1076 884 λέξιν,
1117 816 1183 870 οὐ
1222 825 1286 887 τῇ
1326 817 1466 882 λέξει
1503 819 1569 871 τὰ
1607 819 1864 886 νοήματα.

199 910 488 980 συμβούλῳ
528 905 587 960 δὲ
619 908 684 974 δὴ
715 904 839 975 περὶ
871 904 1111 974 πολέμου
1148 903 1239 957 καὶ
1272 907 1488 975 εἰρήνης
1519 904 1736 973 λέγοντι
1774 904 1865 958 καὶ

201 1000 388 1067 ἰδιώτῃ
428 998 524 1049 τὸν
557 994 679 1064 περὶ
711 1001 887 1063 ψυχῆς
919 992 1166 1063 τρέχοντι
1197 995 1464 1047 κίνδυνον
1497 993 1556 1046 ἐν
1587 995 1866 1056 δικασταῖς

133 1107 176 1138 10
198 1089 263 1139 τὰ
294 1087 474 1154 κομψὰ
511 1083 599 1136 καὶ
631 1084 894 1152 θεατρικὰ
925 1080 1015 1135 καὶ
1047 1083 1378 1151 μειρακιώδη
1410 1090 1579 1135 ταῦτα
1611 1082 1711 1136 οὐκ
1742 1079 1868 1135 οἶδα

199 1175 388 1241 ἥντινα
422 1173 644 1224 δύναιτο
671 1170 739 1223 ἂν
762 1179 1062 1241 παρασχεῖν
1094 1169 1381 1240 ὠφέλειαν,
1413 1176 1623 1240 μᾶλλον
1655 1169 1716 1225 δὲ
1744 1168 1869 1226 οἶδα

198 1263 279 1315 ὅτι
332 1259 420 1313 καὶ
472 1261 677 1328 βλάβης
723 1258 792 1312 ἂν
838 1264 983 1311 αἴτια
1028 1257 1259 1327 γένοιτο.
1337 1262 1716 1330 χαριεντισμὸς
1761 1262 1867 1331 γὰρ

195 1358 298 1412 πᾶς
345 1349 403 1402 ἐν
450 1349 660 1417 σπουδῇ
714 1346 804 1400 καὶ
850 1356 1035 1410 κακοῖς
1080 1349 1369 1416 γινόμενος
1419 1349 1602 1418 ἄωρον
1646 1357 1869 1419 πρᾶγμα

196 1436 285 1490 καὶ
323 1438 727 1506 πολεμιώτατον
767 1435 910 1507 ε’λέῳ.

111 1533 180 1584 13
309 1522 467 1587 οὗτος
507 1522 566 1577 δὲ
607 1524 706 1577 οὐκ
747 1524 870 1593 ἐμὸς
911 1524 939 1578 ὁ
980 1526 1141 1592 λόγος
1185 1526 1406 1594 πρώτου
1453 1526 1526 1593 μὰ
1563 1528 1700 1594 Δία,
1753 1524 1869 1578 ἐπεὶ

134 1635 175 1666 16
198 1612 392 1666 πολλοὶ
431 1611 519 1665 καὶ
559 1622 668 1665 τῶν
697 1617 946 1665 παλαιῶν
977 1613 1180 1681 ταύτην
1212 1608 1360 1681 εἶχον
1395 1610 1532 1683 ὑπὲρ
1567 1613 1737 1666 αὐτοῦ
1769 1614 1871 1681 τὴν

200 1701 377 1764 δόξαν.
458 1703 748 1763 Φιλόνικος
794 1698 895 1769 μὲν
940 1702 1043 1770 γὰρ
1092 1700 1120 1753 ὁ
1170 1702 1504 1763 διαλεκτικὸς
1550 1702 1650 1770 τὴν
1697 1703 1871 1769 ἄλλην

199 1790 532 1856 κατασκευὴν
571 1797 663 1856 τῆς
703 1789 893 1853 λέξεως
934 1788 1174 1841 ἐπαινῶν
1213 1788 1446 1859 τάνδρὸς
1479 1789 1743 1859 μέμφεται
1775 1797 1870 1858 τῆς

199 1879 482 1944 κενότητός
532 1876 578 1929 τ’
633 1877 798 1945 αὐτῆς
851 1876 942 1929 καὶ
995 1885 1094 1930 τοῦ
1149 1886 1416 1947 φορτικοῦ
1472 1877 1707 1931 ἑοικέναι
1753 1877 1814 1931 τέ
1860 1877 1864 1948 Ι

134 1986 178 2017 20
202 1979 371 2032 φησιν
418 1965 583 2017 αὐτὸν
630 1967 893 2036 ζωγράφῳ
944 1974 1061 2028 ταῖς
1107 1965 1294 2028 αὐταῖς
1349 1965 1544 2034 ἐσθῆσι
1597 1965 1688 2019 καὶ
1734 1975 1848 2028 τοῖς
1874 1982 1961 2022 560

202 2052 385 2114 αὐτοῖς
454 2055 683 2121 σχήμασι
758 2054 933 2115 πάσας
1010 2052 1395 2122 ἐπικοσμοῦντι
1470 2056 1565 2117 τὰς
1633 2055 1870 2125 γραφάς·

323 2247 374 2284 15
407 2241 455 2284 cf
481 2241 724 2297 Euripides
757 2242 798 2284 fr
822 2247 906 2286 488
926 2242 967 2285 N

324 2422 343 2458 1
381 2415 618 2472 σχημάτων
643 2418 676 2459 F
769 2423 792 2460 2
820 2417 1132 2477 ἐδοκίμα[ζ]ον
1168 2434 1271 2463 cum
1302 2433 1376 2462 ras
1401 2419 1436 2462 F
1528 2423 1555 2461 4
1587 2417 1637 2462 δὲ
1670 2419 1870 2475 Kn'iger:

203 2489 249 2517 τε
343 2480 367 2516 5
402 2474 450 2517 ἐν
482 2473 662 2533 ἀγωνίῳ
695 2476 728 2517 F
758 2478 762 2532 Ι
790 2477 839 2519 τὸ
872 2491 927 2520 ex
958 2486 1037 2521 τῶι
1070 2478 1127 2520 F2
1214 2484 1238 2522 6
1273 2478 1554 2534 ὁμοιώτατον
1585 2478 1621 2520 Ρ
1706 2482 1729 2520 7
1764 2477 1873 2532 νοή-

205 2534 362 2589 μασιν]
397 2532 616 2587 ὀνόμασιν
649 2534 683 2575 Ρ
727 2537 730 2590 Ι
777 2534 991 2593 §neeffleta
1023 2537 1126 2594 τὴν]
1158 2537 1205 2579 Μ
1239 2551 1343 2580 cum
1372 2550 1447 2579 ras
1558 2540 1583 2579 8
1617 2533 1667 2579 δὲ
1700 2536 1779 2593 δὴ]
1811 2550 1872 2579 an

205 2591 294 2647 δὴὶ)
327 2588 477 2646 μέντοι
504 2591 735 2634 Wolfiana
759 2592 806 2634 in
831 2608 908 2649 mg
937 2596 941 2649 Ι
970 2593 1101 2651 λέγον
1126 2596 1162 2638 Ρ
1254 2600 1305 2638 11
1340 2595 1531 2638 δύναιτο
1564 2609 1615 2638 a:
1649 2594 1872 2639 δύναιντο

206 2650 300 2692 ΜΒ
347 2648 559 2693 δύναιντ’
598 2651 632 2692 Ρ
687 2650 951 2699 δύναιταἙ
999 2668 1137 2710 supra
1183 2653 1345 2697 addito
1385 2671 1433 2708 ν,
1480 2655 1532 2696 ut
1571 2652 1757 2697 uidetur

207 2713 261 2751 12
301 2707 426 2751 αἴτια
468 2708 578 2752 FM:
621 2707 743 2751 αἰτία
784 2710 865 2752 BP
995 2718 1047 2754 13
1094 2713 1174 2757 καὶ
1219 2719 1380 2762 κακοῖς
1427 2711 1748 2756 Casaubonus:
1795 2713 1874 2756 καὶ

205 2774 357 2816 κακῶς
382 2767 414 2809 F
462 2766 540 2810 καὶ
565 2769 711 2817 καλῶς
735 2767 909 2810 MBPv
1003 2775 1055 2812 15
1090 2771 1195 2826 ἐμὸς
1220 2771 1352 2827 λόγος
1375 2771 1411 2813 Ρ
1505 2776 1557 2814 16
1589 2767 1704 2825 ’ὑπὲρ
1729 2772 1874 2815 αὐτοῦ

150 2862 154 2866 .
206 2839 261 2869 ex
299 2823 414 2879 ὑπὲρ
456 2824 619 2869 ἑαυτοῦ
664 2839 764 2868 corr
803 2826 836 2867 F
951 2833 1002 2870 19
1051 2829 1293 2885 κενότητος
1331 2829 1413 2871 ΒΡ
1460 2828 1503 2872 ci
1537 2829 1580 2871 H
1612 2829 1873 2886 Stephanus

207 2883 500 2940 Sylburgius:
549 2884 818 2940 καινότητος
864 2885 954 2927 FM
1009 2889 1013 2942 Ι
1067 2886 1110 2929 τ’
1155 2889 1315 2945 αὐτῆς]
1360 2888 1527 2943 ταύτης
1572 2887 1683 2931 libri
1727 2904 1758 2932 v

206 2948 263 2987 20
295 2944 416 3001 αὐτῷ
447 2943 483 2985 Ρ
511 2945 516 2999 Ι
545 2942 785 2998 αἰσθήσεσι
818 2943 851 2985 F
900 2943 1112 2999 ἐσθήσεσι
1139 2946 1301 2990 MPB:
1334 2959 1434 2989 corr
1464 2947 1662 2990 Ammon

1984 750 1991 796 ξ,

1986 828 1991 844 =
2002 824 2004 853 Ι
