2004 3202
790 153 1134 195 ΙΣοΚΡΑΤΗΣ
1736 154 1802 206 71

131 288 347 340 Λυσίαν
370 291 580 355 μᾶλλον
598 285 849 355 ἡγούμην
866 286 1261 356 ἐπιτυγχάνειν.
1299 285 1424 357 περὶ
1442 288 1536 349 τὰς
1553 287 1805 355 αὐξήσεις

122 374 400 446 Ἰσοκράτη
439 380 755 444 κατορθοῦν
794 376 1022 444 ἄμεινον
1061 374 1306 428 ἐδόκουν.
1377 374 1437 427 έν
1475 382 1550 446 τῷ
1582 376 1805 444 συστρέ-

129 484 259 533 φειν
303 465 368 516 τὰ
414 465 656 532 νοήματα
709 462 799 516 καὶ
850 464 1198 534 στρογγύλως
1252 462 1504 533 ἐκφέρειν
1549 464 1621 525 ὡς
1666 465 1805 533 πρὸς

129 551 433 620 ἀληθινοὺς
471 551 686 619 ἀγῶνας
726 551 1034 620 ἐπιτήδειον
1066 551 1281 605 Λυσίαν
1320 551 1674 621 ἀπεδεχόμην.
1744 550 1806 603 έν
1884 551 1897 558 '

39 665 125 706 557
149 650 267 703 ταῖς
318 641 637 708 ἠθοποιίαις
690 639 1049 712 ἀμφοξτέρους
1103 641 1359 711 εὕρισκον
1413 639 1647 707 δεξιούς,
1709 646 1804 707 τῆς
1848 661 1871 693 5

128 727 188 782 δὲ
227 730 446 799 χάριτος
484 727 573 781 καὶ
613 737 707 797 τῆς
745 730 947 798 ἡδονῆς
986 729 1374 799 ἀναμφιλόγως
1405 728 1708 782 ἀπεδίδουν
1737 730 1803 781 τὰ

126 827 364 888 πρωτεῖα
382 821 577 889 Λυσίᾳ.
624 819 684 870 τὸ
703 815 1106 888 μεγαλοπρεπὲς
1131 816 1317 888 ἑώρων
1339 816 1468 889 παρ’
1492 817 1803 887 Ἰσοκράτει.

127 915 226 960 τοῦ
270 913 517 960 πιθανοῦ
570 905 659 959 καὶ
706 905 1008 977 πρέποντος
1055 905 1348 978 οὐδέτερον
1395 906 1626 959 ἐδόκουν
1671 905 1804 959 ἀπο-

126 998 428 1048 λείπεσθαι.
499 994 558 1048 ἐν
596 1004 659 1066 τῇ
700 994 960 1048 συνθέσει
995 1004 1106 1048 τῶν
1136 995 1423 1065 ὀνομάτων
1455 996 1672 1048 Λυσίαν
1703 991 1805 1064 μὲν

126 1083 492 1154 ἀφελέστερον
531 1086 768 1154 ἔκρινον,
802 1083 1118 1154 Ἰσοκράτην
1150 1082 1210 1136 δὲ
1239 1086 1675 1155 περιεργότερον,
1711 1081 1802 1136 καὶ
1827 1105 1870 1138 ιο

127 1174 225 1226 τὸν
262 1170 363 1242 μὲν
402 1180 496 1241 τῆς
534 1172 797 1241 ἀληθείας
841 1173 1227 1243 πιθανώτερον
1273 1173 1550 1241 εἰκαστήν,
1597 1174 1695 1226 τὸν
1742 1170 1804 1226 δὲ

127 1269 221 1329 τῆς
259 1268 590 1328 κατασκευῆς
628 1261 878 1330 ἀθλητὴν
918 1263 1286 1332 ἰσχυρότερον.

235 1357 404 1402 ταῦτα
442 1351 585 1418 ἔφην
621 1348 747 1419 περὶ
786 1356 881 1417 τῆς
911 1349 1103 1414 λέξεως
1134 1357 1228 1417 τῆς
1261 1349 1532 1420 ἑκατέρου.
1598 1359 1708 1402 τῶν
1740 1346 1802 1402 δὲ
1822 1357 1892 1408 12

123 1438 456 1508 πραγμάτων
485 1438 815 1507 ποιούμενος
844 1438 1016 1506 <τὴν>
1041 1436 1300 1507 ἐξέτασιν,
1332 1440 1434 1507 τὴν
1457 1436 1558 1508 μὲν
1584 1439 1803 1508 εὕρεσιν

123 1527 451 1596 θαυμαστὴν
473 1525 602 1596 παρ’
627 1526 836 1596 ἀμφοῖν
858 1529 1234 1596 κατελαβόμην
1258 1526 1347 1580 καὶ
1365 1530 1444 1580 ἔτι
1460 1529 1560 1596 τὴν
1576 1525 1796 1598 κρίσιν.Ξ
1826 1548 1869 1581 15

35 1638 120 1678 558
146 1624 209 1686 τῇ
251 1613 311 1668 δὲ
350 1614 496 1679 τάξει
526 1624 637 1668 τῶν
669 1614 1074 1685 ἐνθυμημάτων
1110 1615 1201 1668 καὶ
1232 1625 1347 1679 τοῖς
1378 1625 1661 1686 μερισμοῖς
1691 1625 1805 1669 τῶν

126 1692 556 1775 ἐπιχειρημάτων
607 1702 696 1756 καὶ
746 1712 810 1774 τῇ
857 1703 987 1757 καθ’
1034 1703 1264 1758 ἕκαστον
1318 1701 1464 1768 εἶδος
1519 1704 1804 1775 ἐξεργασίᾳ

124 1802 239 1855 τοῖς
285 1812 341 1845 τε
388 1794 575 1854 ἄλλοις
629 1793 795 1845 ἅπασι
849 1801 964 1855 τοῖς
1012 1792 1072 1846 ἐν
1118 1800 1193 1865 τῷ
1246 1800 1601 1865 πραγματικῷ
1655 1796 1802 1865 τόπῳ

123 1883 443 1951 θεωρήμασι
489 1882 635 1950 παρὰ
680 1883 823 1934 πολὺ
868 1890 1156 1952 προτερεῖν
1204 1881 1454 1951 ἡγούμην
1486 1881 1804 1951 Ἰσοκράτην

127 1972 358 2045 Λυσίου,
396 1970 532 2021 κατὰ
571 1965 630 2021 δὲ
670 1970 772 2037 τὴν
810 1972 1158 2040 λαμπρότητα
1196 1980 1308 2023 τῶν
1346 1970 1669 2024 ὑποθέσεων
1711 1970 1800 2023 καὶ
1826 1993 1873 2024 20

125 2059 185 2110 τὸ
242 2059 554 2126 φιλόσοφον
614 2065 708 2125 τῆς
762 2057 1129 2128 προαιρέσεως
1182 2063 1375 2112 πλεῖον
1429 2058 1716 2129 διαφέρειν
1768 2059 1801 2128 ἢ

123 2148 319 2208 παιδὸς
351 2147 543 2216 ἄνδρα,
576 2146 647 2207 ὡς
680 2145 708 2198 ὁ
735 2147 972 2199 Πλάτων
1003 2152 1236 2217 εἴρηκεν,
1269 2149 1316 2200 εἰ
1348 2144 1409 2199 δὲ
1440 2148 1541 2217 χρὴ
1566 2145 1803 2216 τάληθὲς

125 2236 322 2303 εἰπεῖν,
368 2233 458 2287 καὶ
498 2243 608 2286 τῶν
647 2235 830 2287 ἄλλων
868 2234 1125 2287 ἁπάντων
1164 2235 1436 2305 ρητόρων,
1485 2236 1604 2288 ὅσοι
1645 2240 1802 2305 φιλο-

126 2326 310 2392 σόφως
349 2331 447 2375 τοῦ
487 2325 807 2392 μαθήματος
844 2323 1044 2376 τούτου
1074 2322 1430 2393 προέστησαν.
1491 2331 1585 2392 τῆς
1616 2323 1803 2393 μέντοι

243 2502 297 2540 22
331 2497 466 2541 Plato
498 2496 683 2541 Phaedr
708 2501 825 2541 279⁸

247 2665 269 2702 1
301 2659 502 2716 ἡγούμαι
534 2674 635 2704 corr
667 2660 715 2703 in
746 2659 955 2716 ἡγούμην
986 2659 1022 2702 Ρ
1114 2664 1139 2702 2
1173 2658 1388 2716 ἰσοκράτη
1415 2673 1471 2704 ex
1495 2659 1726 2715 ἰσοκράτει
1751 2659 1801 2702 in

127 2731 202 2761 ras
233 2718 292 2761 Γ*
402 2724 429 2762 4
462 2718 829 2776 ἐπιτηδειότερον
861 2717 1067 2762 Sadaeus
1194 2724 1217 2762 7
1257 2719 1307 2762 τὸ
1348 2719 1442 2762 add
1481 2719 1541 2762 ΡΞ
1590 2722 1594 2775 Ι
1647 2718 1800 2774 ἑώρων

127 2775 381 2834 Kiessling:
420 2777 573 2834 ἡρῶον
612 2778 751 2821 ΜΡΒ
802 2781 967 2832 Ηρῶον
999 2777 1033 2821 F
1073 2779 1078 2834 Ι
1116 2792 1209 2833 παρ
1229 2809 1242 2822 .
1276 2776 1507 2833 ἰσοκράτει
1538 2778 1572 2820 F
1605 2792 1736 2822 eraso
1769 2795 1800 2820 α

246 2840 300 2878 10
327 2835 509 2891 ἔκρινον
534 2851 610 2881 om
627 2838 664 2880 P
748 2841 800 2879 11
828 2835 1143 2892 ποθεινότερον
1167 2836 1373 2881 FMBP:
1400 2850 1500 2880 corr
1525 2836 1799 2893 Sylburgius

246 2899 299 2936 12
330 2901 410 2951 τῆς
434 2909 509 2939 om
533 2896 567 2938 F
654 2900 707 2939 13
738 2897 902 2953 τ[αῦτα
951 2894 1001 2938 in
1023 2894 1166 2939 litura
1190 2896 1238 2939 M
1324 2901 1378 2938 14
1409 2896 1492 2952 τὴν
1518 2895 1681 2939 addidi

132 2955 184 2995 19
215 2951 343 3006 παρὰ
374 2954 468 2997 add
499 2954 558 2997 F2
648 2959 702 2997 23
735 2953 1094 3010 καὶ-ρητόρων
1124 2954 1174 2997 in
1204 2969 1284 3010 mg
1315 2954 1462 3010 suppl.
1496 2954 1555 2996 F2'
