2004 3202
630 137 775 179 ΠΕΡΙ
805 135 1208 179 ΘΟΤΚΤΔΙΔΟΤ
1660 135 1768 188 385

91 266 154 323 δὲ
176 271 267 340 μή,
299 268 531 339 ἀμύνειν
553 272 683 333 τοὺς
705 272 982 341 παρόντας
1005 269 1317 340 ξυμμάχους
1347 271 1482 322 κατὰ
1514 270 1767 339 δύναμιν.

91 359 221 412 τάδε
251 354 354 428 μὲν
382 357 515 427 ἡμῖν
545 357 770 430 πατέρες
801 360 854 412 οἱ
884 357 1138 429 ὑμέτεροι
1162 359 1364 412 ἔδοσαν
1387 357 1580 428 ἀρετῆς
1609 357 1770 412 ἕνεκα

90 443 183 500 καὶ
228 448 546 517 προθυμίας
589 454 685 516 τῆς
731 447 792 500 ἐν
838 446 1068 510 ἐκείνοις
1119 456 1235 510 τοῖς
1282 447 1568 510 κινδύνοις
1613 467 1771 516 γενο-

106 533 286 605 μένης.
353 534 509 604 ὑμεῖς
558 532 618 587 δὲ
663 534 924 589 τάναντία
958 532 965 607 Ι
1001 534 1230 598 ἐκείνοις
1267 535 1451 606 δρᾶτέ·
1492 537 1626 606 μετὰ
1663 537 1768 606 γὰρ

97 626 356 692 Θηβαίων
393 633 504 676 τῶν
547 622 681 693 ἡμῖν
720 623 992 693 ἐχθίστων
1038 622 1125 677 ἐπὶ
1172 625 1397 695 δουλείᾳ
1434 631 1498 694 τῇ
1537 623 1771 695 ἡμετέρᾳ
1815 643 1836 676 5

92 712 262 780 ἥκετε.
322 712 602 782 μάρτυρας
641 708 702 765 δὲ
739 714 910 775 θεοὺς
947 713 1077 774 τούς
1115 731 1172 765 τε
1204 711 1426 783 ὁρκίους
1462 714 1584 765 τότε
1615 732 1771 781 γενο-

92 799 294 869 μένους
331 801 654 870 ποιούμενοι
699 799 791 853 καὶ
839 802 969 863 τοὺς
1012 799 1311 870 ὑμετέρους
1354 798 1642 872 πατρῴους
1678 799 1769 853 καὶ

92 887 389 960 ἡμετέρους
412 887 710 958 ἐγχωρίους
740 887 972 958 λέγομεν
1001 889 1151 958 ὑμῖν,
1191 896 1297 957 γῆν
1327 889 1429 958 τὴν
1459 890 1773 943 Πλαταιίδα

93 978 166 1047 μὴ
221 975 435 1031 ἀδικεῖν
487 974 624 1047 μηδὲ
673 980 1039 1048 παραβαίνειν
1091 979 1222 1039 τοὺς
1275 977 1502 1048 ὅρκους,
1561 977 1657 1031 ἐᾶν
1710 975 1771 1032 δὲ

93 1067 268 1120 οἰκεῖν
342 1066 708 1136 αὐτονόμους,
793 1067 967 1136 ὥςπερ
1046 1069 1369 1129 Παυσανίας
1452 1066 1770 1120 ἐδικαίωσε.’
1796 1087 1839 1119 ιο

92 1163 322 1208 τοιαῦτα
358 1165 470 1208 τῶν
508 1153 834 1208 Πλαταιέων
872 1157 1148 1223 λεγόντων
1186 1154 1512 1226 Ἀρχίδαμος
1550 1154 1774 1225 ἀποκρί-

91 1263 246 1297 νεται
284 1245 489 1297 τοιάδε·
531 1244 756 1296 ’Δίκαια
795 1241 993 1311 λέγετε,
1033 1241 1075 1297 ὦ
1115 1245 1313 1314 ἄνδρες
1352 1247 1665 1313 Πλαταιεῖς,
1703 1244 1774 1312 ἣν

91 1340 283 1400 ποιῆτε
330 1333 491 1402 ὅμοια
540 1341 655 1395 τοῖς
708 1334 908 1401 λόγοις.
984 1334 1234 1403 καθάπερ
1290 1335 1394 1403 γὰρ
1451 1336 1774 1395 Παυσανίας

45 1437 50 1439 “
93 1421 230 1490 ὑμῖν
266 1420 612 1491 παρέδωκεν,
652 1421 816 1474 αὐτοί
847 1440 906 1474 τε
945 1420 1345 1491 αὐτονομεῖσθε
1382 1420 1473 1474 καὶ
1512 1423 1641 1483 τοὺς
1681 1422 1774 1474 ἅλ-

95 1514 229 1572 λους
268 1508 754 1579 ξυνελευθεροῦτε,
795 1509 915 1563 ὅσοι
954 1512 1311 1580 μετασχόντες
1348 1519 1461 1562 τῶν
1498 1511 1619 1563 τότε
1656 1530 1774 1563 κιν-
1798 1529 1841 1561 15

95 1598 284 1651 δύνων
314 1598 449 1668 ὑμῖν
471 1617 529 1651 τε
561 1597 885 1667 ξυνώμοσαν
915 1597 1004 1651 καὶ
1037 1597 1143 1652 εἰσὶ
1174 1607 1282 1652 νῦν
1311 1597 1402 1652 ὑπ’
1435 1597 1774 1667 Ἀθηναίοις·

94 1688 411 1757 παρασκευή
460 1706 518 1739 τε
570 1687 766 1755 τοσήδε
819 1685 910 1739 καὶ
962 1689 1198 1756 πόλεμος
1251 1685 1538 1756 γεγένηται
1592 1686 1775 1740 αὐτῶν

49 1794 54 1798 ·
97 1774 257 1828 ἕνεκα
295 1770 386 1827 καὶ
424 1784 535 1828 τῶν
573 1776 757 1828 ἄλλων
796 1774 1223 1846 ἐλευθερώσεως.
1300 1771 1364 1844 ἧς
1401 1777 1635 1845 μάλιστα
1673 1773 1776 1845 μὲν

69 1865 466 1933 3μετασχόντες
502 1861 593 1915 καὶ
633 1861 790 1916 αὐτοὶ
829 1863 1114 1933 ἐμμείνατε
1160 1873 1276 1926 τοῖς
1315 1865 1512 1935 ὅρκοις.
1591 1865 1638 1917 εἰ
1672 1864 1678 1934 Ι
1713 1861 1775 1916 δὲ

97 1954 187 2022 μή,
225 1952 362 2021 ἅπερ
402 1949 492 2003 καὶ
536 1953 808 2021 πρότερον
845 1952 950 2020 ἤδη
989 1951 1499 2022 προύκαλεσάμεθα,
1538 1951 1775 2022 ἡσυχίαν
1799 1972 1843 2003 20

98 2042 255 2109 ἄγετε
286 2041 575 2109 νεμόμενοι
607 2041 672 2092 τὰ
702 2038 936 2108 ὑμέτερα
967 2039 1172 2092 αὐτῶν·
1204 2038 1294 2092 καὶ
1327 2042 1446 2093 ἔστε
1474 2038 1611 2110 μηδὲ
1642 2039 1767 2110 μεθ’

100 2127 317 2199 ἑτέρων,
357 2126 584 2196 δέχεσθε
625 2126 671 2180 δ’
705 2126 1050 2198 ἀμφοτέρους
1081 2131 1296 2197 φίλους,
1339 2127 1427 2181 ἐπὶ
1458 2127 1675 2200 πολέμῳ
1713 2125 1776 2181 δὲ

99 2216 445 2287 μηδετέρους.
506 2214 597 2269 καὶ
628 2216 757 2268 τάδε
787 2215 920 2284 ἡμῖν
950 2214 1202 2285 ἀρκέσει.’
1264 2216 1292 2269 ὁ
1324 2213 1426 2285 μὲν
1450 2214 1777 2287 Ἀρχίδαμος

221 2381 274 2419 12
307 2376 436 2420 Thuc
460 2375 503 2418 11
530 2380 582 2418 72

220 2529 248 2567 4
273 2521 468 2574 ἐκείνοις
483 2522 599 2567 MP:
625 2536 701 2566 om
727 2523 768 2566 Θ
792 2522 983 2566 seclusit
1004 2522 1029 2565 f
1101 2527 1124 2567 7
1150 2520 1416 2582 ὑμετέρους]
1434 2521 1722 2580 ἡμετέρουςΐ

103 2587 130 2627 8
163 2590 250 2640 γῆν
280 2582 406 2626 MPf
432 2596 536 2626 oum
562 2582 650 2626 OG
687 2580 771 2638 τὴν
811 2587 898 2638 γῆν
933 2583 974 2627 Θ
1016 2582 1097 2626 sed
1129 2581 1178 2626 cf
1201 2597 1233 2638 p
1258 2587 1359 2639 387,
1380 2588 1434 2627 19
1568 2588 1592 2627 9
1626 2581 1711 2627 ἑᾶν
1742 2583 1778 2626 Ρ

165 2647 219 2685 10
251 2640 400 2697 ὥσπερ
425 2641 538 2686 MP:
570 2639 789 2695 καθάπερ
821 2639 845 2683 f
851 2642 892 2684 Θ
918 2642 924 2698 Ι
953 2638 1222 2685 ἐδικαίωσεν
1245 2642 1282 2685 Ρ
1374 2647 1426 2686 11
1452 2649 1644 2686 τοιαῦτα
1661 2642 1775 2686 MP:

101 2707 307 2745 τοσαῦτα
328 2700 353 2744 f
360 2702 400 2745 Θ
427 2703 432 2759 Ι
460 2708 551 2744 τῶν
581 2697 842 2744 πλαταιέων
865 2698 1090 2756 λεγόντων
1106 2698 1323 2758 (λεγόνων
1349 2718 1374 2745 τ
1391 2701 1443 2757 Ρ)
1467 2701 1581 2745 MP:
1621 2700 1779 2745 εἰπόν-

101 2775 196 2804 των
227 2760 327 2817 (sed
355 2767 448 2804 τῶν
478 2759 572 2803 add
605 2759 643 2802 C
651 2759 710 2814 G)
745 2760 988 2803 Πλαταιῶν
1023 2761 1064 2804 Θ
1095 2762 1144 2804 et
1171 2767 1263 2805 τῶν
1294 2760 1473 2804 incluso
1505 2759 1529 2802 f
1551 2763 1556 2815 Ι
1584 2758 1778 2815 ἀποκρί-

106 2834 236 2863 νεται
263 2818 424 2863 τοιάδε
455 2818 567 2862 MP:
600 2818 847 2873 ὑπολαβὼν
877 2813 1008 2863 εἶπεν
1038 2818 1064 2861 f
1070 2820 1111 2863 Θ
1261 2823 1316 2864 14
1352 2821 1717 2875 αὐτονομεῖσθαι
1741 2819 1778 2860 Ρ

226 2882 282 2921 20
313 2878 392 2921 καὶ
422 2878 515 2921 ΜΡ
546 2891 651 2921 cum
684 2876 788 2921 OG:
828 2876 907 2920 καὶ
937 2877 988 2921 τὸ
1019 2877 1044 2920 f
1050 2879 1091 2922 Θ
1116 2879 1123 2935 1
1150 2877 1560 2934 τρουκαλεσάμεθα
1593 2878 1628 2920 Ρ

108 2939 163 2979 22
195 2934 418 2994 δέχεσθαι
449 2937 544 2979 ΜΡ
665 2941 719 2978 23
751 2933 860 2992 μηδ’
890 2934 1072 2992 ἑτέρους
1094 2936 1156 2980 Pf

197 3018 308 3051 Dion.
330 3018 527 3051 Hzlicarn.
563 3019 610 3050 V.
1460 3015 1514 3053 25
