2004 3202
769 161 1191 205 ΔΗΜΟΣΘΕΝΗΣ
1710 164 1812 216 171

138 296 305 368 ὀλίγῳ
343 297 615 366 πρότερον
645 291 819 363 εἶπον,
859 294 983 365 μεθ’
1011 297 1198 350 ὅπλων
1227 298 1656 350 κινδυνεύουσιν
1669 300 1697 351 ’.
1757 300 1816 352 ἐν

137 385 355 447 τούτοις
385 383 452 438 οὐ
491 383 771 453 μέμφομαι
810 386 908 438 τὸν
939 385 1117 454 ἄνδρα
1154 393 1253 438 τοῦ
1289 388 1525 454 λήματος
1566 384 1815 457 (γενναία

138 476 242 543 γὰρ
273 474 306 542 ἡ
339 474 559 526 διοὲνοια
590 471 680 525 καὶ
714 472 992 542 δυναμένη
1024 481 1244 542 κινῆσαι
1274 473 1500 545 πάθος),
1535 476 1596 528 τὸ
1629 473 1690 528 δὲ
1723 484 1816 543 τῆς

138 562 331 627 λέξεως
362 567 512 615 λεῖον
546 560 635 614 καὶ
674 563 920 630 μαλακὸν
950 563 1219 631 αἰτιῶμαι.
1280 558 1537 632 τραχεῖαν
1567 566 1672 633 γὰρ
1706 567 1815 618 ἔδει

137 651 227 704 καὶ
265 653 469 721 πικρὰν
499 647 641 704 εἶναι
681 650 770 703 καὶ
809 655 987 721 πληγῇ
1027 671 1079 703 τι
1117 654 1502 722 παραπλήσιον
1538 662 1743 706 ποιεῖν·
1782 654 1815 721 ἣ
1863 676 1882 706 5

137 739 186 792 δ’
225 742 376 793 ἔστιν
421 740 564 810 ὑγρὰ
614 738 705 792 καὶ
752 739 926 808 ὁμαλὴ
973 738 1063 792 καὶ
1110 741 1291 810 ὥσπερ
1339 743 1527 794 ἔλαιον
1572 741 1815 810 ἀψοφητὶ

137 830 230 882 διὰ
283 837 377 897 τῆς
432 829 597 897 ἀκοῆς
651 827 875 898 ῥέουσα,
928 827 1156 896 θέλγειν
1199 828 1267 897 γέ
1307 849 1392 882 τοι
1444 829 1534 883 καὶ
1588 831 1817 899 ἡδύνειν

136 921 370 986 ζητοῦσα
407 919 509 986 τὴν
547 917 732 985 ἀκοήν.
809 916 925 970 ἀλλ’
962 913 1023 970 εὗ
1062 927 1177 980 τοῖς
1217 919 1487 987 σχήμασιν
1525 920 1635 988 ἔχει
1680 921 1817 989 πρὸς

49 1020 163 1058 1014
189 1006 405 1074 ἀγῶνας
443 1011 670 1068 πολλοῖς
709 1002 833 1059 οὖσι
871 1004 962 1058 καὶ
998 1007 1003 1074 Ι
1037 1009 1310 1068 ποικίλοις
1347 1005 1438 1059 καὶ
1478 1008 1570 1060 διὰ
1604 1009 1817 1061 τούτων

134 1099 398 1148 παθαίνει
439 1097 569 1157 τοὺς
607 1094 932 1158 ἀκούοντας;
971 1099 1182 1147 πολλοῦ
1220 1115 1281 1162 γε
1319 1093 1409 1147 καὶ
1446 1097 1544 1148 δεῖ.
1604 1098 1670 1148 τὰ
1710 1098 1813 1166 γὰρ
1841 1119 1882 1150 10

137 1183 404 1237 ἐκλύοντα
457 1184 689 1252 μάλιστα
742 1184 843 1251 τὴν
897 1183 1139 1252 δύναμιν
1192 1183 1359 1251 αὐτῆς
1412 1183 1503 1236 καὶ
1554 1184 1815 1255 ἀποστρέ-

136 1293 314 1341 φοντα
353 1273 454 1340 τὴν
484 1272 656 1340 ἀκοὴν
687 1270 838 1324 ταῦτ’
867 1274 980 1324 ἔστι
1012 1274 1078 1324 τὰ
1109 1273 1442 1341 μειρακιώδη
1481 1273 1686 1342 πάρισα
1724 1273 1813 1326 καὶ

136 1363 200 1414 τὰ
232 1363 415 1431 ψυχρὰ
447 1361 709 1413 ἀντίθετα
740 1359 830 1412 καὶ
861 1362 927 1413 τὰ
959 1363 1312 1430 παραπλήσια
1343 1361 1572 1423 τούτοις.
1619 1361 1814 1414 αὐτίκα

136 1450 197 1503 ἐν
231 1450 366 1519 αὐτῇ
407 1451 575 1520 ταύτῃ
615 1458 678 1519 τῇ
720 1449 883 1517 λέξει,
922 1448 1046 1519 περὶ
1084 1446 1149 1518 ἧς
1189 1450 1217 1503 ὁ
1258 1453 1443 1518 λόγος,
1482 1453 1544 1503 τό
1583 1470 1640 1502 τε
1678 1460 1813 1520 πριῖιο

134 1559 244 1608 γμα
291 1539 423 1591 ὅλον
470 1537 620 1591 ἐστὶν
666 1538 950 1600 ἀντίθεσις
1002 1537 1092 1590 καὶ
1139 1540 1205 1591 τὰ
1250 1540 1386 1591 κατὰ
1432 1538 1596 1608 μέρος
1642 1540 1813 1593 αὐτοῦ
1841 1559 1880 1591 15

134 1629 379 1697 νοήματα
439 1628 501 1679 ἓν
552 1628 691 1696 πρὸς
751 1627 813 1679 ἓν
866 1627 1164 1679 ἀντίκειται
1225 1626 1315 1679 καὶ
1377 1637 1488 1680 τῶν
1540 1630 1816 1696 περιόδων

135 1715 331 1784 ἑκάστη
378 1715 447 1768 δι’
488 1714 796 1768 ἀντιθέτων
841 1716 1286 1783 κατεσκεύασται,
1333 1714 1462 1768 ὥστ’
1493 1715 1816 1770 ἀποκναίειν

133 1806 263 1867 τοὺς
302 1804 604 1866 ἀκούοντας
643 1804 809 1874 ἀηδίᾳ
845 1803 936 1857 καὶ
974 1806 1135 1876 κόρῳ.
1199 1804 1228 1856 ὃ
1261 1801 1322 1856 δὲ
1362 1803 1520 1872 λέγω,
1560 1809 1815 1859 τοιοῦτόν

134 1892 263 1946 ἐστι.
337 1894 513 1961 πάσης
559 1895 808 1955 διανοίας
852 1891 942 1945 καὶ
988 1894 1254 1962 περιόδου
1299 1892 1389 1945 καὶ
1437 1895 1712 1962 λήμματος
1759 1897 1819 1947 αἴ

133 2002 190 2035 τε
230 1981 391 2051 ἀρχαὶ
438 1979 527 2034 καὶ
569 1983 624 2034 αἱ
664 1980 922 2050 ἐπιφοραὶ
962 1984 1217 2034 τοιαῦταί
1258 1983 1426 2034 εἰσιν·
1478 1985 1535 2034 οἳ
1569 1980 1671 2051 μὲν
1709 1986 1813 2053 γὰρ
1838 2003 1881 2034 20

132 2071 287 2140 ἡμεῖς
332 2070 417 2138 δέ,
464 2071 650 2136 <καί·>
697 2069 939 2122 κάκεῖνοι
986 2066 1124 2138 <μὲν
1161 2069 1315 2138 ἡμεῖς
1362 2068 1485 2138 δέ,>
1531 2074 1646 2122 καί’
1693 2074 1813 2124 τότε

134 2157 236 2228 μὲν
281 2167 389 2212 νῦν
427 2157 512 2225 δέ,
562 2161 678 2210 καί·
726 2158 860 2210 ὅσον
906 2160 963 2210 οἳ
1006 2155 1107 2226 μὲν
1152 2158 1306 2226 ἡμεῖς
1352 2157 1436 2225 δέ,
1487 2161 1604 2210 καί·
1651 2167 1812 2212 τοῦτο

133 2246 235 2317 μὲν
288 2255 450 2300 τοῦτο
505 2246 579 2299 δέ.
662 2245 814 2299 ταῦτ’
862 2246 967 2299 ἀπὸ
1021 2254 1117 2314 τῆς
1178 2245 1345 2315 ἀρχῆς
1406 2245 1507 2309 ἕως
1560 2252 1813 2315 τελευτῆς

255 2444 275 2481 1
312 2437 383 2495 ἐν]
417 2436 466 2481 ἐκ
498 2436 533 2479 Ρ
656 2441 680 2477 2
714 2434 912 2490 λήματος
945 2434 1241 2491 Sylburgius:
1274 2435 1507 2491 λήμματος
1626 2441 1653 2479 4
1689 2436 1811 2480 ἔνδει

133 2497 233 2541 siue
267 2497 388 2541 ἔοδει
418 2496 454 2539 Ρ
553 2500 578 2538 8
612 2491 682 2552 εὖ]
717 2493 767 2537 ἐν
800 2493 976 2537 MBPV
1018 2496 1024 2550 Ι
1066 2494 1201 2552 πρὸς]
1234 2495 1340 2545 τοὺς
1363 2495 1542 2538 MBPV
1635 2499 1689 2538 10
1721 2511 1811 2538 πα-

131 2555 294 2600 θαίνει
325 2570 400 2599 om
430 2554 479 2598 M
510 2569 615 2598 cum
646 2553 719 2596 lac
751 2553 814 2595 XI
845 2552 925 2596 litt
1021 2558 1071 2597 11
1107 2552 1271 2598 ἐκλύου
1302 2555 1466 2610 postea
1498 2553 1695 2598 inseruit
1726 2555 1774 2597 M
1801 2555 1806 2613 1

141 2617 299 2666 αὐτοῖς
329 2615 402 2658 Pv
445 2616 450 2670 Ι
496 2610 893 2670 ἀποστρ[έφ]οντα
924 2625 1029 2656 cum
1059 2626 1134 2656 ras
1166 2612 1214 2655 M
1351 2618 1405 2656 12
1444 2611 1572 2656 ταῦτ’
1610 2613 1809 2670 Krfiger:

131 2672 255 2719 τοῦτ’
407 2678 460 2717 15
501 2670 937 2726 ἀντίθεσις-πρὸς
976 2670 1026 2716 ἓν
1065 2685 1139 2715 om
1179 2672 1253 2715 Pv
1303 2674 1308 2729 Ι
1358 2669 1419 2716 αὖ
1458 2679 1540 2717 τοῦ
1581 2671 1812 2728 νοήματος

131 2733 262 2778 Vliet
299 2731 547 2789 (νοήματος
588 2732 626 2775 Β
666 2745 741 2774 sec
781 2730 1188 2787 Capperonerium)
1324 2736 1378 2774 17
1417 2729 1708 2775 ἀντιθέντων
1738 2731 1805 2787 ΡΙ

131 2792 502 2837 κατασκεύασται
524 2791 594 2834 Μ1
702 2795 755 2834 19
787 2788 926 2840 πάσις
948 2789 984 2832 Ρ
1089 2794 1145 2834 20
1177 2789 1223 2834 οἱ
1255 2789 1482 2835 Sadaeus:
1516 2790 1692 2841 ἐκεῖνος
1716 2790 1808 2832 ΜΒ

87 2871 90 2874 ·
134 2850 303 2896 ἐκεῖνοι
334 2850 410 2894 Pv
538 2855 590 2893 21
626 2847 706 2894 καί
744 2848 838 2891 add
870 2847 1075 2893 Sadaeus
1126 2851 1132 2905 Ι
1182 2849 1393 2894 κάκεῖνοι
1431 2850 1531 2894 καὶ·
1572 2849 1671 2893 τότε
1711 2847 1808 2904 μὲν,

134 2915 220 2953 νῦν
244 2907 296 2953 δὲ
320 2909 421 2954 καὶ·
456 2907 565 2953 ὅσον
590 2909 614 2953 ὁ
640 2906 738 2964 μὲν,
770 2907 899 2963 ἡμεῖς
922 2905 973 2951 δὲ
998 2908 1060 2964 Μ,
1084 2921 1161 2952 om
1183 2908 1325 2952 BPv:
1359 2922 1460 2951 corr
1484 2908 1690 2952 Sadaeus

134 2971 190 3010 23
223 2967 398 3018 ἐκεῖνος
427 2965 555 3011 ταῦτ’
584 2967 622 3010 Β
655 2967 735 3011 sed
770 2966 946 3017 ἐκεῖνος
975 2965 1150 3011 lineola
1181 2967 1411 3010 subducta
1445 2966 1627 3011 deletur
