2004 3202
178 120 289 173 234
603 123 943 166 ΔΙΟΝΤΣῙΟΤ
974 121 1443 164 ΑΛΙΚΑΡΝΑΣΕῼΣ
1618 147 1645 155 ,

176 254 268 308 καὶ
314 265 425 309 τῶν
463 255 646 309 αὐτῶν
685 255 934 326 ῥυθμῶν,
974 252 1141 308 οὐδὲν
1180 253 1518 319 ἐξαλλάττων
1565 253 1695 309 οὐδὲ
1733 274 1855 310 ποι-

177 347 398 413 κίλλων,
435 340 523 415 ἆρ’
563 344 663 414 οὐχ
703 345 835 398 ὅλον
866 342 935 396 ἂν
968 344 1289 414 διαφθείροι
1327 345 1388 397 τὸ
1430 344 1670 412 ἀγαθόν;
1715 346 1763 398 εἰ
1795 342 1856 398 δὲ

177 431 268 486 καὶ
313 434 514 486 τούτου
561 433 907 501 στοχάσαιτο,
961 433 1232 501 μηδεμίαν
1278 430 1339 486 δὲ
1391 435 1662 504 πρόνοιαν
1715 434 1856 501 ἔχων

179 523 434 590 φαίνοιτο
484 529 582 574 τοῦ
620 519 925 590 πρέποντος
962 527 1078 582 τοῖς
1115 519 1518 589 ὑποκειμένοις,
1574 521 1675 574 οὐκ
1729 521 1856 574 ἀνό-

54 663 57 666 Λ
132 628 156 661 5
178 629 340 678 νητος
387 610 533 681 αὐτῷ
577 617 681 671 πᾶς
719 608 748 661 6
795 606 920 678 περὶ
968 606 1148 661 ἐκεῖνα
1201 610 1351 661 ἔσται
1402 611 1591 674 πόνος;
1641 609 1766 678 ἐμοί
1799 607 1847 678 γ’

180 693 283 751 οὖν
321 699 483 750 δοκεῖ.
545 704 715 749 ταῦτα
754 697 821 764 δὴ
860 697 1195 765 καταμαθὼν
1235 696 1264 750 6
1295 696 1663 766 Λημοσθένης
1702 698 1767 751 τά
1798 717 1856 751 τε

178 785 311 855 μέλη
349 796 460 838 τῶν
498 785 783 854 ὀνομάτων
819 774 911 838 καὶ
955 786 1150 838 κώλων
1191 783 1282 838 καὶ
1319 787 1449 848 τοὺς
1486 788 1721 856 χρόνους
1759 786 1855 839 αὐ-

178 883 288 927 τῶν
334 872 785 943 ἐπιζλογιζόμενος
832 873 974 927 οὕτω
1022 877 1419 944 συναρμόττειν
1472 874 1610 927 αὐτὰ
1664 874 1804 927 ἐπει-
1832 886 1942 927 1103

179 971 326 1033 ρᾶτο,
358 961 485 1016 ὥστ’
518 962 716 1031 ἐμμελῆ
750 963 1051 1031 φαίνεσθαι
1081 961 1172 1016 καὶ
1205 964 1475 1034 εὔρυθμα,
1513 962 1854 1026 ἐξαλλάττειν

112 1071 155 1104 10
177 1071 234 1104 τε
287 1050 376 1104 καὶ
429 1054 735 1104 ποικίλλειν
790 1048 1047 1121 ἑκάτερον
1099 1050 1282 1104 αὐτῶν
1335 1050 1586 1121 ἐπειρᾶτο
1637 1052 1855 1119 μυρίοις

178 1141 327 1202 ὅσοις
377 1140 610 1208 σχήμασι
659 1137 749 1191 καὶ
799 1141 1024 1209 τρόποις
1071 1137 1162 1191 καὶ
1215 1146 1315 1192 τοῦ
1366 1137 1670 1209 πρέποντος
1721 1139 1856 1207 ὅσην

177 1226 359 1289 οὐδεὶς
396 1236 508 1280 τῶν
544 1226 670 1298 περὶ
710 1229 910 1295 λόγους
949 1229 1370 1292 σπουδαζόντων
1407 1226 1640 1281 ἐποιεῖτο
1681 1229 1854 1280 δόσιν.

175 1314 514 1385 ἐνθυμηθεὶς
553 1315 637 1385 δέ,
684 1317 864 1386 ὥσπερ
906 1318 1070 1385 ἔφην,
1118 1317 1191 1379 ὡς
1229 1317 1323 1368 διὰ
1361 1325 1472 1369 τῶν
1510 1315 1693 1368 αὐτῶν
1730 1315 1855 1368 τού-

174 1426 285 1457 των
322 1405 697 1475 θεωρημάτων
736 1405 764 1457 ὅ
799 1424 857 1456 τε
886 1403 1024 1471 ἡδὺς
1055 1406 1264 1471 γίνεται
1297 1406 1460 1472 λόγος
1489 1402 1579 1456 καὶ
1612 1403 1641 1456 6
1672 1404 1853 1467 καλός,

110 1512 151 1543 15
178 1493 394 1547 ἐσκόπει
431 1495 615 1561 πάλιν,
654 1495 712 1545 τί
745 1510 875 1545 ποτε
914 1489 984 1559 ἦν
1021 1493 1083 1545 τὸ
1124 1498 1326 1560 αἴτιον,
1374 1493 1459 1545 ὅτι
1504 1493 1570 1544 τὰ
1610 1490 1747 1543 αὐτὰ
1787 1490 1853 1543 οὐ

174 1591 285 1634 τῶν
333 1582 515 1634 αὐτῶν
567 1578 637 1649 ἦν
689 1581 957 1649 ποιητικά.
1033 1580 1250 1651 εὕρισκε
1298 1580 1365 1648 δὴ
1413 1589 1524 1632 τῶν
1569 1599 1625 1631 τε
1675 1583 1855 1647 μελῶν

177 1672 343 1732 οὔσας
390 1670 684 1739 διαφοράς,
733 1673 793 1722 αἳ
833 1677 1093 1722 ποιοῦσιν
1140 1669 1173 1721 ἃ
1219 1666 1320 1738 μὲν
1358 1667 1689 1737 ἀξιωματικὰ
1729 1669 1855 1736 φαί-

175 1764 373 1811 νεσθαι
412 1758 595 1811 αὐτῶν
634 1758 667 1811 ἃ
707 1755 768 1811 δὲ
806 1759 1081 1828 γλαφυρά,
1120 1759 1301 1827 ὥσπερ
1335 1756 1395 1809 ἐν
1426 1766 1540 1819 τοῖς
1572 1763 1854 1825 μουσικοῖς

176 1849 284 1915 ε”χει
323 1847 459 1916 πρὸς
497 1847 597 1914 τὴν
637 1847 906 1917 ἁρμονίαν
943 1847 1004 1898 τὸ
1044 1856 1260 1924 χρῷμα,
1314 1845 1418 1898 κάν
1462 1853 1578 1907 τοῖς
1617 1845 1855 1915 ῥυθμοῖς

107 1954 151 1986 20
176 1932 235 1987 δὲ
282 1936 341 1987 τὸ
392 1937 775 2004 παραπλήσιον
820 1938 1139 2004 γινόμενον,
1188 1936 1324 1987 ὥστε
1370 1935 1500 1996 τοὺς
1550 1930 1651 2002 μὲν
1697 1931 1854 1995 ἀξιω-

173 2025 431 2092 ματικοὺς
470 2023 652 2075 αὐτῶν
691 2026 992 2091 φαίνεσθαι
1030 2021 1119 2075 καὶ
1151 2027 1595 2093 μεγαλοπρεπεῖς,
1633 2023 1761 2083 τοὺς
1793 2017 1854 2074 δὲ

172 2114 482 2181 τρυφεροὺς
520 2110 609 2163 καὶ
649 2112 939 2180 μαλακούς.
1016 2114 1078 2164 ἔν
1115 2130 1173 2164 τε
1211 2119 1328 2173 ταῖς
1371 2113 1695 2179 μεταβολαῖς
1731 2105 1854 2161 τοτὲ

173 2198 273 2268 μὲν
310 2202 370 2252 τὸ
418 2197 813 2270 ἀρχαιοπρεπὲς
849 2201 854 2268 Ι
889 2198 978 2252 καὶ
1018 2200 1311 2270 αὐστηρόν,
1351 2196 1471 2252 τοτὲ
1511 2195 1572 2251 δὲ
1609 2198 1670 2250 τὸ
1710 2217 1801 2266 με-
1827 2210 1941 2251 1104
1996 2257 1997 2265 ¹

295 2394 316 2431 1
350 2391 457 2444 posi]
488 2387 680 2444 ῥυθμῶν
712 2389 762 2431 in
785 2390 821 2432 P
852 2389 966 2432 folio
1002 2389 1078 2431 73⁰
1108 2388 1362 2445 incipiente
1394 2386 1641 2444 ἀνάσχοιτο
1674 2385 1776 2443 (sic)
1796 2412 1850 2417 ——

176 2444 370 2503 ῥυθμῶν
409 2448 553 2490 uerba
591 2450 864 2503 repetuntur
902 2448 908 2506 Ι
950 2445 1168 2492 πικὶλλων
1199 2447 1236 2490 Β
1366 2451 1391 2489 2
1431 2443 1513 2501 ἂν,
1546 2445 1672 2501 quod
1709 2444 1758 2487 in
1796 2444 1851 2486 li-

174 2505 271 2548 bris
302 2508 409 2561 post
442 2504 579 2549 οὐδὲν
612 2509 834 2562 esu-post
866 2506 973 2551 ὅλον
996 2506 1154 2563 posuit
1179 2506 1385 2550 Sadaeus
1414 2507 1419 2562 Ι
1448 2501 1724 2560 διαφθείροι
1749 2502 1852 2557 Sy]-

174 2564 389 2620 burgius:
422 2563 678 2620 διαφθείρη
783 2571 808 2608 3
843 2566 1137 2623 στοχούσαιτο
1170 2565 1254 2608 ΒΡ
1368 2569 1391 2607 7
1424 2564 1547 2607 αὐτῶ
1571 2563 1607 2605 Β
1640 2561 1721 2617 qui
1752 2561 1850 2604 ἐπι-

173 2622 463 2679 λογιζόμενος
488 2621 603 2667 οῧτω
630 2623 807 2667 omittit
876 2630 901 2668 8
926 2623 1046 2668 αὐτὰ
1071 2623 1365 2680 Sylburgiusz
1392 2621 1535 2671 αὐτὰς
1603 2626 1627 2663 9
1656 2620 1788 2676 ἐμελῆ
1813 2620 1850 2662 Β

175 2683 338 2737 εὐμελῆ
372 2681 645 2738 Sylburgius
674 2684 679 2737 1
709 2682 921 2738 εὔρυθμα
954 2682 1250 2739 Sylburgius:
1285 2681 1523 2736 εὔρυθμον
1613 2683 1667 2722 10
1698 2680 1765 2736 τε]
1799 2677 1850 2722 δὲ

174 2740 355 2813 Krl'iger
446 2745 497 2783 11
533 2740 755 2797 σχήμασιν
780 2742 862 2783 ΒΡ
890 2744 895 2798 Ι
923 2742 1141 2797 τρόπονις
1163 2742 1200 2784 Β
1229 2743 1234 2799 Ι
1260 2738 1508 2796 τρέποντος
1538 2738 1574 2781 Ρ
1655 2742 1711 2780 14
1741 2740 1850 2781 θεο-

175 2815 390 2855 ρηματων
423 2799 506 2841 ΒΡ
534 2800 539 2855 l
569 2799 591 2842 6
623 2799 780 2873 καλὸς]
814 2799 837 2842 ὁ
869 2802 919 2843 λο
953 2801 1091 2851 καλὸς
1122 2801 1158 2843 Ρ
1258 2804 1312 2843 16
1351 2799 1418 2855 τε]
1450 2813 1493 2841 τι
1523 2797 1559 2840 Ρ
1654 2800 1707 2839 18
1739 2813 1850 2851 μου·

175 2865 303 2915 σικῆς
334 2858 370 2900 Β
462 2862 517 2900 20
548 2860 898 2912 παραπλησιοον
930 2859 966 2902 Ρ
1057 2864 1111 2902 22
1143 2858 1397 2914 τροφεροὺς
1427 2857 1462 2899 Ρ
1554 2860 1608 2897 23
1639 2854 1690 2898 τὸ
1724 2868 1798 2898 0111
1821 2870 1852 2898 v

180 2919 185 2976 Ι
211 2915 311 2962 τοτὲ
343 2913 394 2960 δὲ
427 2916 477 2960 τὸ
511 2916 722 2974 μελιχρὸν
753 2917 948 2961 Usener:
980 2918 1031 2961 τό
1063 2933 1110 2960 τε
1141 2916 1388 2973 λεγόμενον
1421 2914 1592 2972 ἐχθρὸν
