<?xml version="1.0" encoding="UTF-8"?>
<!DOCTYPE html PUBLIC "-//W3C//DTD XHTML 1.0 Transitional//EN"
    "http://www.w3.org/TR/xhtml1/DTD/xhtml1-transitional.dtd">
<html xmlns="http://www.w3.org/1999/xhtml" xml:lang="en" lang="en">
 <head>
  <title>
</title>
<meta http-equiv="Content-Type" content="text/html;charset=utf-8" />
  <meta name='ocr-system' content='tesseract 3.04.00' />
  <meta name='ocr-capabilities' content='ocr_page ocr_carea ocr_par ocr_line ocrx_word'/>
</head>
<body>
  <div class='ocr_page' id='page_1' title='image "./quaeexstant05dionuoft_0223.png"; bbox 0 0 2004 3202; ppageno 0'>
   <div class='ocr_carea' id='block_1_1' title="bbox 772 153 1821 205">
    <p class='ocr_par' dir='ltr' id='par_1_1' title="bbox 772 153 1821 205">
     <span class='ocr_line' id='line_1_1' title="bbox 772 153 1821 205; baseline 0.009 -9"><span class='ocrx_word' id='word_1_1' title='bbox 772 153 1195 197; x_wconf 78' lang='grc' dir='ltr'>ΔΗΜΟΣΘΕΝΗΣ</span> <span class='ocrx_word' id='word_1_2' title='bbox 1717 153 1821 205; x_wconf 82' lang='grc'><strong>173</strong></span> 
     </span>
    </p>
   </div>
   <div class='ocr_carea' id='block_1_2' title="bbox 143 285 1827 1068">
    <p class='ocr_par' dir='ltr' id='par_1_2' title="bbox 143 285 1827 1068">
     <span class='ocr_line' id='line_1_2' title="bbox 143 285 1823 359; baseline -0.003 -15"><span class='ocrx_word' id='word_1_3' title='bbox 143 291 385 359; x_wconf 86' lang='grc' dir='ltr'><em>ὑπήκουε</em></span> <span class='ocrx_word' id='word_1_4' title='bbox 432 285 493 358; x_wconf 69' lang='grc' dir='ltr'><em>δὲ</em></span> <span class='ocrx_word' id='word_1_5' title='bbox 539 288 569 342; x_wconf 85' lang='grc' dir='ltr'>ὁ</span> <span class='ocrx_word' id='word_1_6' title='bbox 616 289 821 356; x_wconf 90' lang='grc' dir='ltr'><em>ταύτην</em></span> <span class='ocrx_word' id='word_1_7' title='bbox 866 289 967 357; x_wconf 87' lang='grc' dir='ltr'><em>τὴν</em></span> <span class='ocrx_word' id='word_1_8' title='bbox 1016 289 1200 358; x_wconf 85' lang='grc' dir='ltr'><em>χώραν</em></span> <span class='ocrx_word' id='word_1_9' title='bbox 1246 289 1387 356; x_wconf 85' lang='grc' dir='ltr'><em>ἔχων</em></span> <span class='ocrx_word' id='word_1_10' title='bbox 1432 286 1619 349; x_wconf 88' lang='grc' dir='ltr'><em>αὐτοῖς</em></span> <span class='ocrx_word' id='word_1_11' title='bbox 1669 290 1823 355; x_wconf 89' lang='grc' dir='ltr'><em>βασι-</em></span> 
     </span>
     <span class='ocr_line' id='line_1_3' title="bbox 145 374 1822 447; baseline -0.002 -14"><span class='ocrx_word' id='word_1_12' title='bbox 145 380 295 447; x_wconf 87' lang='grc' dir='ltr'><em>λεύς,</em></span> <span class='ocrx_word' id='word_1_13' title='bbox 342 379 523 447; x_wconf 81' lang='grc' dir='ltr'><em>ὥσπερ</em></span> <span class='ocrx_word' id='word_1_14' title='bbox 564 375 997 446; x_wconf 82' lang='grc' dir='ltr'><em>ἐστὶπροσῆκον</em></span> <span class='ocrx_word' id='word_1_15' title='bbox 1035 377 1318 447; x_wconf 88' lang='grc' dir='ltr'><em>βάρβαρον</em></span> <span class='ocrx_word' id='word_1_16' title='bbox 1349 374 1601 443; x_wconf 79' lang='grc' dir='ltr'><em>”Έλλησι·</em></span> <span class='ocrx_word' id='word_1_17' title='bbox 1647 379 1822 429; x_wconf 82' lang='grc' dir='ltr'><em>πολλὰ</em></span> 
     </span>
     <span class='ocr_line' id='line_1_4' title="bbox 146 464 1822 535; baseline -0.003 -14"><span class='ocrx_word' id='word_1_18' title='bbox 146 465 207 521; x_wconf 74' lang='grc' dir='ltr'><em>δὲ</em></span> <span class='ocrx_word' id='word_1_19' title='bbox 244 466 335 520; x_wconf 89' lang='grc' dir='ltr'><em>καὶ</em></span> <span class='ocrx_word' id='word_1_20' title='bbox 372 467 511 519; x_wconf 79' lang='grc' dir='ltr'><em>καλὰ</em></span> <span class='ocrx_word' id='word_1_21' title='bbox 549 464 640 518; x_wconf 86' lang='grc' dir='ltr'><em>καὶ</em></span> <span class='ocrx_word' id='word_1_22' title='bbox 677 469 806 535; x_wconf 74' lang='grc' dir='ltr'><em>πεζῇ</em></span> <span class='ocrx_word' id='word_1_23' title='bbox 845 464 945 529; x_wconf 81' lang='grc' dir='ltr'><em>καὶ,</em></span> <span class='ocrx_word' id='word_1_24' title='bbox 983 472 1392 535; x_wconf 80' lang='grc' dir='ltr'><strong><em>ναυμαχοῦντες</em></strong></span> <span class='ocrx_word' id='word_1_25' title='bbox 1430 466 1664 532; x_wconf 81' lang='grc' dir='ltr'><em>ἔστησαν</em></span> <span class='ocrx_word' id='word_1_26' title='bbox 1701 466 1822 533; x_wconf 89' lang='grc' dir='ltr'><em>τρό-</em></span> 
     </span>
     <span class='ocr_line' id='line_1_5' title="bbox 144 551 1822 624; baseline -0.003 -15"><span class='ocrx_word' id='word_1_27' title='bbox 144 575 278 609; x_wconf 91' lang='grc' dir='ltr'><em>παια</em></span> <span class='ocrx_word' id='word_1_28' title='bbox 310 553 466 608; x_wconf 83' lang='grc' dir='ltr'><em>αὐτοὶ</em></span> <span class='ocrx_word' id='word_1_29' title='bbox 498 556 946 624; x_wconf 79' lang='grc' dir='ltr'><em>στρατευόμενοι·</em></span> <span class='ocrx_word' id='word_1_30' title='bbox 984 556 1146 623; x_wconf 86' lang='grc' dir='ltr'><em>μόνοι</em></span> <span class='ocrx_word' id='word_1_31' title='bbox 1178 551 1226 606; x_wconf 85' lang='grc' dir='ltr'><em>δ’</em></span> <span class='ocrx_word' id='word_1_32' title='bbox 1251 553 1568 622; x_wconf 71' lang='grc' dir='ltr'><em>ἀνθρώπων</em></span> <span class='ocrx_word' id='word_1_33' title='bbox 1598 555 1822 622; x_wconf 80' lang='grc' dir='ltr'><strong><em>κρείττω</em></strong></span> 
     </span>
     <span class='ocr_line' id='line_1_6' title="bbox 144 639 1822 713; baseline -0.003 -16"><span class='ocrx_word' id='word_1_34' title='bbox 144 646 246 713; x_wconf 88' lang='grc' dir='ltr'><em>τὴν</em></span> <span class='ocrx_word' id='word_1_35' title='bbox 277 642 364 697; x_wconf 83' lang='grc' dir='ltr'><em>ἐπὶ</em></span> <span class='ocrx_word' id='word_1_36' title='bbox 402 651 518 705; x_wconf 92' lang='grc' dir='ltr'><em>τοῖς</em></span> <span class='ocrx_word' id='word_1_37' title='bbox 557 645 740 713; x_wconf 79' lang='grc' dir='ltr'><em>ἔργοις</em></span> <span class='ocrx_word' id='word_1_38' title='bbox 771 642 940 707; x_wconf 81' lang='grc' dir='ltr'><em>δόξαν</em></span> <span class='ocrx_word' id='word_1_39' title='bbox 970 652 1080 695; x_wconf 90' lang='grc' dir='ltr'><em>τῶν</em></span> <span class='ocrx_word' id='word_1_40' title='bbox 1111 642 1486 711; x_wconf 82' lang='grc' dir='ltr'><em>φθονούντων</em></span> <span class='ocrx_word' id='word_1_41' title='bbox 1515 639 1822 693; x_wconf 79' lang='grc' dir='ltr'><em>κατέλιπον.</em></span> 
     </span>
     <span class='ocr_line' id='line_1_7' title="bbox 146 726 1825 802; baseline -0.003 -16"><span class='ocrx_word' id='word_1_42' title='bbox 146 732 233 786; x_wconf 85' lang='grc' dir='ltr'><em>ἐπὶ</em></span> <span class='ocrx_word' id='word_1_43' title='bbox 273 730 374 802; x_wconf 76' lang='grc' dir='ltr'><em>μὲν</em></span> <span class='ocrx_word' id='word_1_44' title='bbox 412 733 479 800; x_wconf 88' lang='grc' dir='ltr'><em>δὴ</em></span> <span class='ocrx_word' id='word_1_45' title='bbox 519 741 630 784; x_wconf 87' lang='grc' dir='ltr'><em>τῶν</em></span> <span class='ocrx_word' id='word_1_46' title='bbox 661 730 999 800; x_wconf 79' lang='grc' dir='ltr'><em>Ἑλληνικῶν</em></span> <span class='ocrx_word' id='word_1_47' title='bbox 1036 727 1177 799; x_wconf 78' lang='grc' dir='ltr'><em>ἦσαν</em></span> <span class='ocrx_word' id='word_1_48' title='bbox 1214 738 1474 798; x_wconf 87' lang='grc' dir='ltr'><em>τοιοῦτοι,</em></span> <span class='ocrx_word' id='word_1_49' title='bbox 1515 729 1575 782; x_wconf 85' lang='grc' dir='ltr'><em>ἐν</em></span> <span class='ocrx_word' id='word_1_50' title='bbox 1611 726 1671 782; x_wconf 75' lang='grc' dir='ltr'><em>δὲ</em></span> <span class='ocrx_word' id='word_1_51' title='bbox 1709 738 1825 791; x_wconf 89' lang='grc' dir='ltr'><em>τοῖς</em></span> 
     </span>
     <span class='ocr_line' id='line_1_8' title="bbox 143 818 1826 889; baseline -0.002 -15"><span class='ocrx_word' id='word_1_52' title='bbox 143 823 278 874; x_wconf 80' lang='grc' dir='ltr'><em>κατὰ</em></span> <span class='ocrx_word' id='word_1_53' title='bbox 325 822 425 889; x_wconf 84' lang='grc' dir='ltr'><em>τὴν</em></span> <span class='ocrx_word' id='word_1_54' title='bbox 469 822 635 874; x_wconf 92' lang='grc' dir='ltr'><em>πόλιν</em></span> <span class='ocrx_word' id='word_1_55' title='bbox 673 819 847 888; x_wconf 87' lang='grc' dir='ltr'><em>αὐτὴν</em></span> <span class='ocrx_word' id='word_1_56' title='bbox 883 821 1167 873; x_wconf 80' lang='grc' dir='ltr'><em>θεάσασθε</em></span> <span class='ocrx_word' id='word_1_57' title='bbox 1214 819 1396 873; x_wconf 88' lang='grc' dir='ltr'><em>ὁποῖοι</em></span> <span class='ocrx_word' id='word_1_58' title='bbox 1443 821 1504 872; x_wconf 79' lang='grc' dir='ltr'><em>ἕν</em></span> <span class='ocrx_word' id='word_1_59' title='bbox 1542 818 1671 886; x_wconf 90' lang='grc' dir='ltr'><em>&lt;τε&gt;</em></span> <span class='ocrx_word' id='word_1_60' title='bbox 1710 826 1826 880; x_wconf 86' lang='grc' dir='ltr'><em>τοῖς</em></span> 
     </span>
     <span class='ocr_line' id='line_1_9' title="bbox 144 905 1826 977; baseline -0.002 -14"><span class='ocrx_word' id='word_1_61' title='bbox 144 918 354 972; x_wconf 81' lang='grc' dir='ltr'><em>κοινοῖς</em></span> <span class='ocrx_word' id='word_1_62' title='bbox 398 908 489 962; x_wconf 88' lang='grc' dir='ltr'><em>καὶ</em></span> <span class='ocrx_word' id='word_1_63' title='bbox 530 908 590 962; x_wconf 84' lang='grc' dir='ltr'><em>ἐν</em></span> <span class='ocrx_word' id='word_1_64' title='bbox 627 917 742 971; x_wconf 91' lang='grc' dir='ltr'><em>τοῖς</em></span> <span class='ocrx_word' id='word_1_65' title='bbox 783 910 958 971; x_wconf 85' lang='grc' dir='ltr'><em>ἰδίοις.</em></span> <span class='ocrx_word' id='word_1_66' title='bbox 1027 910 1263 977; x_wconf 88' lang='grc' dir='ltr'><em>δημόσια</em></span> <span class='ocrx_word' id='word_1_67' title='bbox 1310 905 1411 977; x_wconf 76' lang='grc' dir='ltr'><em>μὲν</em></span> <span class='ocrx_word' id='word_1_68' title='bbox 1449 910 1643 961; x_wconf 86' lang='grc' dir='ltr'><em>τοίνυν</em></span> <span class='ocrx_word' id='word_1_69' title='bbox 1682 908 1826 961; x_wconf 86' lang='grc' dir='ltr'><em>οἰκο-</em></span> 
     </span>
     <span class='ocr_line' id='line_1_10' title="bbox 146 995 1827 1068; baseline -0.001 -17"><span class='ocrx_word' id='word_1_70' title='bbox 146 1000 431 1068; x_wconf 84' lang='grc' dir='ltr'><em>δομήματα</em></span> <span class='ocrx_word' id='word_1_71' title='bbox 461 996 551 1050; x_wconf 88' lang='grc' dir='ltr'><em>καὶ</em></span> <span class='ocrx_word' id='word_1_72' title='bbox 582 998 752 1066; x_wconf 81' lang='grc' dir='ltr'><em>κάλλη</em></span> <span class='ocrx_word' id='word_1_73' title='bbox 781 1005 1019 1050; x_wconf 88' lang='grc' dir='ltr'><em>τοσαῦτα</em></span> <span class='ocrx_word' id='word_1_74' title='bbox 1050 995 1140 1049; x_wconf 86' lang='grc' dir='ltr'><em>καὶ</em></span> <span class='ocrx_word' id='word_1_75' title='bbox 1167 1004 1394 1050; x_wconf 83' lang='grc' dir='ltr'><em>τοιαῦτα</em></span> <span class='ocrx_word' id='word_1_76' title='bbox 1424 997 1827 1050; x_wconf 81' lang='grc' dir='ltr'><em>κατεσκεύασαν</em></span> 
     </span>
    </p>
   </div>
   <div class='ocr_carea' id='block_1_3' title="bbox 60 1085 1826 1157">
    <p class='ocr_par' dir='ltr' id='par_1_3' title="bbox 60 1085 1826 1157">
     <span class='ocr_line' id='line_1_11' title="bbox 60 1085 1826 1157; baseline 0 -18"><span class='ocrx_word' id='word_1_77' title='bbox 60 1101 174 1140; x_wconf 88' lang='grc'><strong>1017</strong></span> <span class='ocrx_word' id='word_1_78' title='bbox 198 1087 331 1156; x_wconf 82' lang='grc' dir='ltr'><em>ἡμῖν</em></span> <span class='ocrx_word' id='word_1_79' title='bbox 371 1087 534 1157; x_wconf 85' lang='grc' dir='ltr'><em>ἱερῶν</em></span> <span class='ocrx_word' id='word_1_80' title='bbox 571 1085 661 1139; x_wconf 86' lang='grc' dir='ltr'><em>καὶ</em></span> <span class='ocrx_word' id='word_1_81' title='bbox 700 1095 812 1139; x_wconf 89' lang='grc' dir='ltr'><em>τῶν</em></span> <span class='ocrx_word' id='word_1_82' title='bbox 850 1085 911 1139; x_wconf 83' lang='grc' dir='ltr'><em>ἐν</em></span> <span class='ocrx_word' id='word_1_83' title='bbox 953 1086 958 1154; x_wconf 93' lang='grc' dir='ltr'>Ι</span> <span class='ocrx_word' id='word_1_84' title='bbox 1000 1086 1217 1148; x_wconf 81' lang='grc' dir='ltr'><em>τούτοις</em></span> <span class='ocrx_word' id='word_1_85' title='bbox 1255 1085 1644 1154; x_wconf 79' lang='grc' dir='ltr'><em>ἀναθημάτων,</em></span> <span class='ocrx_word' id='word_1_86' title='bbox 1689 1088 1826 1139; x_wconf 79' lang='grc' dir='ltr'><em>ὥστε</em></span> 
     </span>
    </p>
   </div>
   <div class='ocr_carea' id='block_1_4' title="bbox 139 1173 1832 2396">
    <p class='ocr_par' dir='ltr' id='par_1_4' title="bbox 139 1173 1832 2396">
     <span class='ocr_line' id='line_1_12' title="bbox 146 1173 1827 1246; baseline -0.001 -18"><span class='ocrx_word' id='word_1_87' title='bbox 146 1174 341 1245; x_wconf 88' lang='grc' dir='ltr'><em>μηδενὶ</em></span> <span class='ocrx_word' id='word_1_88' title='bbox 380 1185 492 1228; x_wconf 90' lang='grc' dir='ltr'><em>τῶν</em></span> <span class='ocrx_word' id='word_1_89' title='bbox 523 1173 959 1244; x_wconf 79' lang='grc' dir='ltr'><em>ἐπιγιγνομένων</em></span> <span class='ocrx_word' id='word_1_90' title='bbox 988 1175 1303 1245; x_wconf 85' lang='grc' dir='ltr'><em>ὑπερβολὴν</em></span> <span class='ocrx_word' id='word_1_91' title='bbox 1334 1179 1649 1243; x_wconf 80' lang='grc' dir='ltr'><em>λειφθῆναι.</em></span> <span class='ocrx_word' id='word_1_92' title='bbox 1714 1176 1827 1246; x_wconf 79' lang='grc' dir='ltr'><em>ἰδίᾳ</em></span> 
     </span>
     <span class='ocr_line' id='line_1_13' title="bbox 148 1260 1827 1334; baseline -0.001 -17"><span class='ocrx_word' id='word_1_93' title='bbox 148 1262 209 1317; x_wconf 76' lang='grc' dir='ltr'><em>δὲ</em></span> <span class='ocrx_word' id='word_1_94' title='bbox 248 1263 390 1317; x_wconf 76' lang='grc' dir='ltr'><em>οὕτω</em></span> <span class='ocrx_word' id='word_1_95' title='bbox 433 1264 716 1334; x_wconf 84' lang='grc' dir='ltr'><em>σώφρονες</em></span> <span class='ocrx_word' id='word_1_96' title='bbox 754 1260 895 1332; x_wconf 76' lang='grc' dir='ltr'><em>ἦσαν</em></span> <span class='ocrx_word' id='word_1_97' title='bbox 933 1262 1023 1316; x_wconf 85' lang='grc' dir='ltr'><em>καὶ</em></span> <span class='ocrx_word' id='word_1_98' title='bbox 1065 1264 1282 1333; x_wconf 86' lang='grc' dir='ltr'><em>σφόδρα</em></span> <span class='ocrx_word' id='word_1_99' title='bbox 1322 1262 1382 1316; x_wconf 84' lang='grc' dir='ltr'><em>ἐν</em></span> <span class='ocrx_word' id='word_1_100' title='bbox 1419 1270 1495 1334; x_wconf 79' lang='grc' dir='ltr'><em>τῷ</em></span> <span class='ocrx_word' id='word_1_101' title='bbox 1533 1270 1628 1331; x_wconf 82' lang='grc' dir='ltr'><em>τῆς</em></span> <span class='ocrx_word' id='word_1_102' title='bbox 1673 1268 1827 1316; x_wconf 88' lang='grc' dir='ltr'><em>πολι-</em></span> 
     </span>
     <span class='ocr_line' id='line_1_14' title="bbox 147 1350 1828 1421; baseline 0 -16"><span class='ocrx_word' id='word_1_103' title='bbox 147 1355 292 1415; x_wconf 82' lang='grc' dir='ltr'><em>τείας</em></span> <span class='ocrx_word' id='word_1_104' title='bbox 323 1354 450 1420; x_wconf 77' lang='grc' dir='ltr'><em>ἥθει</em></span> <span class='ocrx_word' id='word_1_105' title='bbox 482 1351 756 1421; x_wconf 86' lang='grc' dir='ltr'><em>μένοντες,</em></span> <span class='ocrx_word' id='word_1_106' title='bbox 795 1353 932 1405; x_wconf 82' lang='grc' dir='ltr'><em>ὥστε</em></span> <span class='ocrx_word' id='word_1_107' title='bbox 963 1352 1065 1420; x_wconf 86' lang='grc' dir='ltr'><em>τὴν</em></span> <span class='ocrx_word' id='word_1_108' title='bbox 1094 1351 1435 1421; x_wconf 77' lang='grc' dir='ltr'><em>Ἀριστείδου</em></span> <span class='ocrx_word' id='word_1_109' title='bbox 1469 1350 1560 1404; x_wconf 88' lang='grc' dir='ltr'><em>καὶ</em></span> <span class='ocrx_word' id='word_1_110' title='bbox 1592 1354 1828 1406; x_wconf 89' lang='grc' dir='ltr'><em>Μιλτιά-</em></span> 
     </span>
     <span class='ocr_line' id='line_1_15' title="bbox 148 1437 1829 1510; baseline 0 -16"><span class='ocrx_word' id='word_1_111' title='bbox 148 1443 252 1495; x_wconf 93' lang='grc' dir='ltr'><em>δου</em></span> <span class='ocrx_word' id='word_1_112' title='bbox 305 1439 396 1493; x_wconf 85' lang='grc' dir='ltr'><em>καὶ</em></span> <span class='ocrx_word' id='word_1_113' title='bbox 449 1450 561 1493; x_wconf 91' lang='grc' dir='ltr'><em>τῶν</em></span> <span class='ocrx_word' id='word_1_114' title='bbox 607 1442 727 1493; x_wconf 92' lang='grc' dir='ltr'><em>τότε</em></span> <span class='ocrx_word' id='word_1_115' title='bbox 782 1445 1047 1510; x_wconf 84' lang='grc' dir='ltr'><em>λαμπρῶν</em></span> <span class='ocrx_word' id='word_1_116' title='bbox 1094 1442 1275 1493; x_wconf 88' lang='grc' dir='ltr'><em>οἰκίαν</em></span> <span class='ocrx_word' id='word_1_117' title='bbox 1322 1445 1375 1493; x_wconf 78' lang='grc' dir='ltr'><em>εἴ</em></span> <span class='ocrx_word' id='word_1_118' title='bbox 1422 1460 1504 1502; x_wconf 92' lang='grc' dir='ltr'><em>τις</em></span> <span class='ocrx_word' id='word_1_119' title='bbox 1551 1439 1635 1510; x_wconf 80' lang='grc' dir='ltr'><em>ἄρ’</em></span> <span class='ocrx_word' id='word_1_120' title='bbox 1676 1437 1829 1494; x_wconf 82' lang='grc' dir='ltr'><em>οἶδεν</em></span> 
     </span>
     <span class='ocr_line' id='line_1_16' title="bbox 146 1527 1830 1600; baseline 0 -17"><span class='ocrx_word' id='word_1_121' title='bbox 146 1530 303 1599; x_wconf 83' lang='grc' dir='ltr'><em>ὑμῶν</em></span> <span class='ocrx_word' id='word_1_122' title='bbox 349 1529 513 1582; x_wconf 87' lang='grc' dir='ltr'><em>ὁποία</em></span> <span class='ocrx_word' id='word_1_123' title='bbox 558 1528 679 1583; x_wconf 87' lang='grc' dir='ltr'><em>ποτ’</em></span> <span class='ocrx_word' id='word_1_124' title='bbox 724 1528 889 1596; x_wconf 81' lang='grc' dir='ltr'><em>ἐστίν,</em></span> <span class='ocrx_word' id='word_1_125' title='bbox 937 1529 1042 1600; x_wconf 77' lang='grc' dir='ltr'><em>ὁρᾷ</em></span> <span class='ocrx_word' id='word_1_126' title='bbox 1085 1536 1180 1597; x_wconf 82' lang='grc' dir='ltr'><em>τῆς</em></span> <span class='ocrx_word' id='word_1_127' title='bbox 1225 1537 1324 1582; x_wconf 84' lang='grc' dir='ltr'><em>τοῦ</em></span> <span class='ocrx_word' id='word_1_128' title='bbox 1370 1532 1617 1596; x_wconf 81' lang='grc' dir='ltr'><em>γείτονος</em></span> <span class='ocrx_word' id='word_1_129' title='bbox 1663 1527 1830 1583; x_wconf 76' lang='grc' dir='ltr'><em>οὐδὲν</em></span> 
     </span>
     <span class='ocr_line' id='line_1_17' title="bbox 139 1614 1830 1688; baseline 0 -16"><span class='ocrx_word' id='word_1_130' title='bbox 139 1617 484 1688; x_wconf 82' lang='grc' dir='ltr'><em>σεμνοτέραν</em></span> <span class='ocrx_word' id='word_1_131' title='bbox 545 1614 731 1671; x_wconf 76' lang='grc' dir='ltr'><em>οὖσαν.</em></span> <span class='ocrx_word' id='word_1_132' title='bbox 816 1617 884 1670; x_wconf 86' lang='grc' dir='ltr'><em>οὐ</em></span> <span class='ocrx_word' id='word_1_133' title='bbox 945 1619 1050 1687; x_wconf 80' lang='grc' dir='ltr'><em>γὰρ</em></span> <span class='ocrx_word' id='word_1_134' title='bbox 1114 1619 1190 1680; x_wconf 86' lang='grc' dir='ltr'><em>εἰς</em></span> <span class='ocrx_word' id='word_1_135' title='bbox 1255 1620 1581 1688; x_wconf 90' lang='grc' dir='ltr'><em>περιουσίαν</em></span> <span class='ocrx_word' id='word_1_136' title='bbox 1643 1618 1830 1682; x_wconf 90' lang='grc' dir='ltr'><em>αὐτοῖς</em></span> 
     </span>
     <span class='ocr_line' id='line_1_18' title="bbox 151 1706 1830 1777; baseline 0.001 -17"><span class='ocrx_word' id='word_1_137' title='bbox 151 1707 440 1777; x_wconf 85' lang='grc' dir='ltr'><em>ἐπράττετο</em></span> <span class='ocrx_word' id='word_1_138' title='bbox 495 1708 561 1760; x_wconf 78' lang='grc' dir='ltr'><em>τὰ</em></span> <span class='ocrx_word' id='word_1_139' title='bbox 613 1714 709 1775; x_wconf 80' lang='grc' dir='ltr'><em>τῆς</em></span> <span class='ocrx_word' id='word_1_140' title='bbox 760 1709 995 1775; x_wconf 87' lang='grc' dir='ltr'><em>πόλεως,</em></span> <span class='ocrx_word' id='word_1_141' title='bbox 1054 1706 1192 1760; x_wconf 82' lang='grc' dir='ltr'><em>ἀλλὰ</em></span> <span class='ocrx_word' id='word_1_142' title='bbox 1246 1707 1306 1759; x_wconf 91' lang='grc' dir='ltr'><em>τὸ</em></span> <span class='ocrx_word' id='word_1_143' title='bbox 1360 1708 1553 1760; x_wconf 90' lang='grc' dir='ltr'><em>κοινὸν</em></span> <span class='ocrx_word' id='word_1_144' title='bbox 1606 1706 1830 1771; x_wconf 80' lang='grc' dir='ltr'><em>ἕκαστος</em></span> 
     </span>
     <span class='ocr_line' id='line_1_19' title="bbox 151 1792 1829 1867; baseline 0.001 -18"><span class='ocrx_word' id='word_1_145' title='bbox 151 1795 338 1860; x_wconf 79' lang='grc' dir='ltr'><em>αὔξειν</em></span> <span class='ocrx_word' id='word_1_146' title='bbox 370 1795 502 1867; x_wconf 75' lang='grc' dir='ltr'><em>ᾤετο</em></span> <span class='ocrx_word' id='word_1_147' title='bbox 535 1797 668 1849; x_wconf 91' lang='grc' dir='ltr'><em>δεῖν.</em></span> <span class='ocrx_word' id='word_1_148' title='bbox 731 1795 790 1848; x_wconf 81' lang='grc' dir='ltr'><em>ἐκ</em></span> <span class='ocrx_word' id='word_1_149' title='bbox 822 1793 882 1848; x_wconf 78' lang='grc' dir='ltr'><em>δὲ</em></span> <span class='ocrx_word' id='word_1_150' title='bbox 913 1803 1013 1848; x_wconf 88' lang='grc' dir='ltr'><em>τοῦ</em></span> <span class='ocrx_word' id='word_1_151' title='bbox 1044 1796 1110 1848; x_wconf 78' lang='grc' dir='ltr'><em>τὰ</em></span> <span class='ocrx_word' id='word_1_152' title='bbox 1149 1792 1250 1864; x_wconf 76' lang='grc' dir='ltr'><em>μὲν</em></span> <span class='ocrx_word' id='word_1_153' title='bbox 1280 1795 1572 1864; x_wconf 77' lang='grc' dir='ltr'><em>Ἑλληνικὰ</em></span> <span class='ocrx_word' id='word_1_154' title='bbox 1608 1807 1829 1864; x_wconf 78' lang='grc' dir='ltr'><em>πιστῶς,</em></span> 
     </span>
     <span class='ocr_line' id='line_1_20' title="bbox 151 1880 1831 1953; baseline 0.002 -17"><span class='ocrx_word' id='word_1_155' title='bbox 151 1885 216 1937; x_wconf 84' lang='grc' dir='ltr'><em>τὰ</em></span> <span class='ocrx_word' id='word_1_156' title='bbox 257 1880 317 1936; x_wconf 78' lang='grc' dir='ltr'><em>δὲ</em></span> <span class='ocrx_word' id='word_1_157' title='bbox 354 1884 492 1953; x_wconf 88' lang='grc' dir='ltr'><em>πρὸς</em></span> <span class='ocrx_word' id='word_1_158' title='bbox 531 1885 660 1946; x_wconf 88' lang='grc' dir='ltr'><em>τοὺς</em></span> <span class='ocrx_word' id='word_1_159' title='bbox 696 1886 868 1946; x_wconf 88' lang='grc' dir='ltr'><em>θεοὺς</em></span> <span class='ocrx_word' id='word_1_160' title='bbox 905 1883 1159 1952; x_wconf 75' lang='grc' dir='ltr'><em>εὐσεβῶς,</em></span> <span class='ocrx_word' id='word_1_161' title='bbox 1199 1885 1265 1937; x_wconf 78' lang='grc' dir='ltr'><em>τὰ</em></span> <span class='ocrx_word' id='word_1_162' title='bbox 1305 1882 1353 1936; x_wconf 84' lang='grc' dir='ltr'><em>δ’</em></span> <span class='ocrx_word' id='word_1_163' title='bbox 1382 1884 1443 1937; x_wconf 84' lang='grc' dir='ltr'><em>ἐν</em></span> <span class='ocrx_word' id='word_1_164' title='bbox 1474 1885 1661 1948; x_wconf 85' lang='grc' dir='ltr'><em>αὑτοῖς</em></span> <span class='ocrx_word' id='word_1_165' title='bbox 1701 1891 1831 1949; x_wconf 80' lang='grc' dir='ltr'><em>ἴσως</em></span> 
     </span>
     <span class='ocr_line' id='line_1_21' title="bbox 153 1971 1831 2042; baseline 0.002 -17"><span class='ocrx_word' id='word_1_166' title='bbox 153 1975 386 2025; x_wconf 79' lang='grc' dir='ltr'><em>διοικεῖν</em></span> <span class='ocrx_word' id='word_1_167' title='bbox 417 1972 657 2041; x_wconf 87' lang='grc' dir='ltr'><em>μεγάλην</em></span> <span class='ocrx_word' id='word_1_168' title='bbox 692 1973 912 2035; x_wconf 84' lang='grc' dir='ltr'><em>εἰκότως</em></span> <span class='ocrx_word' id='word_1_169' title='bbox 951 1971 1235 2041; x_wconf 80' lang='grc' dir='ltr'><em>ἐκέκτηντο</em></span> <span class='ocrx_word' id='word_1_170' title='bbox 1276 1972 1648 2042; x_wconf 87' lang='grc' dir='ltr'><em>εὐδαιμονίαν.</em></span> <span class='ocrx_word' id='word_1_171' title='bbox 1709 1977 1831 2028; x_wconf 91' lang='grc' dir='ltr'><em>τότε</em></span> 
     </span>
     <span class='ocr_line' id='line_1_22' title="bbox 153 2056 1832 2131; baseline 0.001 -17"><span class='ocrx_word' id='word_1_172' title='bbox 153 2058 254 2131; x_wconf 73' lang='grc' dir='ltr'><em>μὲν</em></span> <span class='ocrx_word' id='word_1_173' title='bbox 292 2061 360 2128; x_wconf 86' lang='grc' dir='ltr'><em>δὴ</em></span> <span class='ocrx_word' id='word_1_174' title='bbox 399 2067 598 2113; x_wconf 88' lang='grc' dir='ltr'><em>τοῦτον</em></span> <span class='ocrx_word' id='word_1_175' title='bbox 635 2061 734 2113; x_wconf 92' lang='grc' dir='ltr'><em>τὸν</em></span> <span class='ocrx_word' id='word_1_176' title='bbox 770 2062 978 2130; x_wconf 88' lang='grc' dir='ltr'><em>τρόπον</em></span> <span class='ocrx_word' id='word_1_177' title='bbox 1015 2056 1125 2129; x_wconf 83' lang='grc' dir='ltr'><em>εἶχε</em></span> <span class='ocrx_word' id='word_1_178' title='bbox 1162 2062 1228 2113; x_wconf 80' lang='grc' dir='ltr'><em>τὰ</em></span> <span class='ocrx_word' id='word_1_179' title='bbox 1273 2062 1563 2131; x_wconf 89' lang='grc' dir='ltr'><em>πράγματα</em></span> <span class='ocrx_word' id='word_1_180' title='bbox 1603 2062 1832 2126; x_wconf 83' lang='grc' dir='ltr'><em>ἐκείνοις</em></span> 
     </span>
     <span class='ocr_line' id='line_1_23' title="bbox 152 2141 1832 2220; baseline 0.001 -18"><span class='ocrx_word' id='word_1_181' title='bbox 152 2148 478 2219; x_wconf 85' lang='grc' dir='ltr'><em>χρωμένοις,</em></span> <span class='ocrx_word' id='word_1_182' title='bbox 518 2141 601 2211; x_wconf 83' lang='grc' dir='ltr'><em>οἷς</em></span> <span class='ocrx_word' id='word_1_183' title='bbox 640 2144 814 2217; x_wconf 85' lang='grc' dir='ltr'><em>εἷπον,</em></span> <span class='ocrx_word' id='word_1_184' title='bbox 860 2149 1204 2219; x_wconf 89' lang='grc' dir='ltr'><em>προστάταις.</em></span> <span class='ocrx_word' id='word_1_185' title='bbox 1281 2148 1409 2202; x_wconf 85' lang='grc' dir='ltr'><em>νυνὶ</em></span> <span class='ocrx_word' id='word_1_186' title='bbox 1450 2147 1511 2202; x_wconf 77' lang='grc' dir='ltr'><em>δὲ</em></span> <span class='ocrx_word' id='word_1_187' title='bbox 1547 2160 1662 2213; x_wconf 88' lang='grc' dir='ltr'><em>πῶς</em></span> <span class='ocrx_word' id='word_1_188' title='bbox 1699 2151 1832 2220; x_wconf 81' lang='grc' dir='ltr'><em>ἡμῖν</em></span> 
     </span>
     <span class='ocr_line' id='line_1_24' title="bbox 152 2235 1831 2309; baseline 0.002 -18"><span class='ocrx_word' id='word_1_189' title='bbox 152 2239 260 2292; x_wconf 86' lang='grc' dir='ltr'><em>ὑπὸ</em></span> <span class='ocrx_word' id='word_1_190' title='bbox 302 2247 411 2290; x_wconf 89' lang='grc' dir='ltr'><em>τῶν</em></span> <span class='ocrx_word' id='word_1_191' title='bbox 449 2247 699 2307; x_wconf 88' lang='grc' dir='ltr'><em>χρηστῶν</em></span> <span class='ocrx_word' id='word_1_192' title='bbox 729 2246 840 2290; x_wconf 91' lang='grc' dir='ltr'><em>τῶν</em></span> <span class='ocrx_word' id='word_1_193' title='bbox 878 2245 984 2290; x_wconf 89' lang='grc' dir='ltr'><em>νῦν</em></span> <span class='ocrx_word' id='word_1_194' title='bbox 1022 2238 1088 2289; x_wconf 78' lang='grc' dir='ltr'><em>τὰ</em></span> <span class='ocrx_word' id='word_1_195' title='bbox 1125 2238 1415 2306; x_wconf 87' lang='grc' dir='ltr'><em>πράγματα</em></span> <span class='ocrx_word' id='word_1_196' title='bbox 1454 2240 1587 2307; x_wconf 73' lang='grc' dir='ltr'><em>ἔχεις</em></span> <span class='ocrx_word' id='word_1_197' title='bbox 1626 2235 1732 2309; x_wconf 84' lang='grc' dir='ltr'><em>ἆρά</em></span> <span class='ocrx_word' id='word_1_198' title='bbox 1770 2261 1831 2308; x_wconf 91' lang='grc' dir='ltr'><em>γε</em></span> 
     </span>
     <span class='ocr_line' id='line_1_25' title="bbox 154 2323 1830 2396; baseline 0.001 -15"><span class='ocrx_word' id='word_1_199' title='bbox 154 2327 355 2396; x_wconf 86' lang='grc' dir='ltr'><em>ὁμοίως</em></span> <span class='ocrx_word' id='word_1_200' title='bbox 414 2324 504 2378; x_wconf 83' lang='grc' dir='ltr'><em>καὶ</em></span> <span class='ocrx_word' id='word_1_201' title='bbox 558 2328 975 2395; x_wconf 85' lang='grc' dir='ltr'><em>παραπλησίως;</em></span> <span class='ocrx_word' id='word_1_202' title='bbox 1035 2324 1125 2378; x_wconf 87' lang='grc' dir='ltr'><em>καὶ</em></span> <span class='ocrx_word' id='word_1_203' title='bbox 1179 2326 1244 2378; x_wconf 76' lang='grc' dir='ltr'><em>τὰ</em></span> <span class='ocrx_word' id='word_1_204' title='bbox 1297 2323 1399 2394; x_wconf 73' lang='grc' dir='ltr'><em>μὲν</em></span> <span class='ocrx_word' id='word_1_205' title='bbox 1453 2328 1590 2380; x_wconf 77' lang='grc' dir='ltr'><em>ἄλλα</em></span> <span class='ocrx_word' id='word_1_206' title='bbox 1645 2339 1830 2382; x_wconf 86' lang='grc' dir='ltr'><em>σιωπῶ</em></span> 
     </span>
    </p>
   </div>
   <div class='ocr_carea' id='block_1_5' title="bbox 143 2485 1831 3014">
    <p class='ocr_par' dir='ltr' id='par_1_5' title="bbox 143 2485 1831 3014">
     <span class='ocr_line' id='line_1_26' title="bbox 274 2485 1712 2545; baseline 0 -14"><span class='ocrx_word' id='word_1_207' title='bbox 274 2493 295 2531; x_wconf 94' lang='grc'><strong>1</strong></span> <span class='ocrx_word' id='word_1_208' title='bbox 332 2486 375 2545; x_wconf 89' lang='grc' dir='ltr'><em>ὁ]</em></span> <span class='ocrx_word' id='word_1_209' title='bbox 410 2487 463 2531; x_wconf 86' lang='grc' dir='ltr'><em>οὐ</em></span> <span class='ocrx_word' id='word_1_210' title='bbox 496 2486 579 2529; x_wconf 90' lang='grc' dir='ltr'><em>ΒΡ</em></span> <span class='ocrx_word' id='word_1_211' title='bbox 692 2490 717 2528; x_wconf 99' lang='grc'><strong>2</strong></span> <span class='ocrx_word' id='word_1_212' title='bbox 758 2492 983 2541; x_wconf 79' lang='grc' dir='ltr'><em>προσῆκοι</em></span> <span class='ocrx_word' id='word_1_213' title='bbox 1013 2485 1096 2528; x_wconf 90' lang='grc' dir='ltr'><em>ΒΡ</em></span> <span class='ocrx_word' id='word_1_214' title='bbox 1210 2491 1235 2529; x_wconf 92' lang='grc'><strong>3</strong></span> <span class='ocrx_word' id='word_1_215' title='bbox 1275 2487 1407 2539; x_wconf 83' lang='grc' dir='ltr'><em>πεζοῑ</em></span> <span class='ocrx_word' id='word_1_216' title='bbox 1435 2488 1471 2530; x_wconf 89' lang='grc' dir='ltr'><strong><em>Ρ</em></strong></span> <span class='ocrx_word' id='word_1_217' title='bbox 1524 2488 1652 2540; x_wconf 81' lang='grc' dir='ltr'><em>πεζοὶ</em></span> <span class='ocrx_word' id='word_1_218' title='bbox 1685 2503 1712 2531; x_wconf 89' lang='lat' dir='ltr'>v</span> 
     </span>
     <span class='ocr_line' id='line_1_27' title="bbox 143 2543 1831 2602; baseline 0.001 -13"><span class='ocrx_word' id='word_1_219' title='bbox 143 2552 182 2591; x_wconf 87' lang='lat'><em>.4</em></span> <span class='ocrx_word' id='word_1_220' title='bbox 214 2546 360 2602; x_wconf 84' lang='grc' dir='ltr'><em>μόνον</em></span> <span class='ocrx_word' id='word_1_221' title='bbox 391 2546 429 2591; x_wconf 89' lang='grc' dir='ltr'>Β</span> <span class='ocrx_word' id='word_1_222' title='bbox 550 2549 575 2588; x_wconf 88' lang='lat'>5</span> <span class='ocrx_word' id='word_1_223' title='bbox 613 2544 688 2588; x_wconf 80' lang='grc' dir='ltr'><em>ἐπὶ</em></span> <span class='ocrx_word' id='word_1_224' title='bbox 718 2552 815 2595; x_wconf 86' lang='grc' dir='ltr'><em>τοῖς</em></span> <span class='ocrx_word' id='word_1_225' title='bbox 849 2543 997 2600; x_wconf 77' lang='grc' dir='ltr'><em>ἔργοις</em></span> <span class='ocrx_word' id='word_1_226' title='bbox 1028 2543 1173 2597; x_wconf 82' lang='grc' dir='ltr'><em>δόξαν</em></span> <span class='ocrx_word' id='word_1_227' title='bbox 1204 2547 1311 2601; x_wconf 70' lang='lat' dir='ltr'><strong>post</strong></span> <span class='ocrx_word' id='word_1_228' title='bbox 1342 2543 1591 2591; x_wconf 85' lang='grc' dir='ltr'><em>κατέλιπον</em></span> <span class='ocrx_word' id='word_1_229' title='bbox 1622 2547 1764 2591; x_wconf 76' lang='lat' dir='ltr'>iterat</span> <span class='ocrx_word' id='word_1_230' title='bbox 1796 2548 1831 2591; x_wconf 92' lang='lat' dir='ltr'>P</span> 
     </span>
     <span class='ocr_line' id='line_1_28' title="bbox 275 2603 1830 2663; baseline 0.001 -14"><span class='ocrx_word' id='word_1_231' title='bbox 275 2610 298 2648; x_wconf 92' lang='grc'><strong>7</strong></span> <span class='ocrx_word' id='word_1_232' title='bbox 338 2603 542 2649; x_wconf 81' lang='grc' dir='ltr'><em>θεάσατε</em></span> <span class='ocrx_word' id='word_1_233' title='bbox 581 2603 663 2647; x_wconf 92' lang='grc' dir='ltr'><em>ΒΡ</em></span> <span class='ocrx_word' id='word_1_234' title='bbox 713 2605 719 2660; x_wconf 90' lang='grc'><strong>1</strong></span> <span class='ocrx_word' id='word_1_235' title='bbox 767 2618 816 2647; x_wconf 84' lang='grc' dir='ltr'><em>τε</em></span> <span class='ocrx_word' id='word_1_236' title='bbox 856 2617 931 2647; x_wconf 90' lang='lat' dir='ltr'><em>om</em></span> <span class='ocrx_word' id='word_1_237' title='bbox 969 2603 1109 2647; x_wconf 91' lang='lat' dir='ltr'><em>MBP</em></span> <span class='ocrx_word' id='word_1_238' title='bbox 1149 2604 1244 2647; x_wconf 84' lang='lat' dir='ltr'><em>add</em></span> <span class='ocrx_word' id='word_1_239' title='bbox 1282 2619 1311 2647; x_wconf 88' lang='lat' dir='ltr'>v</span> <span class='ocrx_word' id='word_1_240' title='bbox 1351 2618 1406 2649; x_wconf 85' lang='lat' dir='ltr'><em>ex</em></span> <span class='ocrx_word' id='word_1_241' title='bbox 1444 2605 1484 2648; x_wconf 93' lang='lat' dir='ltr'>D</span> <span class='ocrx_word' id='word_1_242' title='bbox 1622 2610 1647 2649; x_wconf 89' lang='lat'>8</span> <span class='ocrx_word' id='word_1_243' title='bbox 1687 2608 1830 2663; x_wconf 81' lang='grc' dir='ltr'><em>δημο-</em></span> 
     </span>
     <span class='ocr_line' id='line_1_29' title="bbox 145 2661 1828 2724; baseline 0.001 -17"><span class='ocrx_word' id='word_1_244' title='bbox 145 2661 232 2724; x_wconf 76' lang='grc' dir='ltr'><em>’σίᾳ</em></span> <span class='ocrx_word' id='word_1_245' title='bbox 263 2664 303 2707; x_wconf 95' lang='lat' dir='ltr'>D</span> <span class='ocrx_word' id='word_1_246' title='bbox 412 2669 436 2707; x_wconf 87' lang='grc'><strong>9</strong></span> <span class='ocrx_word' id='word_1_247' title='bbox 468 2670 659 2707; x_wconf 86' lang='grc' dir='ltr'><em>τοιαῦτα</em></span> <span class='ocrx_word' id='word_1_248' title='bbox 690 2663 770 2707; x_wconf 74' lang='grc' dir='ltr'><em>καὶ</em></span> <span class='ocrx_word' id='word_1_249' title='bbox 799 2669 1000 2706; x_wconf 85' lang='grc' dir='ltr'><em>τοσαῦτα</em></span> <span class='ocrx_word' id='word_1_250' title='bbox 1030 2662 1071 2705; x_wconf 95' lang='lat' dir='ltr'>D</span> <span class='ocrx_word' id='word_1_251' title='bbox 1180 2667 1231 2706; x_wconf 90' lang='grc'><em>11</em></span> <span class='ocrx_word' id='word_1_252' title='bbox 1265 2666 1511 2720; x_wconf 86' lang='grc' dir='ltr'><em>λελεῖφθαι</em></span> <span class='ocrx_word' id='word_1_253' title='bbox 1541 2665 1581 2708; x_wconf 92' lang='grc' dir='ltr'><em>Ι)</em></span> <span class='ocrx_word' id='word_1_254' title='bbox 1692 2671 1745 2709; x_wconf 92' lang='grc'><em>12</em></span> <span class='ocrx_word' id='word_1_255' title='bbox 1779 2664 1828 2709; x_wconf 80' lang='grc' dir='ltr'><em>δὲ</em></span> 
     </span>
     <span class='ocr_line' id='line_1_30' title="bbox 159 2720 1830 2781; baseline 0.001 -15"><span class='ocrx_word' id='word_1_256' title='bbox 159 2736 234 2766; x_wconf 89' lang='lat' dir='ltr'><em>om</em></span> <span class='ocrx_word' id='word_1_257' title='bbox 264 2723 300 2766; x_wconf 93' lang='lat' dir='ltr'>P</span> <span class='ocrx_word' id='word_1_258' title='bbox 401 2727 455 2766; x_wconf 90' lang='lat'><em>13</em></span> <span class='ocrx_word' id='word_1_259' title='bbox 486 2722 571 2779; x_wconf 84' lang='grc' dir='ltr'><em>τὴν</em></span> <span class='ocrx_word' id='word_1_260' title='bbox 597 2720 857 2766; x_wconf 85' lang='grc' dir='ltr'><em>Μιλτιάδου</em></span> <span class='ocrx_word' id='word_1_261' title='bbox 887 2721 927 2764; x_wconf 93' lang='lat' dir='ltr'>D</span> <span class='ocrx_word' id='word_1_262' title='bbox 1026 2725 1081 2765; x_wconf 85' lang='grc'><strong>16</strong></span> <span class='ocrx_word' id='word_1_263' title='bbox 1114 2721 1386 2778; x_wconf 87' lang='grc' dir='ltr'><em>σεμνότερον</em></span> <span class='ocrx_word' id='word_1_264' title='bbox 1410 2723 1573 2767; x_wconf 89' lang='lat' dir='ltr'>M¹BP</span> <span class='ocrx_word' id='word_1_265' title='bbox 1615 2726 1621 2781; x_wconf 86' lang='grc' dir='ltr'>Ι</span> <span class='ocrx_word' id='word_1_266' title='bbox 1665 2724 1830 2779; x_wconf 81' lang='grc' dir='ltr'><em>ἐπράτ-</em></span> 
     </span>
     <span class='ocr_line' id='line_1_31' title="bbox 157 2778 1830 2834; baseline 0.002 -10"><span class='ocrx_word' id='word_1_267' title='bbox 157 2796 259 2826; x_wconf 84' lang='grc' dir='ltr'><em>τετο</em></span> <span class='ocrx_word' id='word_1_268' title='bbox 291 2782 448 2832; x_wconf 80' lang='grc' dir='ltr'><em>αὐτοῖς</em></span> <span class='ocrx_word' id='word_1_269' title='bbox 477 2781 518 2824; x_wconf 94' lang='lat' dir='ltr'>D</span> <span class='ocrx_word' id='word_1_270' title='bbox 641 2786 693 2824; x_wconf 92' lang='grc'><strong>17</strong></span> <span class='ocrx_word' id='word_1_271' title='bbox 726 2781 886 2834; x_wconf 78' lang='grc' dir='ltr'><em>αὔξει-ν</em></span> <span class='ocrx_word' id='word_1_272' title='bbox 918 2778 1107 2831; x_wconf 74' lang='grc' dir='ltr'><em>ἕκαστος</em></span> <span class='ocrx_word' id='word_1_273' title='bbox 1136 2781 1213 2824; x_wconf 82' lang='lat' dir='ltr'><em>vD</em></span> <span class='ocrx_word' id='word_1_274' title='bbox 1269 2782 1404 2834; x_wconf 80' lang='grc' dir='ltr'><em>αὔξιν</em></span> <span class='ocrx_word' id='word_1_275' title='bbox 1435 2783 1470 2826; x_wconf 92' lang='grc' dir='ltr'>Ρ</span> <span class='ocrx_word' id='word_1_276' title='bbox 1586 2787 1639 2826; x_wconf 89' lang='grc'><em>19</em></span> <span class='ocrx_word' id='word_1_277' title='bbox 1671 2782 1723 2827; x_wconf 77' lang='grc' dir='ltr'><em>δὲ</em></span> <span class='ocrx_word' id='word_1_278' title='bbox 1757 2797 1830 2827; x_wconf 87' lang='lat'>0111</span> 
     </span>
     <span class='ocr_line' id='line_1_32' title="bbox 159 2837 1713 2898; baseline 0.002 -15"><span class='ocrx_word' id='word_1_279' title='bbox 159 2839 246 2884; x_wconf 82' lang='lat' dir='ltr'><em>Mv</em></span> <span class='ocrx_word' id='word_1_280' title='bbox 287 2842 293 2897; x_wconf 87' lang='grc' dir='ltr'>Ι</span> <span class='ocrx_word' id='word_1_281' title='bbox 335 2841 494 2892; x_wconf 79' lang='grc' dir='ltr'><em>αὐτοῖς</em></span> <span class='ocrx_word' id='word_1_282' title='bbox 524 2839 702 2883; x_wconf 87' lang='lat' dir='ltr'><strong>MBPv</strong></span> <span class='ocrx_word' id='word_1_283' title='bbox 837 2843 890 2882; x_wconf 89' lang='grc'><em>21</em></span> <span class='ocrx_word' id='word_1_284' title='bbox 926 2837 1259 2891; x_wconf 79' lang='grc' dir='ltr'><em>ἐκείνοις-23</em></span> <span class='ocrx_word' id='word_1_285' title='bbox 1291 2840 1539 2898; x_wconf 79' lang='grc' dir='ltr'><em>πράγματα</em></span> <span class='ocrx_word' id='word_1_286' title='bbox 1571 2856 1646 2886; x_wconf 90' lang='lat' dir='ltr'><em>om</em></span> <span class='ocrx_word' id='word_1_287' title='bbox 1677 2843 1713 2885; x_wconf 90' lang='lat' dir='ltr'>P</span> 
     </span>
     <span class='ocr_line' id='line_1_33' title="bbox 148 2898 1830 2957; baseline 0.002 -17"><span class='ocrx_word' id='word_1_288' title='bbox 148 2902 216 2949; x_wconf 54' lang='lat'><em>222</em></span> <span class='ocrx_word' id='word_1_289' title='bbox 247 2899 356 2954; x_wconf 82' lang='grc' dir='ltr'><em>ὑμῖν</em></span> <span class='ocrx_word' id='word_1_290' title='bbox 387 2915 415 2942; x_wconf 88' lang='lat' dir='ltr'><strong>v</strong></span> <span class='ocrx_word' id='word_1_291' title='bbox 529 2904 584 2942; x_wconf 86' lang='grc'><em>23</em></span> <span class='ocrx_word' id='word_1_292' title='bbox 615 2906 706 2943; x_wconf 86' lang='grc' dir='ltr'><em>τῶν</em></span> <span class='ocrx_word' id='word_1_293' title='bbox 739 2905 825 2942; x_wconf 83' lang='grc' dir='ltr'><em>νῦν</em></span> <span class='ocrx_word' id='word_1_294' title='bbox 848 2898 917 2942; x_wconf 89' lang='lat' dir='ltr'><em>M:</em></span> <span class='ocrx_word' id='word_1_295' title='bbox 956 2898 1131 2944; x_wconf 82' lang='grc' dir='ltr'><em>τούτων</em></span> <span class='ocrx_word' id='word_1_296' title='bbox 1155 2899 1192 2942; x_wconf 91' lang='grc' dir='ltr'>Β</span> <span class='ocrx_word' id='word_1_297' title='bbox 1235 2902 1240 2957; x_wconf 91' lang='grc' dir='ltr'>Ι</span> <span class='ocrx_word' id='word_1_298' title='bbox 1284 2899 1396 2957; x_wconf 74' lang='grc' dir='ltr'><em>εἶ’χει</em></span> <span class='ocrx_word' id='word_1_299' title='bbox 1426 2901 1462 2943; x_wconf 93' lang='grc' dir='ltr'>Ρ</span> <span class='ocrx_word' id='word_1_300' title='bbox 1577 2906 1631 2944; x_wconf 87' lang='grc'><em>24</em></span> <span class='ocrx_word' id='word_1_301' title='bbox 1664 2901 1742 2945; x_wconf 76' lang='grc' dir='ltr'><em>καὶ</em></span> <span class='ocrx_word' id='word_1_302' title='bbox 1775 2900 1830 2943; x_wconf 82' lang='grc' dir='ltr'><em>τὰ</em></span> 
     </span>
     <span class='ocr_line' id='line_1_34' title="bbox 162 2953 1189 3014; baseline 0.002 -14"><span class='ocrx_word' id='word_1_303' title='bbox 162 2953 245 3011; x_wconf 69' lang='grc' dir='ltr'><em>μὲν</em></span> <span class='ocrx_word' id='word_1_304' title='bbox 275 2957 365 3003; x_wconf 78' lang='lat' dir='ltr'><em>M²=</em></span> <span class='ocrx_word' id='word_1_305' title='bbox 404 2956 463 3001; x_wconf 81' lang='grc' dir='ltr'><em>τὰ</em></span> <span class='ocrx_word' id='word_1_306' title='bbox 493 2955 577 3014; x_wconf 74' lang='grc' dir='ltr'><em>μὲν</em></span> <span class='ocrx_word' id='word_1_307' title='bbox 602 2958 801 3001; x_wconf 85' lang='lat' dir='ltr'>M1BPv</span> <span class='ocrx_word' id='word_1_308' title='bbox 849 2953 919 3008; x_wconf 79' lang='grc' dir='ltr'><em>οἷς</em></span> <span class='ocrx_word' id='word_1_309' title='bbox 948 2956 1005 3001; x_wconf 83' lang='grc' dir='ltr'><em>τὰ</em></span> <span class='ocrx_word' id='word_1_310' title='bbox 1036 2955 1120 3014; x_wconf 73' lang='grc' dir='ltr'><em>μὲν</em></span> <span class='ocrx_word' id='word_1_311' title='bbox 1149 2958 1189 3001; x_wconf 96' lang='lat' dir='ltr'>D</span> 
     </span>
    </p>
   </div>
   <div class='ocr_carea' id='block_1_6' title="bbox 1854 1100 1894 1133">
    <p class='ocr_par' dir='ltr' id='par_1_6' title="bbox 1854 1100 1894 1133">
     <span class='ocr_line' id='line_1_35' title="bbox 1854 1100 1894 1133; baseline 0 0"><span class='ocrx_word' id='word_1_312' title='bbox 1854 1100 1894 1133; x_wconf 89' lang='grc'><strong>10</strong></span> 
     </span>
    </p>
   </div>
   <div class='ocr_carea' id='block_1_7' title="bbox 1854 1543 1895 1575">
    <p class='ocr_par' dir='ltr' id='par_1_7' title="bbox 1854 1543 1895 1575">
     <span class='ocr_line' id='line_1_36' title="bbox 1854 1543 1895 1575; baseline 0 0"><span class='ocrx_word' id='word_1_313' title='bbox 1854 1543 1895 1575; x_wconf 85' lang='grc'><strong>15</strong></span> 
     </span>
    </p>
   </div>
   <div class='ocr_carea' id='block_1_8' title="bbox 1855 1987 1898 2020">
    <p class='ocr_par' dir='ltr' id='par_1_8' title="bbox 1855 1987 1898 2020">
     <span class='ocr_line' id='line_1_37' title="bbox 1855 1987 1898 2020; baseline 0.047 -2"><span class='ocrx_word' id='word_1_314' title='bbox 1855 1987 1898 2020; x_wconf 81' lang='lat'><em>20</em></span> 
     </span>
    </p>
   </div>
  </div>
 </body>
</html>
