2004 3202
175 179 278 232 196
586 180 928 222 ΔΙοΝΤΣΙοΤ
960 179 1426 221 ΑΛΙΚΑΡΝΑΣΕῼΣ

171 313 365 384 φαμε’.ν
440 313 530 367 καὶ
576 315 714 383 ἡμᾶς
760 313 961 374 αὐτοὺς
1007 320 1114 364 νῦν
1156 311 1464 382 παρέχομεν
1501 312 1846 386 τοιούτους,Ι

173 403 274 457 οὐκ
321 403 764 471 ἀγανακτοῦντας
810 398 940 454 οὐδὲ
987 400 1370 470 φοβουμένους
1416 403 1572 469 ἄγαν,
1620 403 1668 454 εἰ
1714 403 1799 455 δεῖ
1825 416 1935 456 1049

172 497 431 545 τελευτᾶν
463 491 523 544 ἐν
553 498 629 562 τῷ
663 492 910 560 παρόντι.
974 490 1214 558 δεόμεθα
1252 486 1312 542 δὲ
1349 489 1440 542 καὶ
1479 489 1730 560 πατέρων
1759 489 1851 543 καὶ

173 579 437 651 μητέρων,
484 589 546 650 τῇ
594 579 729 649 αὐτῇ
769 579 939 648 ταύτῃ
980 579 1200 648 διανοίᾳ
1244 578 1560 648 χρωμένους
1601 579 1700 631 τὸν
1739 578 1852 631 ἐπί-

129 687 150 719 5
175 674 370 722 λοιπον
417 672 542 737 βίον
589 669 801 734 διαγειν
847 665 938 719 καὶ
987 666 1217 748 εἰδέναι,
1265 667 1348 720 ὅτι
1395 667 1462 720 οὐ
1509 673 1854 738 θρηνοῦντες

175 757 292 811 οὐδ’
317 758 719 827 ὀλοφυρόμενοι
751 755 913 824 ἡμᾶς
922 755 1055 824 ἡμῖν
1079 756 1311 824 μαλιστα
1343 764 1678 826 χαριοῦνται.
1730 754 1845 808 αλλ’

176 852 230 899 εἴ
265 849 347 908 τίς
386 845 498 898 ἐστι
537 853 652 906 τοῖς
690 845 1133 912 τετελευτηκόσιν
1171 848 1431 912 αἴσθησις
1469 853 1579 896 τῶν
1617 845 1851 912 ζώντων,

177 935 348 996 ούτως
380 934 661 1003 ἀχαριστοι
695 929 806 985 εἶεν
837 953 907 986 αν
930 934 1180 1002 μαλιστα,
1214 931 1442 995 εαυτούς
1471 952 1530 985 τε
1553 941 1853 995 κακοῦντες

175 1022 264 1076 καὶ
311 1021 518 1091 βαρέως
564 1021 827 1091 φέροντες
880 1023 975 1084 τας
1022 1022 1334 1092 συμφοράς,
1388 1022 1611 1090 κούφως
1657 1018 1718 1074 δε
1763 1020 1854 1074 καὶ

110 1129 153 1161 10
176 1114 405 1181 μετρίως
449 1109 662 1179 μάλιστ’
703 1109 772 1163 ἂν
814 1113 1138 1180 χαρίζοιντο.
1215 1111 1280 1163 τὰ
1327 1107 1428 1179 μὲν
1474 1111 1578 1180 γὰρ
1624 1109 1856 1180 ἡμέτερα

176 1201 433 1267 τελευτὴν
463 1200 567 1268 ἤδη
600 1198 722 1267 ἕξει,
762 1200 897 1269 ἤπερ
929 1202 1191 1268 καλλίστη
1230 1198 1478 1267 γίγνεται
1509 1198 1855 1269 ἀνθρώποις·

177 1290 313 1341 ὥστε
350 1287 542 1358 πρέπει
583 1288 721 1341 αὐτὰ
763 1293 974 1357 μᾶλλον
1012 1297 1237 1357 κοσμεῖν
1275 1287 1308 1356 ἡ
1347 1293 1597 1357 θρηνεῖν.
1666 1307 1857 1355 γυναι-

176 1386 289 1429 κῶν
329 1373 389 1429 δὲ
427 1386 538 1429 τῶν
575 1375 854 1446 ἡμετέρων
891 1375 982 1428 καὶ
1021 1377 1237 1429 παίδων
1273 1375 1690 1445 ἐπιμελούμενοι
1729 1374 1856 1444 <καὶ

178 1463 507 1534 τρέφοντες>
559 1463 650 1517 καὶ
699 1465 943 1517 ἐνταῦθα
996 1466 1095 1518 τὸν
1139 1472 1279 1517 νοῦν
1325 1463 1615 1534 τρέποντες
1659 1472 1754 1531 τῆς
1799 1484 1856 1516 τε

114 1570 156 1603 15
179 1553 344 1621 τύχης
390 1551 606 1621 μάλιστ’
639 1553 709 1605 ἂν
748 1549 859 1606 εἷεν
900 1552 960 1606 ἐν
999 1555 1147 1622 λη’θῃ
1192 1551 1283 1604 καὶ
1331 1555 1464 1624 ζῷεν
1502 1553 1730 1605 κάλλιον
1767 1551 1858 1604 καὶ

180 1641 486 1711 ὀρθότερον
523 1639 614 1693 καὶ
653 1641 786 1710 ἡμῖν
823 1640 1310 1711 προσφιλέστερον.
1382 1648 1552 1693 ταῦτα
1591 1641 1658 1708 δὴ
1701 1639 1859 1694 ἱκανὰ

180 1738 295 1790 τοῖς
339 1729 621 1798 ἡμετέροις
667 1728 797 1799 παρ’
837 1729 991 1798 ἡμῶν
1031 1728 1408 1797 ἀπαγγέλλειν.
1483 1737 1547 1799 τῇ
1596 1726 1657 1781 δὲ
1702 1731 1859 1782 πόλει

180 1820 691 1887 παρακελευόμεθα,
747 1819 891 1880 ὅπως
943 1818 1076 1887 ἡμῖν
1128 1816 1218 1870 καὶ
1271 1817 1521 1887 πατέρων
1573 1816 1664 1870 καὶ
1717 1819 1858 1871 υἱῶν

1907 0 2004 312 ³

1966 304 2004 728 ἔ

184 1903 618 1973 ἐπιμελήσονται,
658 1908 786 1968 τοὺς
818 1926 919 1974 μεν
953 1906 958 1974 Ι
993 1907 1350 1968 παιδεύοντες
1387 1909 1640 1990 κοσμίως,
1679 1907 1808 1969 τοὺς
1834 1919 1989 1969 1050

118 2012 160 2044 20
185 1989 245 2044 δὲ
284 2002 759 2063 γηροτροφοῦντες
798 1994 973 2058 αξιω.ς
1043 2003 1149 2047 νῦν
1188 1993 1240 2046 δ’
1274 1999 1448 2063 ἴσμεν,
1490 1995 1596 2062 ὅτι,
1645 2015 1749 2047 καν
1781 1995 1859 2088 μὴ

183 2081 336 2149 ἡμεῖς
366 2084 880 2152 παρακελευώμεθα,
916 2085 1113 2146 ἱκανῶς
1142 2082 1531 2152 ἐπιμελησεται.
1570 2081 1719 2135 ταῦτ’
1740 2080 1859 2151 οὖν,

183 2166 225 2222 ὦ
273 2179 454 2237 γονεῖς
506 2169 595 2222 καὶ
646 2173 836 2233 παῖδες
882 2181 993 2224 τῶν
1038 2172 1497 2239 τελευτησαντων,
1553 2170 1756 2224 ἐκεῖνοί
1803 2170 1851 2224 τ’

186 2257 520 2327 ἐπέσκηπτον
557 2260 691 2328 ὑμῖν
730 2259 1092 2329 ἀπαγγέλλειν
1129 2260 1276 2327 καγὼ
1325 2261 1397 2322 ὡς
1443 2260 1683 2328 δύναμαι
1727 2277 1860 2329 προ-

302 2451 326 2488 2
359 2447 767 2503 ἀνγανακτοῦντας
798 2449 835 2491 Β
927 2454 953 2492 3
986 2447 1056 2507 δε]
1090 2449 1148 2506 δὴ
1175 2451 1225 2492 H
1309 2454 1336 2492 4
1367 2448 1427 2505 μὴ
1459 2446 1603 2504 τέρων
1634 2449 1671 2491 Ρ
1706 2450 1711 2505 Ι
1747 2447 1858 2491 ταύ-

187 2521 267 2559 της
298 2505 333 2546 Ρ
470 2510 494 2548 6
529 2506 858 2562 ὁλοφερόμενοι
889 2508 971 2551 ΒΡ
1108 2515 1130 2552 7
1165 2506 1480 2564 τελευτηκόσιν
1511 2508 1547 2550 Ρ
1679 2511 1705 2549 8
1738 2503 1860 2550 εἶναι

188 2560 280 2606 εἶεν
311 2564 346 2605 Ρ
389 2565 407 2635 Ι
439 2563 701 2614 ἑαυτούς-
722 2571 775 2609 10
808 2565 983 2622 μάλιστ’
1007 2565 1067 2611 ἂν
1099 2581 1174 2610 om
1201 2567 1237 2610 P
1336 2570 1360 2608 9
1393 2563 1634 2622 ξυμφοράς
1659 2567 1741 2608 Hv

190 2627 243 2664 10
282 2620 464 2676 μετρίας
495 2623 531 2664 Β
574 2625 579 2680 Ι
622 2623 813 2678 μάλιστα
853 2643 962 2682 χαρ-
994 2627 1087 2669 ΜΒ
1130 2627 1135 2683 Ι
1177 2626 1464 2683 χαροιζοιντο
1505 2638 1606 2667 corr
1640 2623 1691 2666 in
1728 2641 1859 2681 χαρι-

188 2682 335 2733 ζοιντο
360 2681 395 2723 Ρ
442 2679 695 2737 χαρίζειντο
719 2683 756 2725 Β
850 2690 902 2726 12
932 2692 1116 2742 τρηνεῖν
1133 2685 1215 2727 BP
1309 2688 1362 2727 13
1393 2683 1473 2727 καὶ
1503 2681 1751 2753 τρέφοντες
1777 2685 1862 2725 Hv

189 2753 264 2782 om
295 2739 433 2782 MBP
541 2746 595 2784 14
626 2739 878 2795 τρέποντας
909 2744 945 2785 Β
1054 2749 1107 2787 16
1140 2744 1249 2799 ὑμῖν
1272 2743 1308 2786 Ρ
1412 2746 1465 2785 17
1497 2739 1800 2813 ἀπαγχέλλειν
1825 2742 1861 2784 Β

188 2797 422 2854 ἀγγέλλειν
450 2801 499 2840 H
608 2806 659 2842 18
693 2800 1110 2858 παρακελευοίμεθ’
1141 2819 1200 2846 αν
1226 2804 1276 2844 Π
1376 2805 1429 2843 19
1462 2798 1679 2855 κοσμίους
1710 2800 1745 2843 Ρ

190 2862 246 2900 20
285 2865 680 2931 γηουτροφοῦντες
711 2859 746 2901 Ρ
796 2862 800 2914 Ι
851 2861 930 2903 καὶ
969 2861 1052 2906 ἐὰν
1078 2864 1127 2904 Π
1234 2865 1286 2903 21
1327 2860 1756 2926 παρακελουώμεθα
1786 2859 1859 2931 ΒΙ

190 2914 312 2959 τοῦτ’
343 2916 378 2959 Ρ
491 2922 544 2959 :32
578 2913 612 2960 ὦ
642 2919 807 2968 παῖδες
837 2919 915 2962 καὶ
947 2928 1087 2977 γονῆς
1112 2922 1163 2963 Π
1276 2923 1330 2961 23
1362 2917 1471 2974 ἡμῖν
1498 2920 1548 2961 Π
1584 2919 1589 2975 Ι
1633 2916 1861 2975 ἀπαγγέλ-

190 2977 351 3019 λειν-
365 2975 698 3032 προθυμότατα
733 2990 807 3020 om
837 2977 873 3020 P
