2004 3202
850 153 1060 194 ΙΣΑῙΟΣ
1695 154 1798 204 121

120 287 516 340 διαλλάττοντα
566 287 715 355 παρὰ
767 287 869 354 τὴν
922 288 1138 339 Λυσίου
1190 285 1427 355 ἀγωγήν.
1512 284 1688 340 οὐθὲν
1741 285 1804 341 δὲ

120 375 319 428 κωλύει
379 372 470 427 καὶ
527 375 917 442 κεφαλαιωδῶς
969 376 1337 444 περιλαβόντα
1390 373 1465 427 δι’
1522 374 1804 444 ἐλαχίστης

120 464 408 531 δηλώσεως
438 464 503 516 τὰ
535 464 894 532 φανερώτατα
932 464 1125 531 εἰπεῖν,
1163 463 1247 516 ὅτι
1283 483 1377 532 μοι
1410 464 1561 516 δοκεῖ
1593 466 1804 526 Λυσίας

118 548 220 621 μὲν
243 552 344 620 τὴν
366 551 639 620 ἀλήθειαν
662 553 885 604 διώκειν
908 557 1135 621 μᾶλλον,
1156 550 1356 614 Ἰσαῖος
1378 549 1565 620 δὲ’τὴν
1588 551 1803 621 τέχνην,

118 639 209 693 καὶ
241 639 270 693 ὃ
302 637 404 709 μὲν
435 641 793 709 στοχάζεσθαι
825 649 926 694 τοῦ
957 640 1270 711 χαριέντως,
1306 640 1336 693 ὃ
1369 638 1429 693 δὲ
1462 649 1562 693 τοῦ
1594 642 1803 703 δεινῶς.
1848 662 1870 691 a

119 730 168 782 εἰ
216 727 283 781 δέ
326 749 411 792 τις
453 733 846 798 παραθεωροίη
901 737 1072 782 ταῦτα
1118 730 1191 792 ὡς
1235 731 1402 798 μικρὰ
1456 728 1546 782 καὶ
1601 735 1805 798 φαῦλα,

119 817 221 871 οὐκ
266 817 339 870 ἂν
382 820 461 871 ἔτι
507 818 726 886 γένοιτο
774 819 962 880 ἱκανὸς
1008 817 1192 871 αὐτῶν
1236 820 1438 887 κριτής.
1515 817 1654 871 ἀλλὰ
1699 820 1805 887 γὰρ

118 907 175 959 αἱ
213 906 528 975 ὁμοιότητες
567 906 1009 976 συνταράξουσιν
1047 906 1218 959 αὐτοῦ
1254 907 1355 974 τὴν
1384 908 1628 976 γνώμην,
1668 908 1806 961 ὥστε

30 1012 115 1052 625
139 995 213 1063 μὴ
266 994 587 1066 διαῖγνῶναι
642 997 741 1048 τὸν
793 997 942 1048 ἴδιον
996 994 1255 1065 ἑκατέρου
1308 1003 1635 1065 χαρακτῆρα.
1714 994 1805 1048 καὶ

116 1082 242 1152 περὶ
281 1081 385 1153 μὲν
422 1085 637 1137 τούτων
675 1085 749 1147 ὡς
787 1087 891 1153 ἔχω
933 1084 1095 1153 δόξης
1133 1085 1441 1151 δεδήλωταί
1474 1105 1582 1153 μοι.
1832 1104 1873 1134 ιο

228 1174 499 1242 βούλομαι
554 1170 614 1226 δὲ
667 1175 773 1241 ἤδη
827 1171 918 1225 καὶ
972 1171 1097 1242 περὶ
1152 1182 1264 1225 τῶν
1317 1174 1502 1225 ἄλλων
1555 1173 1806 1242 ῥητόρων
1825 1175 1894 1226 19

117 1260 426 1314 ἀποδοῦναι
479 1262 579 1314 τὸν
633 1264 826 1329 λόγον,
888 1262 980 1314 ἵνα
1033 1263 1106 1329 μή
1160 1281 1243 1322 τις
1300 1260 1499 1331 ἀγνοίᾳ
1550 1281 1615 1330 με
1670 1260 1803 1331 δόξῃ

117 1355 451 1419 παραλιπεῖν
481 1350 684 1412 αὐτοὺς
716 1349 1002 1419 ἐπιφανεῖς
1032 1352 1196 1411 ὄντας
1226 1348 1316 1402 καὶ
1349 1349 1619 1419 ὀνόματος
1647 1349 1805 1418 ἠξιω-

115 1437 316 1507 μένους
348 1438 415 1491 οὐ
446 1442 674 1509 μετρίου
704 1438 738 1507 ἢ
771 1447 922 1509 φυγῇ
955 1446 1055 1491 τοῦ
1086 1440 1265 1490 πόνου
1292 1439 1356 1491 τὸ
1381 1438 1586 1508 ῥᾷστον
1617 1438 1806 1507 αἰρού-

116 1547 287 1596 μενον
332 1537 444 1580 τῶν
489 1529 669 1597 ἔργων
713 1527 816 1594 τὴν
859 1525 986 1596 περὶ
1034 1526 1217 1579 αὐτῶν
1262 1525 1548 1595 ἀφεικέναι
1596 1526 1805 1590 σκέψιν.
1834 1547 1877 1579 15

117 1616 222 1683 ἐγὼ
275 1618 380 1685 γὰρ
434 1617 562 1669 οὔτε
614 1616 888 1684 ἠγνόουν,
951 1615 1050 1678 οὓς
1109 1617 1345 1677 ἅπαντες
1407 1620 1617 1682 ἴσασιν,
1679 1616 1805 1668 οὔτε

116 1705 336 1757 ὤκνουν
388 1704 528 1772 <ὃὶν>
580 1701 720 1774 ὑπὲρ
775 1703 959 1757 αὐτῶν
1012 1705 1276 1773 γράφειν,
1328 1708 1383 1756 εἴ
1431 1724 1482 1756 τι
1536 1705 1807 1773 χρήσιμον

116 1795 344 1862 ἔμελλεν
383 1792 615 1857 ἐξοίσειν
652 1793 685 1860 ἡ
724 1794 926 1862 γραφή.
995 1792 1413 1862 ἐνθυμούμενος
1451 1791 1536 1858 δέ,
1577 1793 1661 1845 ὅτι
1703 1793 1806 1860 τὴν

116 1878 219 1950 μὲν
255 1882 547 1949 ποιητικὴν
582 1882 926 1949 κατασκευὴν
969 1879 1062 1933 καὶ
1108 1882 1170 1934 τὸ
1209 1879 1486 1950 μετέωρον
1533 1882 1601 1948 δὴ
1641 1890 1805 1934 τοῦτο

116 1969 207 2022 καὶ
259 1971 536 2039 πομπικὸν
587 1969 880 2039 εἰρημένον
932 1968 1118 2031 οὐδεὶς
1163 1968 1510 2039 Ἰσοκράτους
1563 1970 1806 2038 ἀμείνων
1830 1992 1875 2022 20

118 2058 360 2126 ἐγένετο,
411 2056 717 2127 παρέλιπον
771 2056 935 2126 ἑκών,
990 2058 1088 2120 οὓς
1142 2057 1298 2128 ᾔδειν
1350 2054 1517 2126 ἧττον
1574 2057 1635 2109 ἐν
1687 2067 1806 2119 ταῖς

119 2147 293 2210 ἰδέαις
329 2147 554 2208 ταύταις
591 2151 1033 2215 κατορθοῦντας,
1073 2148 1319 2215 Γοργίαν
1357 2143 1460 2215 μὲν
1497 2147 1596 2199 τὸν
1636 2149 1807 2199 Λεον-

117 2245 275 2289 τῖνον
308 2235 637 2288 ἐκπίπτοντα
662 2242 761 2287 τοῦ
786 2237 1012 2304 μετρίου
1040 2233 1130 2287 καὶ
1154 2239 1435 2303 πολλαχοῦ
1458 2236 1805 2303 παιδαριώδη

121 2327 456 2394 γιγνόμενον
488 2323 654 2393 ὁρῶν,
677 2322 1078 2392 Ἀλκιδάμαντα
1110 2320 1170 2375 δὲ
1202 2324 1302 2376 τὸν
1333 2322 1609 2391 ἀκουστὴν
1633 2323 1807 2375 αὐτοῦ

118 2414 429 2482 παχύτερον
461 2414 594 2465 ὄντα
625 2413 726 2479 τὴν
757 2410 906 2474 λέξιν
940 2410 1030 2464 καὶ
1061 2413 1371 2481 κενότερον,
1415 2413 1710 2482 Θεόδωρον
1742 2409 1803 2464 δὲ
1829 2432 1873 2464 25

237 2607 263 2646 5
303 2601 566 2659 στοχάζεται
606 2615 708 2644 corr
747 2600 794 2644 in
835 2599 1140 2659 στοχάζεσθαι
1178 2601 1216 2644 Β
1340 2605 1363 2644 ’Ζ
1403 2602 1562 2656 κριτής
1602 2602 1805 2658 Kn'iger:

119 2668 345 2717 κρατῆσαι
434 2666 460 2704 8
494 2659 798 2712 συντάξουσιν
829 2661 912 2703 ΒΡ
1003 2665 1059 2704 10
1090 2659 1220 2714 παρὰ
1250 2658 1337 2715 μὲν
1369 2660 1417 2704 Μ
1449 2661 1531 2704 sed
1563 2661 1613 2704 in
1648 2675 1728 2717 mg
1760 2676 1806 2703 m

118 2719 350 2764 recentior
379 2721 485 2775 περὶ
608 2725 660 2763 12
694 2734 748 2775 με
781 2733 859 2763 om
887 2719 922 2762 F
1045 2724 1100 2763 14
1131 2719 1435 2778 αἱρούμενον]
1474 2720 1738 2776 ἡγούμενον
1771 2720 1806 2762 F

121 2782 168 2822 et
191 2779 239 2822 Μ
261 2794 343 2835 mg
426 2784 479 2822 15
504 2777 755 2835 ἀφεικέναι
780 2792 836 2822 ex
859 2776 1097 2835 ἀφηκέναι
1120 2779 1181 2822 F'
1266 2783 1318 2821 17
1346 2777 1407 2823 ἂν
1430 2778 1526 2822 add
1551 2778 1807 2822 Holwellus

238 2842 295 2881 23
326 2840 560 2895 πολλαχοῦ
592 2838 755 2882 MBP:
794 2845 1034 2895 πανταχοῦ
1057 2837 1093 2881 F
1129 2839 1135 2893 Ι
1170 2838 1218 2880 Μ
1249 2837 1300 2880 in
1330 2853 1410 2894 mg
1442 2838 1580 2881 rubro
1609 2835 1808 2893 Γοργίας

122 2898 171 2939 et
200 2898 357 2941 cetera
389 2896 607 2953 deinceps
638 2896 829 2940 nomina
860 2896 1006 2941 habet
1113 2902 1169 2940 25
1201 2896 1446 2952 κενότερον
1470 2897 1670 2952 Krfiger:
1711 2912 1807 2939 κοι-

123 2953 314 3010 νότερον
338 2955 524 2999 FMBP
555 2956 638 3000 sed
669 2973 801 3000 κοινο
833 2955 882 2998 in
912 2969 988 2999 ras
1018 2955 1054 2998 F
