2004 3202
175 128 280 182 178
587 129 930 172 ΔΙοΝΤΣῙοΤ
961 128 1428 171 ΑΜΚΑΡΝΑΣΕῼΣ

172 260 206 332 ἦ
244 282 354 317 που
391 266 513 318 τότε
549 262 827 334 ὑπερφυές
865 282 916 315 τι
954 261 1046 314 καὶ
1079 263 1266 315 δεινὸν
1296 269 1474 333 χρῆμα
1512 258 1583 330 ἦν
1615 260 1702 315 ἐπὶ
1741 271 1852 316 τῶν

175 351 388 406 ἐκείνου
427 355 620 420 λόγων.
657 352 662 421 Ι

85 443 190 495 23-
285 440 423 495 ἀλλὰ
462 442 584 511 γάρ,
624 442 715 493 ἵνα
755 440 825 509 μὴ
865 437 990 508 περι
1029 446 1199 491 ταῦτα
1235 440 1535 510 διατρίβων
1566 439 1801 507 ἀναγκα-
1825 453 1941 494 1024
1986 403 2004 558 Ι

177 535 296 583 σθῶ
350 535 681 600 παραλιπεῖν
729 549 781 581 τι
834 537 945 581 τῶν
997 527 1488 598 περιλειπομένων,
1534 527 1853 598 Ἰσοκράτην

129 637 151 670 5
175 615 276 687 μὲν
306 617 396 671 καὶ
428 619 526 670 τὸν
556 624 866 687 χαρακτῆρα
895 622 990 684 τῆς
1027 615 1242 684 αγωγῆς
1281 616 1490 686 ἐκείνης
1530 616 1687 684 ἐασω,
1725 615 1853 687 περὶ

176 703 236 759 δὲ
268 707 568 768 Πλάτωνος
599 707 702 774 ἤδη
736 703 1049 774 διαλέξομαι
1089 705 1154 758 τά
1193 703 1243 773 γ’
1266 703 1385 774 ἐμοὶ
1417 707 1688 758 δοκοῦντα
1719 706 1853 773 μετὰ

174 798 500 865 παρρησίας,
555 791 729 847 οὐθὲν
776 794 912 847 οὔτε
947 801 1010 863 τῆ
1060 792 1192 864 δόξῃ
1246 793 1481 864 τάνδρὸς
1529 791 1852 863 προστιθεὶς

175 884 301 936 οὔτε
353 890 447 950 τῆς
500 882 763 950 ἀληθείας
818 881 1251 952 ἀφαιρούμενος,
1304 881 1395 935 καὶ
1449 882 1681 951 μάλιστα
1737 881 1858 934 ἐπεί

173 990 319 1033 τινες
355 970 568 1035 ἀξιοῦσι
606 971 830 1024 πάντων
864 970 1034 1024 αὐτὸν
1066 970 1399 1040 ἀποφαίνειν
1430 972 1757 1039 φιλοσόφων
1795 989 1853 1023 τε

109 1081 149 1111 10
173 1058 262 1112 καὶ
310 1060 558 1129 ρητόρων
597 1058 926 1130 ἑρμηνεῦσαι
972 1061 1037 1113 τὰ
1082 1060 1372 1130 πράγματα
1419 1059 1854 1128 δαιμονιώτατον

172 1147 640 1217 παρακελεύονταί
680 1167 738 1201 τε
775 1147 908 1217 ἡμῖν
948 1148 1057 1220 ὅρῳ
1103 1147 1194 1201 καὶ
1239 1150 1434 1202 κανόνι
1481 1153 1723 1218 χρῆσθαι
1760 1166 1854 1199 κα-

173 1243 366 1306 θαρῶν
404 1237 514 1305 ἅμα
550 1234 642 1289 καὶ
683 1238 924 1306 ἰσχυρῶν
961 1239 1142 1304 λόγων
1179 1237 1355 1309 τούτῳ
1394 1243 1471 1309 τῷ
1510 1236 1687 1306 ἀνδρί.
1748 1235 1854 1303 ἤδη

174 1324 238 1377 δέ
263 1344 432 1377 τινων
461 1327 671 1393 ἤκουσα
703 1324 807 1392 ἐγὼ
841 1327 1134 1394 λεγόντων,
1176 1326 1265 1394 ὡς,
1306 1327 1353 1378 εἰ
1391 1323 1483 1378 καὶ
1520 1325 1669 1395 παρὰ
1698 1330 1855 1386 θεοῖς

174 1413 453 1474 διάλεκτός
492 1412 659 1481 ἐστιν,
705 1406 740 1484 ᾖ
777 1414 839 1466 τὸ
879 1422 990 1466 τῶν
1029 1413 1347 1483 ἀνθρώπων
1384 1413 1639 1484 κέχρηται
1677 1411 1855 1480 γένος,

107 1519 148 1551 1⁵
174 1501 274 1554 οὐκ
313 1503 490 1563 ἄλλως
521 1501 550 1555 ὁ
583 1503 842 1569 βασιλεὺς
882 1502 960 1554 ὢν
991 1502 1174 1555 αὐτῶν
1206 1501 1513 1570 διαλέγεται
1551 1501 1684 1563 θεὸς
1714 1500 1746 1568 ἢ
1780 1501 1853 1562 ὡς

174 1591 425 1643 Πλάτων.
499 1590 636 1659 πρὸς
676 1590 744 1657 δὴ
791 1590 1047 1652 τοιαύτας
1091 1590 1394 1658 ὑπολήψεις
1439 1587 1530 1642 καὶ
1578 1591 1853 1659 τερατείας

174 1678 490 1747 ἀνθρώπων
527 1677 798 1746 ἡμιτελῶν
835 1676 961 1747 περὶ
1008 1679 1231 1746 λόγους,
1279 1680 1336 1731 οἳ
1378 1678 1480 1745 τὴν
1519 1677 1714 1745 εὐγενῆ
1759 1697 1853 1729 κα-

173 1766 442 1833 τασκευὴν
473 1765 574 1818 οὐκ
613 1770 798 1818 ἴσασιν
836 1766 869 1833 ἥ
908 1768 991 1828 τίς
1029 1764 1151 1819 ποτ’
1182 1765 1330 1818 ἐστὶν
1362 1763 1492 1819 οὐδὲ
1531 1766 1815 1834 δύνανται,
1845 1763 1851 1837 Ι

173 1862 354 1907 πᾶσαν
382 1855 667 1923 εἰρωνείαν
695 1853 870 1923 ἀφείς,
903 1855 975 1916 ὡς
1005 1852 1240 1922 πέφυκα,
1274 1853 1602 1923 διαλέξομαι.
1651 1853 1717 1906 ὃν
1741 1851 1802 1906 δὲ
1828 1867 1943 1907 1025

109 1963 152 1995 20
177 1942 306 2006 ἀξιῶ
339 1944 546 2011 τρόπον
576 1944 914 2010 ποιήσασθαι
950 1943 1050 2010 τὴν
1083 1941 1324 2006 ἐξέτασιν
1355 1942 1544 2011 αὐτοῦ,
1583 1943 1853 2011 βούλομαι

174 2039 470 2100 προειπεῖν.
547 2030 651 2097 ἐγὼ
701 2031 801 2098 τὴν
840 2028 942 2099 μὲν
982 2030 1043 2083 ἐν
1081 2026 1202 2093 τοῖς
1242 2032 1522 2099 διαλόγοις
1568 2032 1854 2100 δεινότητα

176 2127 273 2172 τοῦ
320 2118 521 2188 ἀνδρὸς
567 2117 656 2171 καὶ
704 2120 938 2188 μάλιστα
987 2119 1046 2172 ἐν
1085 2113 1168 2183 οἷς
1207 2118 1276 2172 ἂν
1316 2120 1562 2190 φυλάττῃ
1601 2120 1699 2172 τὸν
1730 2122 1854 2172 Σω-

175 2208 434 2278 κρατικὸν
465 2215 791 2277 χαρακτῆρα,
831 2209 1011 2279 ὥσπερ
1053 2207 1113 2261 ἐν
1147 2215 1222 2279 τῷ
1258 2210 1498 2281 Φιλήβῳ,
1537 2209 1684 2260 πάνυ
1723 2209 1854 2275 ἄγα-

1995 1119 1999 1138 2„-
1996 1026 1998 1039 -
1995 956 2001 982 ,μ
1999 901 2001 905 1
1995 851 2001 875 n-
1994 788 2004 828 -ιν
1993 619 2004 779 ,καὶ-ρειγν.-
1996 573 2004 604 *z-

295 2370 349 2409 13
383 2366 593 2409 scholion
623 2365 740 2424 τάχα
771 2375 853 2411 τοῦ
886 2365 1151 2423 Κικέρωνος
1180 2368 1218 2411 Β
1251 2367 1300 2411 cf
1325 2367 1460 2411 Bruti
1492 2372 1574 2410 121

297 2518 318 2555 1
355 2507 382 2567 ἦ
415 2527 505 2556 πον
529 2513 566 2555 Β
603 2516 607 2569 Ι
643 2513 692 2556 τό
725 2530 772 2557 τε
803 2515 876 2558 Pv
912 2517 918 2572 Ι
955 2514 1031 2558 ἐπὶ
1036 2515 1171 2588 τῶν]
1204 2522 1295 2559 τῶν
1319 2514 1500 2570 Kn‘iger
1607 2518 1630 2556 7
1663 2512 1789 2565 δόξει
1814 2513 1853 2556 Ρ

298 2575 347 2613 11
382 2570 549 2614 κανόνι
589 2572 779 2630 ὡΙτατον
809 2573 890 2617 καὶ
928 2573 1097 2619 κανόνι
1127 2574 1165 2617 Β
1208 2578 1214 2629 Ι
1254 2573 1472 2628 καθαρὸν
1500 2572 1548 2615 Μ
1678 2576 1732 2614 12
1771 2572 1852 2616 καὶ

178 2643 253 2673 om
283 2629 319 2673 P
369 2631 375 2686 Ι
424 2629 571 2685 λόγων
605 2630 897 2688 Sylburgius:
939 2633 963 2677 ὁ
976 2632 1129 2706 λόγος
1256 2636 1310 2676 15
1350 2631 1561 2690 βασιλευς
1599 2628 1682 2688 ὢν]
1723 2631 1851 2731 §izm-

178 2688 351 2732 282562‘11?
396 2690 401 2745 Ι
443 2687 649 2732 διαλέται
680 2690 715 2732 Ρ
819 2695 873 2734 16
906 2690 985 2735 καί
1015 2707 1063 2736 τε
1094 2689 1330 2747 τερατείας
1360 2690 1498 2734 MBP
1531 2689 1613 2733 sed
1643 2704 1692 2732 ln
1801 2705 1850 2733 τε

176 2749 342 2804 postea
375 2746 579 2791 deletum
608 2750 678 2791 esf,
770 2753 823 2791 18
859 2749 979 2794 ἔστιν
1002 2751 1080 2807 ΒΙ
1117 2748 1218 2795 οὐδ’
1225 2748 1427 2817 <ἰδεῖν>
1453 2747 1495 2792 ci
1519 2749 1694 2792 Usener
1728 2750 1733 2804 Ι
1769 2749 1850 2792 δύ-

178 2823 315 2851 ναται
338 2805 375 2848 Β
469 2810 523 2849 19
555 2809 664 2851 ante
695 2813 851 2852 πᾶσαν
884 2809 1087 2865 spatium
1119 2812 1190 2854 est
1220 2809 1270 2852 in
1301 2806 1599 2852 editionibus.
1645 2809 1850 2852 συνιδεῖν

179 2864 405 2910 excidisse
437 2864 653 2908 Reiskius
693 2866 881 2921 putauit
924 2869 928 2924 Ι
973 2867 1188 2923 εἰρωνίαν
1219 2869 1254 2912 Ρ
1299 2869 1304 2924 Ι
1347 2864 1494 2921 ὥσπέρ
1535 2883 1663 2923 φυκα
1694 2866 1730 2908 Β

179 2930 233 2968 22
268 2922 484 2980 φυλαττει
507 2924 543 2966 Ρ
