1958 3192
137 145 208 198 26
561 147 901 190 ΔΙΟΝΥΣΙΟΤ
931 146 1399 188 ΑΛῙΚΑΡΝΑΣΕΩΣ

136 281 431 351 εὑρεθεῖσι,
469 290 580 333 τῶν
617 285 923 351 κρατίστων
962 277 1022 332 δὲ
1059 277 1151 332 καὶ
1182 280 1542 350 ’κυριωτάτων
1581 278 1814 332 ἐκλεκτι-

134 371 252 437 κός,
301 371 348 422 εἰ
387 370 458 438 μὴ
497 368 587 422 καὶ
626 371 858 438 μάλιστα
895 378 1006 422 τῶν
1045 370 1227 421 ἄλλων
1265 368 1538 439 ῥητόρων,
1586 367 1814 431 οὐδενός

136 478 197 526 γε
228 454 406 526 ἧττον.
467 458 612 522 τάξει
645 455 705 510 δὲ
738 458 879 527 ἁπλῇ
912 476 1022 509 τινι
1053 454 1306 527 κέχρηται
1337 465 1449 509 τῶν
1478 456 1814 526 πραγμάτων

136 545 226 599 καὶ
264 548 330 599 τὰ
368 535 846 615 πολλάωὸμοειδεῖ,
894 544 985 598 καὶ
1030 542 1155 614 περὶ
1202 546 1298 607 τὰς
1345 543 1657 615 ἐξεργασίας
1702 554 1815 597 τῶν

91 651 113 686 5
138 634 568 704 ἐπιχειρημάτων
607 634 810 703 ἀφελής
848 653 931 696 τις
968 631 1059 685 καὶ
1099 632 1421 703 ἀπερίεργός
1467 632 1640 686 ἐστιν·
1687 633 1814 685 οὔτε

137 724 241 792 γὰρ
280 732 744 792 προκατασκευαῖς
782 720 897 775 οὔτ’
939 721 1163 797 ἐφόδοις
1201 722 1327 775 οὔτε
1365 730 1649 792 μερισμοῖς
1688 722 1815 774 οὔτε

136 815 431 872 ποικιλίαις
471 812 759 880 σχημάτων
798 812 923 863 οὔτε
972 796 1090 872 ταῖς
1136 811 1326 872 ἄλλαις
1371 818 1489 872 ταῖς
1534 810 1814 872 τοιαύταις

136 902 499 969 πανουργίαις
530 900 834 969 εὑρίσκεται
866 899 1162 969 χρώμενος,
1193 897 1310 952 ἀλλ’
1349 900 1498 951 ε”στιν
1529 897 1814 968 ἀπέριττός

137 1007 219 1049 τις
259 986 572 1057 ἐλευθέριός
610 1007 667 1040 τε
704 986 795 1039 καὶ
833 987 1110 1058 ἀπόνηρος
1150 988 1505 1056 οἰκονομῆσαι
1551 987 1617 1039 τὰ
1664 986 1814 1056 εὑρε-

72 1097 113 1127 10
136 1074 320 1127 θέντα.
399 1075 456 1127 ἐκ
507 1077 574 1144 δὴ
625 1077 837 1128 τούτων
888 1075 1325 1147 παρακελεύομαι
1378 1083 1494 1137 τοῖς
1547 1074 1816 1142 ἀναγινώ-

138 1177 366 1215 σκουσιν
405 1163 574 1216 αὐτὸν
612 1165 713 1232 τὴν
750 1161 852 1233 μὲν
891 1164 1111 1235 εὕρεσιν
1141 1174 1253 1217 τῶν
1286 1163 1689 1232 ἐνθυμημάτων
1723 1161 1814 1215 καὶ

136 1252 236 1318 τὴν
287 1254 472 1322 κρίσιν
525 1256 748 1321 ζηλοῦν,
802 1253 904 1321 τὴν
950 1250 1012 1306 δὲ
1057 1252 1212 1317 τάξιν
1265 1251 1355 1305 καὶ
1406 1253 1507 1320 τὴν
1554 1251 1816 1322 ἐργασίαν

136 1338 341 1407 αὐτῶν,
383 1339 734 1411 ἐνδεεστέραν
773 1337 947 1394 οὖσαν
984 1350 1084 1394 τοῦ
1121 1343 1519 1412 προσήκοντος,
1571 1341 1642 1409 μὴ
1683 1339 1816 1393 ἀπο-

137 1426 394 1496 δέχεσθαι
432 1437 530 1481 τοῦ
570 1429 800 1500 ἀνδρός,
841 1429 980 1483 ἀλλὰ
1018 1429 1146 1500 παρ’
1187 1428 1403 1501 ἑτέρων,
1443 1431 1501 1482 οἳ
1534 1431 1815 1499 κρείττους

70 1535 112 1567 15
137 1517 490 1585 οἰκονομῆσαι
528 1519 593 1570 τὰ
633 1517 932 1589 εὑρεθέντα
972 1517 1250 1586 ἐγένοντο,
1299 1515 1425 1587 περὶ
1466 1513 1544 1570 ὧν
1580 1517 1816 1587 ὕστερον

138 1603 258 1674 ἐρῶ,
297 1612 458 1658 τοῦτο
497 1607 558 1658 τὸ
600 1616 872 1676 στοιχεῖον
910 1608 1225 1676 λαμβάνειν.

50 1699 117 1750 16
250 1690 255 1763 Ι
301 1692 658 1757 ἀποδεδωκὼς
713 1692 774 1748 δὲ
828 1696 926 1748 τὸν
978 1692 1116 1766 ὑπὲρ
1170 1704 1281 1748 τῶν
1335 1694 1544 1765 ἀρετῶν
1595 1714 1652 1747 τε
1701 1692 1792 1746 καὶ
1815 1703 1902 1744 488

137 1784 419 1848 στοιχείων
459 1785 651 1851 λόγον,
699 1782 803 1853 ἐρῶ
843 1792 950 1837 νῦν
986 1782 1077 1836 καὶ
1115 1781 1241 1853 περὶ
1288 1790 1387 1836 τοῦ
1434 1781 1631 1850 γένους
1679 1782 1816 1852 [τῶν

137 1867 659 1940 ἀμφισβητημάτων]
713 1871 774 1925 ἐν
813 1866 895 1935 οἷς
934 1872 1048 1925 ἐστι
1093 1873 1451 1941 θεωρήμασιν
1487 1871 1520 1939 ἡ
1560 1872 1814 1940 πολιτικὴ

71 1979 112 2010 20
135 1955 311 2028 τέχνη.
393 1967 548 2028 τριχῇ
604 1957 664 2012 δὲ
718 1959 1089 2030 νενεμημένου
1142 1967 1241 2013 τοῦ
1295 1960 1590 2030 ῥητορικοῦ
1643 1961 1815 2028 λόγου

136 2043 226 2096 καὶ
265 2048 388 2115 τριά
425 2051 842 2117 περιειληφότος
881 2050 1123 2119 διάφορα
1160 2057 1275 2110 τοῖς
1324 2047 1502 2101 τέλεσι
1548 2047 1705 2116 γένη,
1751 2050 1814 2101 τό

136 2152 193 2185 τε
226 2134 508 2187 δικανικὸν
538 2135 626 2188 καὶ
659 2138 719 2190 τὸ
754 2138 1224 2206 συμβουλευτικὸν
1258 2135 1348 2210 καὶ
1379 2138 1440 2197 τὸ
1472 2137 1816 2205 καλούμενον

256 2356 279 2393 2
326 2360 417 2396 τῶν
465 2350 511 2408 γ’
556 2353 703 2398 ἄλλων
750 2353 956 2411 ῥητόρων
1004 2355 1196 2406 οὐδενὸς
1239 2351 1375 2410 ἧττον
1413 2354 1670 2398 Reiskiana
1723 2361 1816 2398 τῶν

138 2407 286 2453 ἄλλων
325 2408 529 2466 ῥητόρων
570 2413 761 2463 οὐδενὸς
800 2411 938 2468 ἧττον
977 2415 1017 2458 G
1060 2418 1107 2459 et
1146 2414 1292 2472 ἥττων
1332 2428 1359 2457 a
1486 2418 1515 2456 4
1561 2412 1641 2457 καὶ
1685 2412 1812 2470 περὶ]

138 2465 228 2511 κᾶν
261 2468 299 2511 G
406 2475 430 2512 5
463 2468 610 2527 ἀφέλη
643 2488 710 2522 τις
736 2472 774 2515 G
879 2479 904 2516 6
938 2474 1043 2518 οὔτε
1077 2473 1265 2531 ἐφόδοις
1294 2473 1377 2516 ΒΡ
1481 2477 1505 2515 7
1539 2469 1815 2521 ποικιλλίαις

139 2525 179 2570 G
214 2528 220 2582 Ι
254 2535 354 2577 ταῖς
383 2531 490 2583 post
522 2529 679 2580 ἄλλαις
711 2544 785 2574 om
816 2532 940 2575 PGv
1037 2538 1062 2577 9
1094 2550 1162 2584 τις
1193 2533 1287 2576 add
1318 2531 1377 2574 F²
1410 2531 1415 2589 1
1453 2527 1714 2585 ἐλευθέριός
1745 2530 1812 2588 τε]

138 2585 218 2628 καὶ
250 2585 494 2641 ἐλεύθερος
526 2587 602 2630 Gv
645 2588 907 2644 ἐλευθέριός
939 2606 1015 2635 om
1045 2592 1082 2634 B
1175 2596 1230 2635 10
1263 2590 1312 2635 ἐκ
1344 2587 1395 2634 δὲ
1427 2605 1456 2633 v
1487 2591 1673 2646 praeter
1703 2588 1814 2632 Hol-

138 2643 324 2687 wellum
369 2668 375 2672 ·
410 2651 461 2688 12
487 2644 636 2700 κρίσιν
662 2647 888 2693 Sadaeus:
915 2650 1174 2709 abyupwffl
1199 2646 1468 2706 ἐξεργασίαν
1493 2647 1695 2691 Vliebius

141 2707 194 2746 13
227 2703 288 2759 μὴ
320 2702 638 2761 ἀποδέχεσθαι
668 2706 862 2751 Usener:
910 2708 970 2765 μὴ
1010 2709 1103 2754 ἀπό
1143 2725 1192 2767 γε
1224 2707 1407 2752 FMPB
1454 2707 1516 2763 μὴ
1548 2706 1642 2750 ἀπὸ
1677 2707 1815 2749 τοῦδε

140 2760 218 2805 Gv
340 2768 391 2806 16
424 2770 557 2807 τοῦτο
589 2764 639 2807 τὸ
673 2773 896 2822 στοιχεῖον
926 2782 1020 2811 non
1049 2771 1174 2812 recte
1208 2767 1283 2811 del
1313 2765 1514 2811 Vlietius
1638 2768 1690 2807 17
1723 2772 1815 2808 τῶν

139 2819 225 2863 FG
346 2826 399 2864 18
442 2820 588 2877 λόγων
627 2823 708 2865 ΡΒ
760 2825 764 2882 Ι
814 2833 904 2868 τῶν
944 2824 1366 2885 ἀμφισβητημάτων
1407 2824 1482 2868 del
1521 2824 1697 2867 Usener

140 2883 192 2921 21
226 2878 452 2935 καὶ.τριά
484 2881 518 2923 1⁴¹
555 2895 658 2924 cum
688 2896 762 2925 ras
814 2886 819 2938 Ι
871 2884 1110 2940 εἰληφότος
1141 2887 1198 2929 Fl
1248 2890 1253 2940 Ι
1303 2882 1511 2939 διάφορα
1543 2890 1639 2933 τοῖς
1669 2879 1813 2925 τέλεσι

139 2951 214 2980 om
247 2937 323 2982 GV
414 2944 468 2982 22
502 2941 770 2985 ὃεικανικὸν
803 2943 838 2984 Ρ
