2004 3202
206 83 316 135 402
630 85 970 127 ΔΙΟΝΥΣΙΟΤ
1000 84 1469 125 ΑΛΙΚΑΡΝΑΣΕῼΣ

206 224 423 284 νεσθαι,
462 225 537 290 τῷ
577 215 638 271 δὲ
669 219 1054 272 κινδυνεύοντι
1085 219 1215 280 τοὺς
1245 219 1537 279 ταπεινοὺς
1567 216 1658 270 καὶ
1689 234 1883 288 παραι-

207 309 460 376 τητικοὺς
520 314 614 375 τῆς
677 307 843 376 ὀργῆς
905 306 1209 359 ἀποδοῦναι
1271 308 1492 373 λόγους·
1554 313 1716 359 τοῦτο
1777 307 1883 377 γὰρ

209 391 278 464 ἧν
326 394 538 465 πρέπον
587 403 662 467 τῷ
711 401 998 465 μιμεῖσθαι
1049 393 1367 465 βουλομένῳ
1423 404 1731 464 συγγραφεῖ
1783 396 1885 463 τὴν

211 483 494 552 ἀλήθειαν.

132 571 206 625 46
313 571 543 642 Ὀχληρὰ
594 570 654 625 δὲ
699 572 921 625 κάκεῖνα
974 573 1039 624 τὰ
1086 572 1418 641 μειρακιώδη
1465 575 1885 640 καλλωπίσματα

168 679 188 710 6
212 669 306 729 τῆς
346 660 536 724 λέξεως
574 660 664 713 καὶ
703 662 768 713 τὰ
807 661 1129 713 πολύπλοκα
1167 669 1278 712 τῶν
1317 659 1721 729 ἐνθυμημάτων
1759 663 1886 730 σχή-

209 766 371 818 ματα·
428 748 595 801 (ἰέναι
651 745 711 801 δὲ
763 757 894 810 τοῖς.
933 747 1155 818 ἐχθροῖς
1209 747 1373 816 ὁμόσε
1431 747 1522 800 καὶ
1577 748 1886 817 ἀμύνεσθαι

210 839 282 907 μὴ
323 839 633 908 φρονήματι
672 838 862 904 μόνον,
907 834 1045 888 ἀλλὰ
1083 834 1173 887 καὶ
1212 838 1672 906 καταφρονήματι.
1751 839 1886 905 φρό-

211 946 355 995 νημα
396 923 497 994 μὲν
542 926 646 995 γαρ
694 922 784 976 καὶ
831 924 938 976 ὑπὸ
989 923 1228 992 ἀμαθίας
1275 923 1539 992 εὐτυχοῦς
1585 923 1675 977 καὶ
1723 926 1887 997 δειλῷ

148 1032 191 1064 10
213 1035 324 1068 τινι
364 1014 692 1082 ἐγγίγνεται·
747 1013 1154 1081 καταφρόνησις
1194 1011 1278 1079 δέ,
1333 1011 1393 1074 ὃς
1439 1011 1509 1065 ἂν
1560 1011 1650 1065 καὶ
1698 1015 1888 1084 γνώμῃ

210 1104 438 1173 πιστεύῃ
479 1111 591 1155 τῶν
631 1101 898 1154 ἐναντίων
935 1099 1211 1170 προέχειν·
1252 1100 1280 1153 ὃ
1320 1100 1452 1170 ἡμῖν
1489 1101 1735 1171 ὑπάρχει.
1797 1100 1888 1154 καὶ

210 1193 312 1260 τὴν
358 1194 564 1260 τόλμαν
611 1190 715 1243 ἀπὸ
762 1196 857 1257 τῆς
903 1188 1095 1257 ὁμοίας
1141 1190 1307 1258 τύχης
1344 1190 1376 1258 ἡ
1419 1191 1639 1252 σύνεσις
1687 1189 1744 1243 ἐκ
1789 1198 1889 1243 τοῦ

210 1279 561 1350 ὑπέρφρονος
615 1277 963 1348 ὀχυρωτέραν
1016 1278 1326 1348 παρέχεται·
1382 1277 1562 1331 ἐλπίδι
1615 1299 1672 1331 τε
1717 1275 1891 1346 ἧσσον

212 1368 473 1435 πιστεύει,
512 1363 577 1435 ἧς
617 1367 678 1420 ἐν
716 1375 791 1439 τῷ
823 1367 1010 1439 ἀπόρῳ
1044 1368 1075 1435 ἡ
1113 1368 1286 1436 ἰσχύς·
1326 1368 1516 1438 γνώμῃ
1549 1364 1610 1420 δὲ
1641 1367 1746 1420 ἀπὸ
1778 1376 1889 1420 τῶν

147 1473 190 1505 15
213 1457 599 1526 ὑπαρχόντων,
638 1453 701 1524 ἧς
739 1456 1062 1526 βεβαιοτέρα
1108 1456 1139 1524 ἡ
1179 1456 1448 1526 πρόνοια.’
1525 1457 1590 1509 τά
1628 1476 1685 1508 τε
1731 1457 1834 1525 γὰρ
1879 1453 1884 1526 Ι

216 1543 576 1614 (φρονήματα’
610 1546 922 1614 ψυχρότερά
955 1544 1068 1597 ἐστι
1100 1543 1190 1596 καὶ
1221 1551 1315 1612 τῆς
1349 1547 1590 1614 Γοργίου
1620 1542 1874 1616 προαιρέ-
1893 1561 1978 1600 929

216 1647 350 1695 σεως
389 1637 599 1702 μᾶλλον
639 1634 968 1702 οἰκειότερα,
1009 1633 1042 1700 ἥ
1081 1652 1137 1684 τε
1169 1642 1279 1684 τῶν
1318 1632 1603 1701 ὀνομάτων
1643 1632 1890 1701 ἐξήγησις
1988 1639 1989 1642 ’

215 1722 529 1790 ἀμφότερον
584 1722 872 1789 σοφιστικὴ
935 1719 1025 1773 καὶ
1084 1720 1462 1791 ἀπειρόκαλος·
1517 1721 1550 1788 ή
1602 1741 1658 1774 τε
1719 1723 1891 1790 τόλμα

215 1810 286 1877 ἣν
312 1809 436 1861 ρἀπὸ
469 1817 563 1877 τῆς
595 1809 786 1878 ὁμοίας
816 1810 981 1878 τύχης
1012 1809 1044 1877 ἡ
1080 1810 1299 1871 σύνεσις
1331 1809 1387 1862 ἐκ
1419 1817 1517 1862 τοῦ
1541 1809 1892 1879 ὑπέρφρονος

151 1915 193 1946 20
218 1897 565 1968 ὀχυρωτέραν
611 1896 919 1966 παρε’χεται’
971 1907 1081 1950 τῶν
1128 1898 1544 1967 (Ηρακλειτείων
1598 1907 1894 1951 σκοτεινῶν

218 1986 597 2055 ἀσαφεστέραν
637 1989 744 2055 ἔχει
793 1987 893 2054 τὴν
940 1988 1206 2054 δήλωσιν,
1245 1987 1278 2054 ἤ
1302 2007 1374 2052 ,τε
1413 1994 1507 2054 τῆς
1553 1987 1773 2048 ἐλπίδος
1812 1985 1894 2038 (ἐν

217 2082 292 2145 τῷ
332 2074 518 2146 ἀπόρῳ
569 2075 740 2143 ῑσχύς’
780 2073 868 2127 καὶ
908 2074 940 2142 ἡ
989 2083 1082 2142 τῆς
1128 2076 1346 2144 γνώμης
1394 2075 1519 2127 “ἀπὸ
1566 2085 1675 2127 τῶν
1720 2075 1892 2145 ὑπαρ-

219 2166 430 2231 χόντων
496 2162 815 2232 βεβαιοτέρα
875 2162 1129 2233 πρόνοια’
1190 2165 1616 2233 ποιητικώτερον
1675 2162 1892 2233 περιπέ-
1965 2186 1973 2210 ;

222 2265 479 2320 φρασται·
543 2253 796 2320 βούλεται
852 2253 954 2320 γὰρ
1022 2250 1227 2319 λέγειν,
1291 2252 1373 2304 ὅτι
1434 2253 1518 2304 δεῖ
1578 2259 1641 2321 τῇ
1703 2252 1890 2320 γνώμῃ

154 2355 197 2387 25
221 2341 498 2392 πιστεύειν
544 2345 778 2408 μᾶλλον,
824 2340 894 2407 ἣν
934 2339 991 2392 ἐκ
1037 2349 1147 2392 τῶν
1191 2342 1481 2410 παρόντων
1527 2341 1892 2408 λαμβάνομεν,

341 2504 363 2537 7
399 2499 526 2540 Thuc
550 2498 591 2540 Π
616 2503 685 2552 62,
711 2503 736 2540 3

341 2650 365 2687 6
401 2643 606 2701 σχήματα
639 2644 922 2699 Kruegerus:
957 2646 1161 2702 ὀνόματα
1193 2647 1323 2690 MPf
1462 2651 1484 2689 7
1518 2645 1598 2690 καὶ
1629 2644 1891 2700 ἀμύνεσθαι

223 2703 336 2747 MP:
364 2717 438 2746 om
467 2705 505 2746 Θ
530 2701 719 2745 inclusit
742 2704 765 2744 f
851 2708 876 2746 8
910 2706 1186 2760 φρονήματα
1208 2722 1263 2762 pr
1285 2706 1322 2748 P
1350 2706 1354 2763 Ι
1383 2705 1620 2762 φρόνημα]
1646 2702 1829 2759 αὔχημα
1852 2704 1891 2746 Θ

343 2766 367 2804 9
401 2761 493 2804 ἀπὸ
522 2763 561 2805 Θ
684 2765 737 2802 10
770 2760 996 2817 ἐγγίνεται
1020 2764 1088 2805 Pf
1204 2770 1256 2807 12
1290 2765 1467 2817 ξύνεσις
1491 2765 1513 2807 f
1644 2766 1696 2803 13
1731 2761 1890 2818 ὀχυρο-

224 2818 363 2875 τέραν
387 2820 410 2862 f
558 2825 609 2863 16
644 2820 853 2874 νοήματα
885 2821 927 2862 ci
958 2822 1219 2878 Kruegerus
1366 2828 1419 2866 18
1453 2819 1724 2879 ἀμφοτέρων
1750 2820 1888 2863 MPf:

226 2894 327 2923 corr
344 2878 558 2923 Reiskius
675 2883 727 2920 19
753 2878 928 2930 ξύνεσις
944 2895 966 2921 r
1086 2887 1140 2924 20
1162 2880 1471 2937 ἡρακλητείων
1488 2882 1556 2924 Pf
1578 2882 1583 2937 Ι
1613 2888 1832 2924 σκοτινῶν
1854 2883 1891 2924 Ρ
