2004 3202
767 107 1189 153 ΔΗΜΟΣΘΕΝΗΣ
1705 106 1814 160 243

142 247 399 300 ἁπάντων
438 244 737 313 ἐπιστήμην
773 246 1170 315 περιλάβωμεν,
1208 245 1328 296 τότε
1370 243 1650 312 ἀρχόμεθα
1688 243 1818 312 γρά-

142 356 270 406 φειν
321 354 378 387 τε
431 332 520 387 καὶ
575 333 1002 401 ἀναγινώσκειν,
1054 333 1189 385 κατὰ
1244 332 1526 400 συλλαβὴν
1579 327 1679 399 μὲν
1727 328 1820 382 καὶ

141 423 385 495 βραδέως
422 424 483 475 τὸ
522 432 759 492 πρῶτον,
805 422 896 475 ἅτε
945 429 1140 491 νεαρᾶς
1179 421 1347 488 οὔσης
1394 422 1472 472 ἔτι
1512 427 1606 487 τῆς
1645 418 1819 487 ἕξεως,

55 528 169 567 1116
192 514 592 583 προβαίνοντος
630 507 691 563 δὲ
729 518 828 563 τοῦ
867 513 1073 580 χρόνου
1110 507 1200 562 καὶ
1238 510 1336 562 τὸν
1373 516 1514 562 νοῦν
1547 509 1554 576 Ι
1592 502 1820 578 ἰσχυρὸν

139 611 204 672 τῇ
242 608 388 671 ψυχῇ
435 598 816 670 περιτιθέντος
865 599 922 651 ἐκ
969 606 1062 666 τῆς
1109 605 1375 666 συνεχοῦς
1413 597 1660 666 μελέτης,
1700 595 1812 650 τότ’
1844 611 1864 644 5

140 690 446 751 ἀπταίστως
486 708 544 740 τε
582 687 672 740 καὶ
719 689 853 740 κατὰ
899 687 1111 754 πολλὴν
1150 685 1459 754 εὐπέτειαν,
1506 685 1595 738 καὶ
1641 694 1753 739 πᾶν
1792 687 1821 739 ὅ

139 798 190 831 τι
229 776 299 830 ἂν
339 777 508 848 ἐπιδῷ
546 797 627 839 τις
672 779 906 845 βυβλίον
957 772 1123 828 οὐδὲν
1162 774 1386 828 ἐκείνων
1426 777 1504 827 ἔτι
1543 784 1654 827 τῶν
1690 779 1822 828 πολ-

138 871 252 920 λῶν
305 867 679 935 θεωρημάτων
735 864 1143 926 ἀναπολοῦντες
1197 865 1306 933 ἅμα
1370 866 1556 932 νοήσει
1610 865 1822 934 διερχό-

138 962 297 1024 μεθα.
367 963 623 1007 τοιοῦτον
674 955 742 1022 δή
797 974 849 1005 τι
899 951 989 1005 καὶ
1039 951 1163 1022 περὶ
1218 953 1423 1020 ταύτην
1475 952 1821 1021 ὑποληπτέον

137 1044 399 1113 γενέσθαι
444 1044 544 1110 τὴν
589 1042 811 1111 τέχνην,
868 1041 925 1094 ἐκ
980 1051 1090 1094 τῶν
1139 1052 1350 1111 μικρῶν
1397 1040 1487 1094 καὶ
1542 1044 1818 1111 γλίσχρων
1842 1055 1887 1086 10

137 1133 511 1202 θεωρημάτων
558 1130 863 1200 αὐξομένην
916 1131 1017 1198 τὴν
1070 1129 1185 1193 ἕξιν
1239 1132 1344 1182 σὺν
1389 1132 1568 1202 χρόνῳ
1617 1130 1820 1200 ῥᾳδίως

140 1221 322 1274 αὐτῶν
367 1229 612 1290 κρατεῖν,
668 1221 804 1272 ὥστε
858 1220 966 1287 ἅμα
1013 1221 1198 1286 νοήσει
1252 1218 1575 1289 κεκριμένον
1627 1237 1683 1271 τε
1728 1217 1820 1271 καὶ

138 1312 437 1363 ἄπταιστον
476 1309 643 1376 αὐτῆς
683 1304 823 1360 εἶναι
856 1309 917 1359 τὸ
950 1310 1127 1376 ἔργον.
1190 1309 1238 1359 εἰ
1270 1306 1335 1359 δέ
1362 1327 1435 1379 τῳ
1470 1308 1620 1359 δοκεῖ
1649 1314 1820 1359 ταῦτα

136 1397 226 1451 καὶ
257 1400 434 1450 πόνου
466 1401 676 1450 πολλοῦ
706 1396 797 1448 καὶ
828 1399 1198 1465 πραγματείας
1228 1397 1463 1464 μεγάλης
1494 1398 1631 1463 ἔργα,
1659 1391 1818 1462 εἶναι,

136 1485 226 1539 καὶ
272 1487 415 1555 μάλα
469 1485 653 1555 ὀρθῶς
708 1486 859 1538 δοκεῖ
916 1487 1050 1538 κατὰ
1095 1486 1194 1537 τὸν
1239 1483 1600 1553 Δημοσθένη·
1652 1481 1819 1536 οὐδὲν
1845 1497 1886 1529 15

137 1577 241 1645 γὰρ
281 1584 391 1627 τῶν
430 1574 682 1643 μεγάλων
714 1583 926 1643 μικρῶν
959 1573 1071 1626 ε’στι
1102 1575 1291 1626 πόνων
1323 1573 1506 1625 ὤνιον.
1568 1572 1688 1626 ἀλλ’
1723 1573 1818 1626 ἐὰν

137 1664 511 1732 ἐπιλογίσηται
543 1665 671 1725 τοὺς
703 1662 1152 1724 ἀκολουθοῦντας
1185 1661 1372 1724 αὐτοῖς
1395 1662 1654 1732 καρπούς,
1685 1667 1819 1730 μᾶλ-

138 1757 238 1806 λον
277 1751 328 1805 δ’
369 1752 465 1804 ἐὰν
511 1751 608 1804 ἕνα
654 1753 829 1819 μόνον
874 1751 972 1803 τὸν
1011 1753 1256 1818 ἔπαινον,
1304 1750 1370 1803 ὃν
1409 1750 1749 1804 ἀποδίδωσιν
1787 1751 1816 1805 ὁ

137 1843 334 1909 χρόνος
363 1838 454 1892 καὶ
487 1843 613 1903 ζῶσι
636 1838 726 1892 καὶ
758 1840 889 1907 μετὰ
921 1839 1022 1906 τὴν
1051 1842 1326 1907 τελευτήν,
1349 1847 1531 1891 πᾶσαν
1561 1839 1819 1908 ἡγήσεται

52 1943 164 1982 1117
196 1931 298 1997 τήν
340 1928 439 1996 [τε]
479 1930 853 1997 πραγματείαν
893 1926 1092 1980 ἐλάττω
1131 1935 1226 1995 τῆς
1263 1930 1657 1996 προσηκούσης.
1693 1928 1699 1996 Ι
1841 1942 1883 1974 20

251 2010 328 2079 εἷς
368 2019 446 2069 ἔτι
486 2037 578 2084 μοι
616 2018 992 2069 καταλείπεται
1032 2018 1194 2083 λόγος
1233 2015 1261 2068 ὁ
1297 2014 1421 2085 περὶ
1459 2023 1553 2083 τῆς
1591 2017 1815 2086 ὑποκρί-
1833 2015 1904 2066 53

256 2153 309 2191 15
341 2146 676 2190 Demosthenes
708 2146 812 2200 περὶ
843 2153 933 2189 τῶν
967 2145 1016 2189 ἐν
1050 2145 1324 2204 Χερρονήσῳ
1356 2149 1413 2188 48
1458 2135 1463 2140 ’

257 2256 278 2293 1
314 2250 650 2323 περιλεύβωμεν
675 2249 710 2292 Ρ
763 2248 1104 2305 περιλούβωμεν
1129 2248 1164 2290 Β
1220 2246 1559 2306 παραλάβωμεν
1590 2249 1808 2294 Reiskius

138 2326 249 2354 οταν
281 2307 331 2353 δε
364 2309 449 2365 τὴν
479 2309 653 2352 τούτων
686 2307 937 2374 ἐπιστήμην
968 2306 1178 2378 λάβωμεν
1212 2307 1267 2350 de
1300 2321 1433 2363 comp
1467 2312 1548 2350 211
1637 2314 1661 2351 2
1693 2309 1811 2353 ἀνα-

136 2369 357 2441 γνωσκειν
382 2369 417 2411 Ρ
493 2372 518 2410 3
553 2366 684 2420 ἕξεως
706 2367 768 2421 Μ,
792 2366 829 2409 Β
861 2366 910 2408 111
934 2381 1031 2423 mg:
1064 2364 1223 2418 λέξεως
1246 2366 1283 2408 Β
1315 2366 1364 2409 111
1395 2369 1541 2422 textu,
1566 2367 1602 2410 P
1670 2372 1698 2410 4
1729 2368 1811 2412 τὸν

138 2428 272 2486 νοῦν]
304 2426 443 2472 τόνον
474 2426 691 2470 Reiskius
723 2426 804 2469 τὸν
838 2425 982 2480 νόμον
1016 2425 1200 2480 Usener,
1235 2439 1295 2468 an
1325 2426 1375 2469 τὸ
1410 2425 1606 2470 ἔννουνὶ)
1640 2427 1812 2478 τύπους

140 2487 351 2544 ἰσχυροὺς
384 2500 439 2530 ex
470 2485 591 2529 libro
625 2485 680 2528 de
714 2498 846 2540 comp
880 2490 961 2527 211
995 2484 1084 2527 huc
1117 2484 1366 2528 transferre
1400 2484 1605 2529 Sadaeus
1637 2485 1810 2541 uoluit;

138 2558 231 2590 non
269 2545 471 2601 quadrat
502 2546 563 2588 ad
594 2541 911 2599 περιτιθέντος
1030 2548 1055 2586 5
1088 2540 1406 2599 περιτιθέντος
1430 2544 1536 2599 ΜΡ,
1562 2544 1598 2586 Β
1630 2544 1679 2587 111
1710 2561 1809 2602 mg:

137 2602 419 2660 προτιθέντα
444 2604 481 2647 Β
513 2603 562 2646 111
593 2605 724 2647 textu
754 2605 758 2658 Ι
793 2602 892 2646 τότε
925 2601 1010 2644 ΒΡ
1139 2607 1162 2645 7
1195 2600 1384 2662 βυβλίον
1407 2603 1467 2645 Β1
1515 2602 1714 2675 Sylburg
1716 2603 1810 2648 ius:

139 2661 315 2721 βιβλίον
407 2668 432 2706 8
466 2662 619 2717 νοήσει
653 2661 948 2717 Sylburgius:
981 2660 1160 2716 νοήσεις
1267 2667 1318 2704 11
1355 2660 1450 2715 ἕξιν
1474 2661 1542 2706 M:
1575 2660 1697 2715 λέξιν
1727 2662 1811 2706 ΒΡ

259 2729 311 2765 12
347 2723 519 2780 αὐτῶν]
552 2720 802 2765 ἁπάντωνὶ)
832 2723 836 2778 Ι
866 2719 1049 2774 νοήσειν
1081 2719 1163 2763 ΒΡ
1241 2727 1294 2764 14
1326 2719 1500 2772 πόνους
1531 2721 1568 2763 Β
1646 2726 1699 2764 16
1733 2737 1808 2777 με-

141 2779 290 2836 γάλων
323 2782 401 2825 καὶ
433 2784 584 2825 καλῶν
608 2780 645 2823 Β
690 2782 694 2836 Ι
737 2777 921 2823 πόνωον
946 2778 983 2822 Β
1111 2784 1163 2823 17
1200 2778 1522 2836 ἐπιλογήσηται
1546 2779 1684 2822 ΜΒΡ

143 2843 196 2882 18
227 2838 271 2883 δ’
295 2839 397 2898 ἐὰν]
423 2837 516 2883 δὲ
501 2857 559 2884 αν
576 2838 715 2882 ΜΒΡ
747 2836 791 2881 ὃ
822 2855 880 2882 αν
905 2853 933 2881 v
962 2840 968 2894 Ι
998 2837 1209 2896 ἔπαινον]
1243 2855 1384 2883 παιοι-
1410 2838 1502 2882 add
1529 2856 1554 2883 ν
1580 2853 1715 2895 super
1739 2856 1754 2881 ι
1772 2838 1807 2880 Β

258 2903 313 2942 20
344 2915 390 2942 τε
424 2898 613 2942 seclusit,
645 2897 916 2953 Sylburgius

1459 2971 1541 3013 16*
