1958 3192
719 155 1103 199 -ΧΧῙΧ-

67 293 219 346 Hanc
288 291 530 362 syllogen
590 294 776 360 postea
835 291 1018 344 ordine
1078 309 1186 343 non
1245 293 1452 343 mutato
1521 289 1748 343 Hudson

67 379 263 435 Oxonii
305 380 447 432 1704
499 383 552 432 et
605 378 717 432 Ioh.
757 378 980 433 Iacobus
1026 379 1279 432 Reiskius
1326 378 1575 447 Dionysii
1621 382 1659 431 t.
1698 377 1751 430 V

67 473 123 522 et
174 467 250 521 VI
297 469 509 538 Lipsiae
567 469 706 521 1777
763 469 1103 521 iterauerunt.
1202 486 1233 520 a
1284 467 1504 520 Reiskio
1557 467 1752 535 pendet

68 557 370 626 exemplum
395 576 426 609 a
450 556 504 610 C.
529 556 846 610 Tauchnitio
871 557 1015 626 typis
1039 541 1753 624 immobilibus'expressum.

68 644 287 699 Aemilii
334 645 470 699 Gros
516 645 851 715 Francogalli
904 645 1191 698 editionem
1238 663 1281 697 a.
1312 644 1364 697 h.
1399 663 1438 696 s.
1470 643 1652 696 XXVI
1699 647 1752 696 et

68 733 278 787 XXVII
314 734 534 787 Parisiis
573 734 820 787 emissam
860 737 1033 787 tacere
1070 736 1320 803 praestat.

180 821 293 875 Iam
348 842 453 892 quo
506 823 678 893 magis
729 822 984 891 opuscula
1036 822 1284 891 Dionysii
1336 821 1626 874 utilissima
1675 821 1752 874 in-

70 912 429 980 notescebant,
468 914 879 964 consentaneum
917 914 999 964 est
1037 911 1234 980 quippe
1274 910 1611 980 antiquitatis
1644 913 1752 962 stu-

70 1000 174 1053 djis
211 1000 542 1053 sernentibus
581 1000 637 1051 in
678 1000 810 1052 uiris
858 1000 1027 1052 doctis
1063 1018 1173 1052 non
1210 999 1393 1068 paucis
1433 999 1755 1052 desiderium

70 1089 363 1141 maximum
402 1106 585 1141 eorum
624 1106 758 1157 quae
795 1088 1031 1141 nondum
1070 1087 1284 1157 publico
1332 1089 1455 1140 usui
1501 1077 1755 1157 patebant

72 1177 361 1230 excitatum
400 1195 528 1229 esse.
611 1177 777 1229 fuisse
815 1180 943 1229 tunc
982 1177 1074 1246 qui
1114 1177 1292 1229 omnia
1330 1172 1579 1245 Dionysii
1627 1195 1753 1245 opu-

71 1265 221 1317 scula
251 1265 450 1317 inedita
485 1265 684 1333 pariter
722 1268 881 1333 atque
920 1265 1063 1317 edita
1101 1284 1207 1317 uno
1241 1265 1418 1318 codice
1459 1283 1754 1334 conponere

70 1353 256 1421 uellet,
306 1352 534 1405 conicias
584 1371 650 1404 ex
689 1353 867 1406 codice
916 1353 1299 1406 Mediolanensi
1340 1354 1580 1406 miscello
1621 1371 1753 1406 saec.

71 1440 202 1495 XVI
246 1441 615 1510 bybliothecae
653 1440 1037 1494 Ambrosianae
1077 1441 1145 1494 ‘D
1177 1442 1286 1494 473
1326 1442 1463 1510 inf.'‚
1517 1442 1602 1494 cui
1650 1442 1753 1494 duo

73 1531 444 1600 quaterniones
490 1530 903 1598 interponuntur
951 1549 1017 1582 ex
1063 1530 1241 1583 codice
1290 1531 1465 1583 lacero
1506 1529 1755 1598 Dionysii

73 1622 303 1672 seruata:
356 1618 504 1687 prior
547 1622 753 1687 partem
805 1619 933 1671 artis
972 1619 1270 1672 rhetoricae
1309 1619 1431 1671 inde
1471 1637 1502 1671 a
1540 1638 1588 1688 p.
1629 1619 1756 1688 273,

77 1707 147 1760 14
176 1707 238 1759 R.
291 1715 386 1776 τῆς
440 1705 765 1776 οἰκουμένης
826 1726 995 1777 usque
1049 1708 1117 1759 ad
1168 1727 1218 1776 p.
1266 1707 1396 1777 328,
1429 1707 1462 1759 6
1526 1709 1758 1776 φεύγειν

27 1831 29 1834 .
73 1796 332 1865 continet,
386 1796 520 1848 alter
572 1796 856 1864 epistulam
903 1796 970 1848 ad
1014 1795 1329 1865 Pompeium
1384 1797 1648 1866 integram
1703 1801 1756 1849 et

20 1872 29 1897 '¹
73 1883 200 1937 libri
261 1885 323 1936 de
379 1883 684 1953 Thucydide
740 1885 1063 1954 principium
1124 1903 1293 1954 usque
1357 1885 1423 1937 ad
1483 1904 1533 1954 p.
1573 1885 1696 1955 333,
1723 1885 1754 1937 8

38 1960 43 2004 ἶ
73 1971 235 2024 huius
274 1973 539 2042 editioniS‚
576 1976 863 2042 utrumque
903 1974 1015 2026 sine
1046 1973 1228 2043 titulo;
1268 1974 1550 2026 coniuncta
1588 1974 1757 2043 igitur

76 2060 133 2114 in
171 2061 349 2114 codice
389 2061 659 2130 deperdito
699 2065 848 2114 erant
888 2080 1021 2131 quae
1054 2062 1278 2114 diuersis
1310 2062 1571 2115 librorum
1603 2079 1756 2132 gene-

77 2149 226 2202 ribus
278 2150 476 2202 tradita
536 2154 672 2202 sunt.
766 2151 842 2203 sic
890 2149 1130 2203 Andreas
1184 2150 1501 2220 DudithiuS‚
1553 2151 1646 2220 qui
1699 2152 1755 2203 in

41 2254 45 2275 ³
77 2235 234 2290 Italia
272 2237 578 2291 adulescens
618 2239 809 2291 studiis
847 2257 1015 2307 usque
1054 2239 1121 2291 ad
1160 2257 1281 2291 eum
1312 2257 1509 2291 annum
1541 2240 1756 2292 uacauit

24 2324 272 2397 30554)
343 2345 447 2395 quo
507 2326 575 2379 H.
639 2325 895 2395 Stephani
953 2327 1323 2396 supplementa
1384 2327 1526 2380 edita
1588 2331 1712 2380 sunt
1724 2327 1756 2397 1,

25 2408 44 2542 ἔ
77 2431 292 2483 operam
342 2415 486 2467 dedjt
523 2419 584 2467 ut
622 2415 751 2467 haec
798 2415 1052 2484 opuscula
1097 2416 1407 2484 plenissima
1446 2416 1758 2469 collectione

30 2528 51 2583 ᾗ
80 2503 435 2573 coniungeret.
498 2521 528 2555 a
567 2522 672 2572 quo
713 2503 1047 2574 Sylburgius,
1085 2507 1146 2556 ut
1184 2523 1249 2556 ex
1288 2505 1401 2556 eius
1431 2505 1759 2573 praefatione

28 2586 300 2671 {constat
339 2610 447 2643 non
486 2591 660 2643 solum
700 2593 1109 2645 commentarios
1149 2593 1212 2644 de
1253 2593 1561 2661 Thucydide
1603 2598 1655 2646 et
1693 2594 1757 2646 de

30 2675 460 2827 §Demosthene7
514 2680 605 2732 sed
644 2683 827 2748 postea
874 2681 1034 2732 etiam
1081 2682 1210 2733 artis
1249 2681 1542 2734 rhetoricae
1583 2682 1758 2750 capita

82 2765 179 2774 ———

31 2823 61 2890 ἓξ
200 2813 222 2851 1
257 2807 322 2852 Cf.
363 2809 421 2853 de
451 2810 539 2854 hoc
570 2810 682 2869 {uiro
715 2810 759 2854 C.
794 2811 843 2854 B.
878 2810 1031 2867 Stieff,
1074 2813 1226 2856 Leben
1263 2812 1362 2856 und
1402 2813 1757 2869 ylaubens-mey-

34 2886 58 2949 3
81 2892 264 2938 mmyen
280 2882 426 2927 Andr.
446 2883 1005 2942 Dudiths(1533—1589),
1035 2900 1285 2943 yeweseuen
1312 2887 1503 2940 bischofs
1529 2922 1536 2929 .
1566 2922 1572 2929 .
1602 2922 1609 2928 .
1642 2886 1757 2929 nach

43 2975 58 3025 ἶ
81 2954 234 2999 seinen
255 2956 684 3011 handschriftlichen
709 2959 890 3012 briefen.
937 2959 1032 3003 Mit
1049 2963 1240 3015 pom-dt.
1288 2958 1602 3002 Vratislauiae
1630 2963 1755 3001 1756.
