1958 3192
837 111 1070 154 ΑΤΣΙΑΣ
1728 110 1793 162 31

119 243 502 315 νενεμημένων
538 245 751 299 τούτων
789 250 867 308 εἴς
905 266 963 299 τε
1008 246 1068 298 τὸ
1107 253 1329 315 πρᾶγμα
1377 243 1468 297 καὶ
1513 245 1573 297 τὸ
1619 246 1800 307 πάθος

118 332 209 387 καὶ
247 335 308 386 τὸ
347 330 488 402 ἦθος
518 335 583 387 τὰ
618 330 720 403 μὲν
758 333 817 386 έκ
856 342 955 388 τοῦ
992 334 1308 405 πράγματος
1347 333 1576 396 οὐδενὸς
1614 343 1800 403 χεῖρον

120 422 305 492 εὑρεῖν
341 442 400 475 τε
437 421 527 475 καὶ
569 421 799 486 ἐξειπεῖν
848 423 1079 476 δύναται
1119 426 1343 485 Λυσίας.
1412 421 1502 475 καὶ
1548 424 1653 493 γὰρ
1700 430 1800 475 τοῦ

119 513 327 574 εἰκότος
358 512 579 581 ἄριστος
603 510 632 564 ὁ
658 510 797 581 ἀνὴρ
826 512 1076 580 εἰκαστὴς
1105 509 1196 564 καὶ
1220 519 1320 564 τοῦ
1343 513 1799 581 παραδείγματος,

116 608 191 670 πῇ
231 619 288 652 τε
328 600 522 669 ὅμοιον
560 595 703 652 εἶναι
740 598 951 669 πέφυκε
997 598 1087 653 καὶ
1124 608 1198 670 πῇ
1239 598 1534 670 διαφέρον,
1585 599 1801 670 ἀκριβέ-
1846 626 1868 658 5

119 702 312 751 στατος
364 689 552 758 κριτὴς
604 689 671 741 τά
716 708 773 741 τε
828 697 1021 758 σημεῖα
1075 690 1280 742 διελεῖν
1333 691 1398 742 τὰ
1450 691 1802 758 παρεπόμενα
1923 680 1926 686 ’

117 785 233 840 τοῖς
270 777 550 847 πράγμασι
587 775 678 830 καὶ
718 779 796 839 εἰς
833 780 1141 847 τεκμηρίων
1175 777 1344 841 δόξαν
1375 777 1603 846 ἀγαγεῖν
1634 779 1801 830 δυνα-

29 879 116 921 495
139 867 389 928 τώτατος.
425 864 430 936 Ι
503 864 593 918 καὶ
625 867 721 928 τὰς
754 866 811 919 ἐκ
841 876 952 919 τῶν
982 866 1141 934 ἠθῶν
1171 886 1233 934 γε
1263 869 1472 929 πίστεις
1503 865 1802 935 ἀξιολόγως

117 956 266 1008 πάνυ
311 955 731 1019 κατασκευάζειν
777 957 962 1024 ἔμοιγε
1007 955 1172 1008 δοκεῖ.
1239 956 1502 1018 πολλάκις
1548 952 1650 1024 μὲν
1695 957 1800 1025 γὰρ

119 1043 177 1097 ἐκ
230 1051 330 1097 τοῦ
384 1046 512 1112 βίου
565 1042 655 1096 καὶ
710 1051 804 1111 τῆς
858 1044 1100 1112 φύσεως,
1154 1045 1416 1107 πολλάκις
1471 1043 1522 1097 δ’
1578 1043 1636 1097 ἐκ
1689 1052 1801 1096 τῶν
1826 1070 1868 1102 10

116 1131 400 1203 προτέρων
443 1132 694 1203 πράξεων
746 1130 839 1184 καὶ
882 1131 1257 1202 προαιρέσεων
1309 1132 1596 1197 ἀξιόπιστα
1640 1153 1802 1186 κατα-

119 1222 363 1286 σκευάζει
402 1222 468 1274 τά
502 1223 629 1290 ἤθη.
693 1221 826 1274 ὅταν
857 1218 918 1273 δὲ
949 1222 1221 1290 μηδεμίαν
1252 1221 1510 1292 ἀφορμὴν
1540 1222 1801 1291 τοιαύτην

117 1312 258 1381 λάβῃ
295 1312 442 1379 παρὰ
481 1319 592 1362 τῶν
628 1310 981 1379 πραγμάτων,
1020 1309 1185 1372 αὐτὸς
1223 1310 1481 1378 ἠθοποιεῖ
1518 1310 1608 1363 καὶ
1640 1330 1800 1363 κατα-

118 1400 361 1472 σκευάζει
413 1400 479 1451 τά
532 1400 796 1468 πρόσωπα
857 1405 933 1469 τῷ
994 1401 1139 1470 λόγῳ
1200 1400 1365 1452 πιστὰ
1425 1398 1516 1452 καὶ
1577 1400 1800 1470 χρηστά,

115 1486 462 1558 προαιρέσεις
513 1506 570 1540 τε
624 1486 812 1549 αὐτοῖς
873 1486 1089 1549 ἀστείας
1148 1486 1436 1550 ὑποτιθεὶς
1494 1486 1584 1540 καὶ
1645 1489 1798 1556 πάθη
1826 1511 1867 1544 15
1900 1506 1915 1520 V

31 1596 35 1602 “
117 1576 309 1646 μέτρια
345 1577 679 1646 προσάπτων
716 1574 807 1628 καὶ
846 1578 1047 1643 λόγους
1086 1574 1338 1639 ἐπιεικεῖς
1369 1576 1672 1639 ἀποδιδοὺς
1710 1576 1801 1629 καὶ

117 1674 236 1728 ταῖς
273 1666 462 1734 τύχαις
493 1664 778 1718 ἀκόλουθα
809 1672 1159 1734 φρονοῦντας
1190 1666 1427 1732 εἰσάγων
1457 1663 1548 1718 καὶ
1581 1664 1668 1718 ε’πὶ
1699 1662 1801 1734 μὲν

118 1763 232 1816 τοῖς
270 1753 481 1816 ἀδίκοις
520 1751 866 1822 ἀχθομένους
903 1751 994 1805 καὶ
1035 1755 1220 1821 λόγοις
1258 1752 1349 1806 καὶ
1389 1756 1595 1824 ἔργοις,
1635 1756 1701 1807 τὰ
1739 1751 1801 1807 δὲ

118 1844 303 1895 δίκαια
347 1840 822 1912 προαιρουμένους
866 1851 1042 1894 ποιῶν
1087 1840 1178 1895 καὶ
1223 1843 1401 1895 πάντα
1444 1842 1583 1911 (vok)
1628 1860 1801 1913 παρα-

116 1933 319 1999 πλήσια
357 1931 596 1998 τούτοις,
644 1930 697 1994 ἐξ
737 1925 816 1983 ὧν
862 1927 1091 1993 ἐπιεικὲς
1138 1929 1208 1983 ἂν
1252 1929 1343 1983 καὶ
1389 1929 1614 2002 μέτριον
1658 1928 1800 1999 ἦθος
1825 1955 1867 1986 20

23 2028 116 2068 1496
141 2022 357 2088 φανείη,
393 2018 398 2088 Ι
433 2020 857 2084 κατασκευάζων.
911 2018 1035 2089 περὶ
1061 2016 1122 2072 δὲ
1146 2021 1212 2072 τὰ
1235 2020 1389 2088 πάθη
1421 2021 1801 2090 μαλακώτερός

121 2107 232 2161 ἐστι
279 2106 368 2160 καὶ
420 2109 545 2161 οὔτε
592 2107 843 2176 αὐξήσεις
890 2109 1015 2160 οὕτε
1069 2109 1350 2171 δεινώσεις
1403 2110 1529 2162 οὔτε
1583 2114 1800 2170 οἴκτους

120 2195 249 2250 οὔθ’
290 2197 391 2250 ὅσα
428 2197 644 2259 τούτοις
682 2195 794 2249 ἐστὶ
833 2198 1184 2266 παραπλήσια
1222 2207 1486 2259 νεανικῶς
1522 2198 1670 2250 πάνυ
1708 2195 1799 2249 καὶ

121 2283 439 2355 ἐρρωμένως
493 2285 890 2337 κατασκευάσαι
944 2286 1193 2347 δυνατός.
1271 2284 1337 2338 οὐ
1386 2286 1470 2338 δεῖ
1515 2286 1582 2353 δὴ
1629 2292 1799 2337 ταῦτα

242 2509 263 2547 1
304 2504 383 2548 καὶ
422 2503 473 2547 τὸ
513 2498 635 2560 ἦθος
679 2503 759 2547 καὶ
797 2503 848 2547 τὸ
887 2501 1047 2554 πάθος
1083 2503 1224 2547 ΜΡΒ
1346 2509 1370 2546 2
1414 2502 1579 2561 χείρων
1625 2503 1674 2546 in
1721 2517 1800 2559 mg

121 2569 277 2619 χεῖρον
307 2562 344 2606 Β
435 2567 463 2605 4
497 2562 680 2617 ἄριστος
711 2562 830 2619 ἀνὴρ
863 2562 1082 2619 δικαστὴς
1106 2562 1190 2607 GF
1230 2563 1311 2606 sed
1342 2562 1392 2605 in
1422 2578 1501 2619 mg
1532 2562 1591 2605 1³¹2
1622 2562 1646 2607 ὃ
1678 2562 1798 2618 ἀνὴρ

122 2621 247 2676 quod
270 2623 377 2678 post
401 2621 619 2678 δικαστὴς
641 2621 791 2678 repeti
814 2621 979 2677 uoluit,
1004 2625 1058 2666 ut.
1078 2621 1263 2678 signum
1285 2622 1533 2677 utrobique
1559 2620 1798 2678 appictum

124 2679 260 2724 docet
305 2680 488 2736 ἄριστος
534 2681 752 2737 δικαστὴς
799 2680 823 2724 ὁ
865 2681 984 2738 ἀνὴρ
1024 2681 1184 2725 MPB:
1233 2695 1334 2725 corr
1375 2681 1680 2725 Marklandus

125 2741 151 2780 5
182 2745 267 2795 πῆι
297 2739 422 2783 solus
453 2739 488 2782 F
595 2737 834 2795 διαφέρων
866 2739 906 2783 G
1027 2745 1083 2784 10
1121 2738 1172 2784 δὲ
1206 2739 1256 2784 ἐκ
1287 2740 1369 2783 ΡΒ
1492 2745 1543 2783 11
1586 2737 1798 2794 πράξεων

124 2795 283 2842 MPB:
314 2796 479 2851 λέξεων
558 2797 597 2842 G
647 2801 652 2855 Ι
703 2797 1050 2858 κατασκευάζει]
1089 2806 1218 2843 ποιεῖ
1245 2799 1322 2842 Gv
1445 2804 1499 2842 13
1538 2797 1666 2854 παρὰ
1707 2805 1798 2841 τῶν

99 2854 403 2927 -πραγμάτων
447 2858 668 2914 τοιαύτην
713 2856 830 2916 λάβῃ
879 2857 955 2901 Gv
1070 2863 1122 2901 15
1171 2858 1426 2913 περιτιθεὶς
1471 2857 1680 2902 Mathaei

130 2916 183 2955 19
214 2930 270 2957 τα
300 2914 498 2959 inseruit
529 2916 735 2960 Sadaeus
827 2921 883 2960 24
915 2919 990 2960 δεῖ
1017 2914 1067 2961 δὲ
1099 2918 1136 2961 Ρ
