2004 3202
166 160 274 212 212
588 161 928 206 ΔΙοΝΤΣῐοΤ
958 159 1425 204 ΑΛΙΚΑΡΝΑΣΕῼΣ

167 295 449 366 ἁρμονίας,
483 295 542 348 ἐν
574 292 634 348 δὲ
666 304 780 357 τοῖς
811 292 1171 362 καλουμένοις
1201 295 1413 363 κώλοις,
1453 295 1486 348 ἃ
1519 298 1838 348 συντίθεται

167 380 268 453 μὲν
300 383 358 436 ἐκ
387 393 498 436 τῶν
529 384 829 452 ὀνομάτων,
869 386 1179 452 συμπληροῖ
1209 379 1270 435 δὲ
1301 384 1395 445 τὰς
1425 384 1735 453 περιόδους,
1771 383 1837 436 οὐ

168 474 341 541 μόνον
374 480 560 540 ταῦτα,
600 472 736 524 ἀλλὰ
775 469 865 523 καὶ
896 470 1028 538 <τὸ>
1066 472 1194 534 τοὺς
1225 471 1477 541 ῥυθμοὺς
1514 473 1643 534 τοὺς
1679 491 1840 525 κατα-

168 569 500 631 μετροῦντας
539 561 676 612 αὐτὰ
723 560 793 628 μὴ
833 561 1124 621 ταπεινοὺς
1170 557 1306 628 μηδὲ
1351 562 1670 629 μαλθακοὺς
1708 559 1831 629 μηδ’

124 666 144 699 5
169 649 415 717 ἀγεννεῖς
447 645 605 716 εἶναι,
643 649 892 715 ὑψηλοὺς
924 644 985 699 δὲ
1023 646 1113 700 καὶ
1145 647 1445 718 ἀνδρώδεις
1483 647 1573 701 καὶ
1612 654 1840 718 μεγαλο-

168 747 404 807 πρεπεῖς.
467 737 532 789 οὐ
571 738 673 806 γὰρ
715 736 781 803 δὴ
823 737 1040 803 φαῦλόν
1070 755 1122 787 τι
1160 743 1382 805 πρᾶγμα
1415 736 1628 806 ῥυθμὸς
1661 737 1720 789 ἐν
1751 739 1840 790 λό-

169 846 287 894 γοις
320 822 449 878 οὐδὲ
479 826 799 893 προσθήκης
830 824 981 885 τινὸς
1011 832 1211 893 μοῖραν
1243 826 1370 892 ἔχον
1395 824 1496 877 οὐκ
1526 825 1840 893 ἀναγκαίας,

170 913 285 967 ἀλλ’
326 915 372 966 εἰ
419 915 503 965 δεῖ
550 911 810 980 τάληθές,
866 912 938 974 ὡς
985 911 1082 980 ε’μὴ
1131 911 1285 980 δόξα,
1342 914 1530 980 εἰπεῖν,
1557 913 1841 966 ἁπάντων

168 1004 505 1073 κυριώτατον
550 1010 661 1053 τῶν
706 1001 989 1069 γοητεύειν
1035 999 1360 1069 δυναμένων
1406 1000 1495 1054 καὶ
1543 1002 1549 1068 Ι
1597 1007 1783 1070 κηλεῖν
1816 1016 1928 1055 1072
1997 1009 2004 1075 ᾖ

105 1108 147 1139 10
170 1093 263 1153 τὰς
303 1091 479 1152 ἀκοάς.
539 1091 675 1160 πρὸς
715 1087 775 1142 δὲ
814 1098 928 1152 τοῖς
968 1089 1205 1159 ῥυθμοῖς
1243 1089 1334 1142 καὶ
1373 1092 1433 1143 τὸ
1474 1092 1602 1153 τοὺς
1641 1105 1842 1160 σχημα-
1997 1090 2004 1103 '

169 1181 394 1248 τισμοὺς
433 1179 566 1248 [τῶν
606 1179 859 1247 ἐννοιῶν]
905 1181 1196 1246 γενναίους
1235 1174 1376 1231 εἶναι
1422 1178 1511 1231 καὶ
1557 1178 1844 1248 ἀξιωματι-

169 1270 300 1330 κοὺς
341 1267 407 1320 οὐ
447 1270 620 1337 μόνον
657 1269 785 1330 τοὺς
826 1269 961 1320 κατὰ
999 1269 1094 1330 τὰς
1140 1269 1356 1336 νοήσεις
1402 1267 1539 1320 ἀλλά
1583 1266 1674 1320 καὶ
1719 1267 1835 1321 κατ’

171 1356 342 1424 αὐτὴν
371 1357 472 1424 τὴν
504 1355 651 1420 λέξιν
679 1355 1123 1425 συνισταμένους.
1180 1354 1598 1426 ἐξαριθμεῖσθαι
1629 1354 1690 1409 δὲ
1721 1365 1844 1424 νῦν,

172 1445 273 1497 ὅσα
319 1443 447 1513 γένη
497 1454 881 1513 σχηματισμῶν
922 1444 1035 1496 ἐστι
1081 1453 1191 1496 τῶν
1236 1463 1293 1496 τε
1339 1443 1844 1512 κατωνομασμένων

107 1547 148 1579 15
172 1532 262 1586 καὶ
308 1542 419 1586 τῶν
464 1533 938 1602 ἀκατονομάστων,
982 1531 1072 1584 καὶ
1121 1535 1267 1585 τίσιν
1313 1532 1495 1584 αὐτῶν
1539 1532 1571 1599 ἡ
1619 1533 1842 1601 τοιαύτη

170 1623 402 1690 μάλιστα
454 1619 698 1689 πέφυκεν
753 1621 988 1690 ἁρμονία
1041 1623 1268 1690 χαίρειν,
1325 1620 1426 1672 οὐκ
1479 1622 1582 1688 ἔχω
1635 1623 1842 1690 καιρόν.

171 1712 251 1762 ε”τι
281 1716 376 1777 τῆς
407 1709 670 1779 ἁρμονίας
701 1710 899 1777 ταύτης
931 1710 1136 1761 οἰκεῖόν
1168 1708 1281 1761 ἐστι
1319 1707 1409 1761 καὶ
1441 1709 1501 1760 τὸ
1533 1710 1628 1770 τὰς
1662 1711 1845 1778 περιό-
1894 1712 1897 1713 ’

171 1800 305 1860 δους
355 1798 696 1867 αὐτουργούς
749 1816 902 1859 τινας
957 1793 1099 1850 εἶναι
1151 1795 1242 1849 καὶ
1297 1796 1518 1865 ἀφελεῖς
1570 1795 1660 1848 καὶ
1714 1799 1847 1865 μήτε

174 1886 676 1956 συναπαρτιζούσας
724 1884 939 1947 ἑαυταῖς
987 1886 1084 1937 τὸν
1123 1893 1261 1938 νοῦν
1299 1887 1431 1954 μήτε
1478 1899 1847 1956 συμμεμετρη-

109 1994 152 2025 20
176 1974 340 2044 μένας
378 1981 454 2045 τῷ
485 1975 751 2043 πνεύματι
783 1982 882 2026 τοῦ
915 1973 1170 2041 λέγοντος
1209 1972 1351 2042 μηδέ
1385 1993 1446 2041 γε
1485 1975 1847 2043 παραπληρώ-

174 2077 303 2132 μασι
343 2072 453 2115 τῶν
492 2062 777 2130 ὀνομάτων
816 2061 915 2114 οὐκ
955 2062 1274 2129 ἀναγκαίοις
1311 2062 1383 2124 ὡς
1414 2063 1552 2131 πρὸς
1582 2062 1682 2130 τὴν
1713 2062 1846 2115 ὑπο-

173 2149 428 2219 κειμένην
460 2151 714 2203 διάνοιαν
745 2148 1026 2220 χρωμένας
1064 2149 1188 2219 μηδ’
1213 2152 1290 2212 εἰς
1329 2151 1657 2220 θεατρικούς
1694 2170 1847 2213 τινας

175 2237 264 2291 καὶ
303 2241 622 2308 γλαφυροὺς
653 2239 1062 2306 καταληγούσας
1095 2239 1360 2308 ῥυθμούς.
1414 2241 1662 2291 καθόλου
1695 2238 1760 2292 δέ
1786 2259 1847 2306 γε

178 2324 306 2378 οὐδὲ
354 2327 641 2391 ἀσπάζεται
687 2328 747 2379 τὸ
789 2326 1117 2396 ἐμπερίοδον
1155 2327 1253 2394 ἥδε
1290 2326 1322 2394 ἡ
1365 2327 1627 2388 σύνθεσις
1670 2327 1742 2388 ὡς
1780 2327 1845 2379 τὰ

112 2432 153 2465 25
177 2415 375 2482 πολλά,
429 2414 699 2482 ἀποιήτως
746 2414 811 2467 δέ
860 2433 974 2476 πως
1026 2413 1116 2467 καὶ
1163 2414 1378 2483 ἀφελῶς
1433 2413 1522 2466 καὶ
1568 2415 1634 2466 τὰ
1678 2417 1844 2466 πλείω

299 2548 320 2585 1
357 2541 624 2587 συντίθεται
657 2543 952 2599 Sylburgius:
987 2543 1282 2589 συντίθενται
1373 2548 1398 2586 3
1431 2544 1481 2588 τὸ
1514 2543 1607 2587 add
1629 2543 1846 2587 Reiskius

296 2607 323 2644 4
356 2601 469 2656 μετὰ
499 2602 688 2652 πεινοὺς
711 2602 748 2644 Β
841 2608 866 2645 5
899 2603 1119 2660 εἰγεννεῖς
1142 2604 1223 2646 ΒΡ
1262 2603 1442 2659 ἀγενεῖς
1465 2617 1495 2646 v
1586 2607 1610 2644 7
1639 2602 1847 2657 προσθή-

179 2678 264 2711 κας
288 2660 369 2702 BP
406 2662 411 2715 Ι
446 2658 612 2715 μοίραν
637 2661 684 2702 Μ
719 2662 725 2716 Ι
766 2659 879 2717 ἔχων
903 2662 985 2705 ΒΡ
1077 2667 1102 2704 9
1135 2663 1214 2706 καὶ
1246 2676 1321 2706 om
1351 2661 1387 2704 P
1422 2664 1427 2717 Ι
1466 2662 1623 2704 καλεῖν
1648 2661 1730 2703 ΒΡ

183 2724 236 2762 10
268 2720 576 2776 χηματισμοὺς
599 2719 681 2761 ΒΡ
804 2724 853 2761 11
888 2728 979 2764 τῶν
1012 2720 1204 2765 ἐννοιῶν
1237 2719 1412 2764 deleuit
1443 2719 1623 2775 Kriiger
1664 2721 1669 2775 Ι
1712 2720 1846 2772 ἀξιω-

180 2778 430 2834 ματισμοὺς
460 2777 794 2832 ἀξιωματικοὺς
826 2778 860 2820 Ρ
968 2785 1022 2822 12
1053 2780 1132 2824 καὶ
1163 2777 1289 2837 κατ’]
1321 2778 1401 2823 καὶ
1431 2775 1472 2821 τ’
1502 2778 1538 2820 Ρ
1645 2782 1699 2821 15
1731 2778 1848 2822 ἀκα-

180 2834 447 2892 τονομάτων
465 2836 501 2878 Β
652 2841 704 2878 16
730 2835 930 2890 ἁρμονία
954 2838 990 2879 Β
1022 2841 1075 2882 ut
1103 2838 1373 2895 plerumque
1554 2840 1606 2879 17
1634 2836 1717 2894 ἔτι]
1750 2836 1848 2880 ἐπεὶ

181 2895 358 2939 MBPv
391 2896 398 2952 Ι
433 2892 631 2950 ἁρμονία
664 2895 700 2936 Β
823 2900 876 2937 19
909 2896 1329 2952 συναπαρτιζούσας
1359 2895 1408 2938 L.
1434 2894 1647 2940 Dindorf:
1681 2910 1848 2952 συναρ-

181 2954 412 3007 παζούσας
453 2955 459 3010 Ι
501 2961 686 2998 τοινοῦν
710 2953 745 2995 Ρ
774 2954 779 3010 Ι
809 2954 1174 3011 συμμετρομένας
1204 2956 1240 2998 Ρ
1295 2952 1690 3010 συμμετρουμένας
1720 2971 1749 2998 v
