2004 3202
162 102 270 154 342
589 103 930 146 ΔΙΟΝΥΣΙΟΤ
960 102 1425 145 ΑΛΙΚΑΡΝΑΣΕΩΣ

158 236 249 290 ὑπ’
282 237 471 306 αὐτοῦ,
505 236 643 306 λέγω
677 238 743 305 δὴ
777 238 837 289 τὸ
870 238 942 305 μὴ
974 237 1075 304 τὴν
1105 237 1240 288 κατὰ
1272 237 1445 305 φύσιν
1468 238 1614 304 ἔχειν
1644 235 1837 306 ἀρχήν.

158 329 417 397 πρόσεστι
473 323 534 379 δὲ
579 327 754 397 τούτῳ
808 324 898 377 καὶ
953 325 1013 378 τὸ
1070 325 1141 393 μὴ
1198 325 1275 387 εἰς
1327 324 1359 377 ἃ
1405 325 1517 378 ἔδει
1571 326 1839 394 κεφάλαια

159 413 594 483 τετελευτηκέναι
625 415 726 482 τὴν
760 415 1021 482 ἱστορίαν.
1081 415 1173 480 ἔτη
1206 414 1310 483 γὰρ
1345 411 1478 466 ἑπτὰ
1508 411 1599 466 καὶ
1631 418 1839 466 εἴκοσιν

158 505 574 574 περιειληφότος
612 510 709 555 τοῦ
749 500 1008 570 πολέμου,
1046 502 1224 554 πάντα
1262 502 1360 554 τὸν
1399 504 1603 571 χρόνον
1641 509 1839 555 τοῦτον

115 608 135 640 5
160 592 261 655 ἕως
299 600 393 661 τῆς
424 592 768 652 καταλύσεως
800 589 970 643 αὐτοῦ
1002 591 1221 658 βιώσας,
1257 589 1414 660 μέχρι
1445 598 1544 643 τοῦ
1577 589 1840 661 δευτέρου

157 680 248 735 καὶ
289 682 537 734 εἰκοστοῦ
576 681 932 747 κατεβίβασεν
972 680 1127 741 ἔτους
1165 679 1266 746 τὴν
1308 679 1572 749 ἱστορίαν,
1611 687 1674 750 τῇ
1714 678 1839 749 περὶ

157 770 344 831 Κυνὸς
377 777 519 837 σῆμα
550 770 825 838 ναυμαχίᾳ
855 768 955 835 τὴν
988 767 1194 835 ὀγδόην
1225 767 1437 835 βύβλον
1467 771 1839 837 παρεκτείνας,

157 857 246 911 καὶ
294 865 463 910 ταῦτα
507 857 847 926 προειρηκὼς
906 855 966 909 ἐν
1012 862 1087 927 τῷ
1141 858 1412 926 προοιμίῳ
1458 857 1636 909 πάντα
1690 874 1838 926 περι-

157 949 431 1015 λήψεσθαι
470 946 536 998 τά
573 943 893 1014 πραχθέντα
931 945 1065 997 κατὰ
1105 945 1266 997 τόνδε
1305 945 1403 996 τὸν
1441 946 1702 1013 πόλεμον·
1749 943 1839 999 καὶ

92 1051 134 1082 10
157 1036 217 1089 ἐν
278 1043 340 1105 τῇ
403 1033 614 1104 πέμπτῃ
671 1034 858 1104 βύβλῳ
921 1034 1088 1086 πάλιν
1150 1037 1650 1102 συνκεφαλαιοῦται
1711 1035 1841 1096 τοὺς

157 1127 413 1194 χρόνους,
462 1121 554 1191 ἀφ’
595 1118 661 1175 οὗ
709 1142 765 1175 τε
813 1121 1012 1193 ἤρξατο
1059 1120 1149 1174 καὶ
1196 1119 1369 1193 μέὶχρι
1425 1117 1491 1174 οὗ
1531 1123 1826 1192 προελθὼν
1843 1135 1928 1176 838

155 1212 455 1280 κατελύθη,
491 1218 662 1263 ταῦτα
700 1212 835 1264 κατὰ
875 1209 1022 1274 λέξιν
1063 1211 1373 1279 γεγραφώς·
1422 1208 1538 1262 (καὶ
1585 1219 1700 1273 τοῖς
1736 1210 1840 1264 ἀπὸ

156 1310 414 1370 χρησμῶν
467 1319 519 1352 τι
578 1298 1021 1369 ἰσχυρισαμένοις
1082 1301 1257 1368 μόνον
1305 1299 1371 1366 δὴ
1419 1306 1583 1352 τοῦτο
1632 1299 1842 1369 ὀχυρῶς

156 1388 381 1457 ξυμβάν.
459 1386 542 1441 ἀεὶ
589 1390 693 1458 γὰρ
745 1387 849 1456 ἐγὼ
908 1386 1181 1457 μέμνημαι
1235 1386 1326 1440 καὶ
1382 1386 1689 1457 ἀρχομένου
1742 1395 1840 1440 τοῦ

91 1491 132 1524 15
155 1475 399 1546 πολέμου
445 1476 535 1530 καὶ
583 1476 739 1547 μέχρι
789 1473 855 1530 οὗ
904 1476 1216 1544 ἐτελεύτησε
1265 1478 1687 1546 προφερόμενον
1732 1475 1839 1529 ὑπὸ

154 1569 399 1633 πολλῶν,
462 1566 545 1618 ὅτι
606 1564 723 1636 τρὶς
777 1564 935 1618 ἐννέα
996 1567 1087 1632 ἔτη
1151 1563 1267 1617 δέοι
1329 1563 1591 1632 γενέσθαι
1653 1564 1838 1618 αὐτόν.

156 1653 388 1722 ἐπεβίων
443 1651 503 1706 δὲ
558 1655 650 1706 διὰ
702 1655 906 1716 παντὸς
959 1653 1158 1721 αὐτοῦ,
1214 1654 1617 1722 αἰσθανόμενός
1670 1673 1727 1706 τε
1774 1662 1838 1724 τῇ

154 1742 339 1813 ἡλικίᾳ
394 1740 485 1794 καὶ
534 1740 820 1812 προσέχων
867 1743 968 1811 τὴν
1015 1742 1264 1811 γνώμην,
1313 1742 1457 1804 ὅπως
1506 1740 1741 1811 ἀκριβῶς
1786 1762 1838 1794 τι

156 1835 391 1898 εἴσομαι·
445 1828 534 1882 καὶ
591 1829 788 1899 ξυνέβη
852 1851 944 1899 μοι
1008 1831 1238 1899 φεύγειν
1294 1830 1394 1898 τὴν
1456 1829 1695 1899 ἐμαυτοῦ
1745 1832 1836 1898 ἔτη

90 1933 133 1965 20
155 1924 327 1971 εἴκοσι
365 1920 497 1987 μετὰ
535 1919 636 1987 τὴν
675 1920 753 1981 εἰς
784 1917 1117 1988 Ἀμφίπολιν
1157 1921 1512 1989 στρατηγίαν,
1553 1917 1643 1971 καὶ
1683 1938 1838 1987 γενο-

154 2006 298 2079 μένῳ
345 2005 468 2077 παρ’
510 2006 839 2077 ἀμφοτέροις
889 2017 1003 2071 τοῖς
1049 2008 1328 2077 πράγμασι
1375 2005 1466 2060 καὶ
1515 2007 1615 2076 οὐχ
1665 2003 1838 2075 ἧσσον

275 2187 327 2226 12
361 2181 490 2225 Thuo
513 2182 556 2225 V
580 2187 634 2226 26

275 2348 297 2385 1
339 2341 452 2399 λέγω
492 2341 543 2387 δὲ
590 2343 852 2401 Kruegerus
896 2346 901 2402 Ι
945 2344 1004 2401 μὴ
1051 2344 1136 2399 τὴν
1175 2343 1244 2388 M:
1286 2343 1346 2399 μὴ
1387 2343 1455 2386 Pf
1493 2347 1499 2394 Ι
1543 2342 1690 2401 ἀρχήν
1722 2342 1835 2386 MP:

155 2414 230 2444 om
261 2401 284 2443 f
399 2407 424 2443 2
457 2403 537 2445 καὶ
567 2403 639 2460 τὸ]
672 2403 751 2446 καὶ
775 2403 834 2446 Ρ1
861 2403 866 2462 Ι
895 2405 969 2447 δεῖ
998 2402 1138 2447 MPf:
1172 2416 1272 2446 corr
1302 2402 1564 2459 Kruegerus
1699 2407 1724 2445 3
1759 2401 1834 2458 ἔτη

155 2459 260 2504 P'f:
294 2460 358 2503 ἔτι
388 2460 504 2503 MP1
531 2464 536 2516 Ι
566 2461 709 2505 εἴκοσι
733 2462 756 2504 f
931 2467 956 2506 6
989 2468 1044 2518 τῆ
1075 2462 1182 2517 περὶ
1213 2461 1342 2512 κινὸς
1375 2468 1429 2518 τῆ
1461 2461 1567 2517 περὶ
1598 2461 1657 2503 Pl

157 2552 181 2590 7
213 2545 373 2648 βίβλον
404 2547 484 2590 Mf
511 2537 648 2606 βίβλέ)
681 2548 716 2590 Ρ
821 2553 874 2592 10
907 2548 1046 2608 βίβλω
1078 2549 1189 2592 libri
1217 2552 1223 2605 Ι
1251 2547 1619 2606 συνεκεφαλαίου
1650 2564 1697 2592 τε
1729 2550 1836 2599 τοὺς

155 2606 203 2648 Μ
263 2626 271 2650 :
306 2610 753 2662 συνανακεφαλαιῶν
784 2623 832 2650 τε
863 2609 970 2658 τοὺς
1000 2609 1023 2651 f
1119 2614 1170 2652 11
1206 2605 1360 2666 μέχρις
1390 2608 1413 2650 f
1513 2612 1565 2651 12
1599 2607 1834 2663 κατελάθη

155 2665 191 2708 Ρ
219 2667 224 2721 Ι
253 2665 495 2721 γεγραφὼς
526 2665 639 2709 MP:
674 2662 875 2721 γέγραφε
906 2667 956 2724 f}
985 2675 1080 2718 τοῖς
1125 2667 1237 2724 ἀπὸ]
1265 2666 1330 2710 sio
1361 2667 1385 2709 f
1486 2671 1538 2710 13
1573 2666 1650 2724 δὴ]
1685 2663 1735 2710 δὲ
1771 2681 1794 2708 r
1831 2683 1834 2717 ι

157 2723 327 2781 ἐχυρῶς
363 2726 403 2768 Θ
496 2728 549 2766 14
582 2724 760 2782 ξυμβᾶν
793 2724 840 2767 Μ
871 2725 1072 2785 τοξυβάν
1148 2726 1161 2751 ¹
1193 2725 1369 2785 ξυνβάν
1400 2725 1459 2768 P²
1552 2730 1603 2768 15
1637 2723 1792 2782 μέχρις
1818 2724 1842 2767 f

217 2787 271 2826 16
303 2782 400 2837 τρὶς
430 2782 478 2825 cf
506 2796 624 2837 quae
658 2782 718 2825 ad
749 2797 779 2838 p
806 2787 904 2838 340,
926 2790 980 2827 14
1015 2785 1141 2829 dicta
1173 2787 1281 2828 sunt
1309 2785 1314 2840 Ι
1344 2784 1408 2828 ἔτι
1438 2783 1474 2826 Ρ
1617 2787 1671 2826 18
1704 2785 1835 2838 ἀκρι-

157 2838 232 2899 βές
267 2842 306 2886 Θ
428 2845 481 2884 19
520 2840 697 2897 εἴσομαι
729 2839 752 2882 f
761 2843 821 2885 (92
854 2841 1071 2899 πείσομαι
1095 2844 1188 2887 ΜΡ
1219 2843 1342 2886 unde
1375 2856 1488 2886 caue
1520 2855 1577 2885 ne
1608 2842 1836 2898 πεύσομαι

149 2899 354 2944 scribas:
388 2914 423 2943 π
454 2913 509 2943 ex
540 2916 582 2943 τι
615 2903 767 2944 ortum
889 2905 943 2943 20
977 2901 1041 2952 εἰς
1072 2903 1186 2946 MP:
1221 2901 1267 2953 ἐς
1298 2901 1368 2946 f&
1490 2906 1542 2943 21
1578 2899 1705 2956 παρὰ
1736 2901 1784 2943 Μ
