<?xml version="1.0" encoding="UTF-8"?>
<!DOCTYPE html PUBLIC "-//W3C//DTD XHTML 1.0 Transitional//EN"
    "http://www.w3.org/TR/xhtml1/DTD/xhtml1-transitional.dtd">
<html xmlns="http://www.w3.org/1999/xhtml" xml:lang="en" lang="en">
 <head>
  <title>
</title>
<meta http-equiv="Content-Type" content="text/html;charset=utf-8" />
  <meta name='ocr-system' content='tesseract 3.04.00' />
  <meta name='ocr-capabilities' content='ocr_page ocr_carea ocr_par ocr_line ocrx_word'/>
</head>
<body>
  <div class='ocr_page' id='page_1' title='image "./quaeexstant05dionuoft_0205.png"; bbox 0 0 2004 3202; ppageno 0'>
   <div class='ocr_carea' id='block_1_1' title="bbox 0 0 1744 190">
    <p class='ocr_par' dir='ltr' id='par_1_1' title="bbox 0 0 1744 190">
     <span class='ocr_line' id='line_1_1' title="bbox 0 0 1744 190; baseline -0.001 -10"><span class='ocrx_word' id='word_1_1' title='bbox 0 0 68 161; x_wconf 54' lang='lat' dir='ltr'>I</span> <span class='ocrx_word' id='word_1_2' title='bbox 503 167 506 170; x_wconf 25' lang='lat'><strong>⁴</strong></span> <span class='ocrx_word' id='word_1_3' title='bbox 695 136 1120 180; x_wconf 73' lang='grc' dir='ltr'><strong>ΔΗΜΟΣΘΕΝΗΣ</strong></span> <span class='ocrx_word' id='word_1_4' title='bbox 1643 138 1744 190; x_wconf 81' lang='lat'><strong><em>155</em></strong></span> 
     </span>
    </p>
   </div>
   <div class='ocr_carea' id='block_1_2' title="bbox 0 269 1831 2584">
    <p class='ocr_par' dir='ltr' id='par_1_2' title="bbox 46 269 1746 429">
     <span class='ocr_line' id='line_1_2' title="bbox 51 269 1744 340; baseline 0.001 -17"><span class='ocrx_word' id='word_1_5' title='bbox 51 269 358 339; x_wconf 78' lang='grc' dir='ltr'><strong><em>,ἐπορεύετο</em></strong></span> <span class='ocrx_word' id='word_1_6' title='bbox 384 271 462 332; x_wconf 86' lang='grc' dir='ltr'><strong><em>εἰς</em></strong></span> <span class='ocrx_word' id='word_1_7' title='bbox 491 271 593 338; x_wconf 86' lang='grc' dir='ltr'><strong><em>τὴν</em></strong></span> <span class='ocrx_word' id='word_1_8' title='bbox 616 269 840 339; x_wconf 88' lang='grc' dir='ltr'><strong><em>ἀγοράν.</em></strong></span> <span class='ocrx_word' id='word_1_9' title='bbox 886 269 978 323; x_wconf 86' lang='grc' dir='ltr'><strong><em>καὶ</em></strong></span> <span class='ocrx_word' id='word_1_10' title='bbox 1008 270 1142 340; x_wconf 80' lang='grc' dir='ltr'><strong><em>ἡμῖν</em></strong></span> <span class='ocrx_word' id='word_1_11' title='bbox 1166 274 1454 340; x_wconf 78' lang='grc' dir='ltr'><strong><em>συμβαίνει</em></strong></span> <span class='ocrx_word' id='word_1_12' title='bbox 1487 271 1744 338; x_wconf 87' lang='grc' dir='ltr'><strong><em>ἀναστρέ-</em></strong></span> 
     </span>
     <span class='ocr_line' id='line_1_3' title="bbox 46 357 1746 429; baseline 0.001 -18"><span class='ocrx_word' id='word_1_13' title='bbox 46 361 275 428; x_wconf 77' lang='grc' dir='ltr'><strong><em>φουσιν</em></strong></span> <span class='ocrx_word' id='word_1_14' title='bbox 321 357 378 411; x_wconf 85' lang='grc' dir='ltr'><strong><em>ἐκ</em></strong></span> <span class='ocrx_word' id='word_1_15' title='bbox 424 366 523 411; x_wconf 87' lang='grc' dir='ltr'><strong><em>τοῦ</em></strong></span> <span class='ocrx_word' id='word_1_16' title='bbox 573 362 987 428; x_wconf 78' lang='grc' dir='ltr'><strong><em>Φερρεφαττίου</em></strong></span> <span class='ocrx_word' id='word_1_17' title='bbox 1031 357 1122 412; x_wconf 86' lang='grc' dir='ltr'><strong><em>καὶ</em></strong></span> <span class='ocrx_word' id='word_1_18' title='bbox 1167 368 1529 429; x_wconf 83' lang='grc' dir='ltr'><strong><em>περιπατοῦσι</em></strong></span> <span class='ocrx_word' id='word_1_19' title='bbox 1579 362 1746 413; x_wconf 86' lang='grc' dir='ltr'><strong><em>πάλιν</em></strong></span> 
     </span>
    </p>

    <p class='ocr_par' dir='ltr' id='par_1_3' title="bbox 0 444 1745 517">
     <span class='ocr_line' id='line_1_4' title="bbox 0 444 1745 517; baseline 0.002 -20"><span class='ocrx_word' id='word_1_20' title='bbox 0 455 63 508; x_wconf 62' lang='lat'><strong><em>»21</em></strong></span> <span class='ocrx_word' id='word_1_21' title='bbox 90 445 204 500; x_wconf 88' lang='grc' dir='ltr'><strong><em>κατ’</em></strong></span> <span class='ocrx_word' id='word_1_22' title='bbox 235 446 369 499; x_wconf 88' lang='grc' dir='ltr'><strong><em>αὐτό</em></strong></span> <span class='ocrx_word' id='word_1_23' title='bbox 406 464 522 508; x_wconf 87' lang='grc' dir='ltr'><strong><em>πως</em></strong></span> <span class='ocrx_word' id='word_1_24' title='bbox 556 448 617 499; x_wconf 91' lang='grc' dir='ltr'><strong><em>τὸ</em></strong></span> <span class='ocrx_word' id='word_1_25' title='bbox 652 446 984 517; x_wconf 38' lang='grc' dir='ltr'><strong><em>Λεωῗκόριον</em></strong></span> <span class='ocrx_word' id='word_1_26' title='bbox 1016 444 1174 515; x_wconf 83' lang='grc' dir='ltr'><strong><em>εἶναι,</em></strong></span> <span class='ocrx_word' id='word_1_27' title='bbox 1212 446 1303 500; x_wconf 87' lang='grc' dir='ltr'><strong><em>καὶ</em></strong></span> <span class='ocrx_word' id='word_1_28' title='bbox 1342 448 1558 510; x_wconf 82' lang='grc' dir='ltr'><strong><em>τούτοις</em></strong></span> <span class='ocrx_word' id='word_1_29' title='bbox 1595 466 1745 517; x_wconf 91' lang='grc' dir='ltr'><strong><em>περι-</em></strong></span> 
     </span>
    </p>

    <p class='ocr_par' dir='ltr' id='par_1_4' title="bbox 0 529 1745 605">
     <span class='ocr_line' id='line_1_5' title="bbox 0 529 1745 605; baseline 0.001 -18"><span class='ocrx_word' id='word_1_30' title='bbox 0 571 4 575; x_wconf 95' lang='grc'>-</span> <span class='ocrx_word' id='word_1_31' title='bbox 67 536 422 604; x_wconf 78' lang='grc' dir='ltr'><strong><em>τυγχάνομεν.</em></strong></span> <span class='ocrx_word' id='word_1_32' title='bbox 484 536 557 597; x_wconf 83' lang='grc' dir='ltr'><strong><em>ὡς</em></strong></span> <span class='ocrx_word' id='word_1_33' title='bbox 592 534 641 587; x_wconf 83' lang='grc' dir='ltr'><strong><em>δ’</em></strong></span> <span class='ocrx_word' id='word_1_34' title='bbox 673 535 1063 605; x_wconf 74' lang='grc' dir='ltr'><strong><em>ἀνεμίχθημεν,</em></strong></span> <span class='ocrx_word' id='word_1_35' title='bbox 1103 529 1181 598; x_wconf 81' lang='grc' dir='ltr'><strong><em>εἷς</em></strong></span> <span class='ocrx_word' id='word_1_36' title='bbox 1219 533 1320 605; x_wconf 74' lang='grc' dir='ltr'><strong><em>μὲν</em></strong></span> <span class='ocrx_word' id='word_1_37' title='bbox 1351 535 1535 589; x_wconf 83' lang='grc' dir='ltr'><strong><em>αὐτῶν</em></strong></span> <span class='ocrx_word' id='word_1_38' title='bbox 1565 535 1745 603; x_wconf 84' lang='grc' dir='ltr'><strong><em>ἀγνώς</em></strong></span> 
     </span>
    </p>

    <p class='ocr_par' dir='ltr' id='par_1_5' title="bbox 15 614 1811 783">
     <span class='ocr_line' id='line_1_6' title="bbox 15 614 1811 695; baseline -0.002 -17"><span class='ocrx_word' id='word_1_39' title='bbox 15 614 23 620; x_wconf 48' lang='grc'><strong>”</strong></span> <span class='ocrx_word' id='word_1_40' title='bbox 67 644 148 686; x_wconf 88' lang='grc' dir='ltr'><strong><em>τις</em></strong></span> <span class='ocrx_word' id='word_1_41' title='bbox 187 630 262 695; x_wconf 81' lang='grc' dir='ltr'><strong><em>τῷ</em></strong></span> <span class='ocrx_word' id='word_1_42' title='bbox 306 625 674 693; x_wconf 78' lang='grc' dir='ltr'><strong><em>Φανοστράτῳ</em></strong></span> <span class='ocrx_word' id='word_1_43' title='bbox 720 628 1049 694; x_wconf 86' lang='grc' dir='ltr'><strong><em>προσπίπτει</em></strong></span> <span class='ocrx_word' id='word_1_44' title='bbox 1095 623 1184 677; x_wconf 86' lang='grc' dir='ltr'><strong><em>καὶ</em></strong></span> <span class='ocrx_word' id='word_1_45' title='bbox 1232 634 1479 693; x_wconf 85' lang='grc' dir='ltr'><strong><em>κατεῖχεν</em></strong></span> <span class='ocrx_word' id='word_1_46' title='bbox 1519 624 1744 678; x_wconf 86' lang='grc' dir='ltr'><strong><em>ἐκεῖνον.</em></strong></span> <span class='ocrx_word' id='word_1_47' title='bbox 1792 643 1811 674; x_wconf 89' lang='lat'>5</span> 
     </span>
     <span class='ocr_line' id='line_1_7' title="bbox 67 709 1746 783; baseline 0 -19"><span class='ocrx_word' id='word_1_48' title='bbox 67 714 269 764; x_wconf 85' lang='grc' dir='ltr'><strong><em>Κόνων</em></strong></span> <span class='ocrx_word' id='word_1_49' title='bbox 300 709 361 765; x_wconf 76' lang='grc' dir='ltr'><strong><em>δὲ</em></strong></span> <span class='ocrx_word' id='word_1_50' title='bbox 393 711 582 766; x_wconf 88' lang='grc' dir='ltr'><strong><em>οὑτοσὶ</em></strong></span> <span class='ocrx_word' id='word_1_51' title='bbox 621 711 710 765; x_wconf 86' lang='grc' dir='ltr'><strong><em>καὶ</em></strong></span> <span class='ocrx_word' id='word_1_52' title='bbox 751 713 779 766; x_wconf 86' lang='grc' dir='ltr'>ὁ</span> <span class='ocrx_word' id='word_1_53' title='bbox 812 715 933 775; x_wconf 82' lang='grc' dir='ltr'><strong><em>υἱὸς</em></strong></span> <span class='ocrx_word' id='word_1_54' title='bbox 965 713 1136 766; x_wconf 90' lang='grc' dir='ltr'><strong><em>αὐτοῦ</em></strong></span> <span class='ocrx_word' id='word_1_55' title='bbox 1167 712 1257 766; x_wconf 86' lang='grc' dir='ltr'><strong><em>καὶ</em></strong></span> <span class='ocrx_word' id='word_1_56' title='bbox 1290 713 1318 766; x_wconf 88' lang='grc' dir='ltr'>ὁ</span> <span class='ocrx_word' id='word_1_57' title='bbox 1344 712 1746 783; x_wconf 79' lang='grc' dir='ltr'><strong><em>Ἀνδρομένους</em></strong></span> 
     </span>
    </p>

    <p class='ocr_par' dir='ltr' id='par_1_6' title="bbox 0 797 1746 878">
     <span class='ocr_line' id='line_1_8' title="bbox 0 797 1746 878; baseline 0.001 -25"><span class='ocrx_word' id='word_1_58' title='bbox 0 870 10 878; x_wconf 39' lang='grc' dir='ltr'>Ι</span> <span class='ocrx_word' id='word_1_59' title='bbox 67 801 187 863; x_wconf 84' lang='grc' dir='ltr'><strong><em>υἱὸς</em></strong></span> <span class='ocrx_word' id='word_1_60' title='bbox 233 799 354 870; x_wconf 82' lang='grc' dir='ltr'><strong><em>ἐμοὶ</em></strong></span> <span class='ocrx_word' id='word_1_61' title='bbox 399 804 787 870; x_wconf 80' lang='grc' dir='ltr'><strong><em>περιπεσόντες</em></strong></span> <span class='ocrx_word' id='word_1_62' title='bbox 832 803 893 854; x_wconf 89' lang='grc' dir='ltr'><strong><em>τὸ</em></strong></span> <span class='ocrx_word' id='word_1_63' title='bbox 940 798 1042 870; x_wconf 77' lang='grc' dir='ltr'><strong><em>μὲν</em></strong></span> <span class='ocrx_word' id='word_1_64' title='bbox 1083 811 1303 871; x_wconf 86' lang='grc' dir='ltr'><strong><em>πρῶτον</em></strong></span> <span class='ocrx_word' id='word_1_65' title='bbox 1343 800 1582 869; x_wconf 75' lang='grc' dir='ltr'><strong><em>ἐξέδυον,</em></strong></span> <span class='ocrx_word' id='word_1_66' title='bbox 1630 797 1746 854; x_wconf 80' lang='grc' dir='ltr'><strong><em>εἶτα</em></strong></span> 
     </span>
    </p>

    <p class='ocr_par' dir='ltr' id='par_1_7' title="bbox 0 888 1812 1492">
     <span class='ocr_line' id='line_1_9' title="bbox 0 888 1744 966; baseline 0.001 -25"><span class='ocrx_word' id='word_1_67' title='bbox 0 909 13 966; x_wconf 52' lang='lat'><strong><em>*3</em></strong></span> <span class='ocrx_word' id='word_1_68' title='bbox 65 889 522 951; x_wconf 85' lang='grc' dir='ltr'><strong><em>ὑποσκελίσαντες</em></strong></span> <span class='ocrx_word' id='word_1_69' title='bbox 570 888 659 942; x_wconf 86' lang='grc' dir='ltr'><strong><em>καὶ</em></strong></span> <span class='ocrx_word' id='word_1_70' title='bbox 709 888 967 959; x_wconf 78' lang='grc' dir='ltr'><strong><em>ῥάξαντες</em></strong></span> <span class='ocrx_word' id='word_1_71' title='bbox 1013 891 1090 952; x_wconf 86' lang='grc' dir='ltr'><strong><em>εἰς</em></strong></span> <span class='ocrx_word' id='word_1_72' title='bbox 1113 891 1233 942; x_wconf 75' lang='grc' dir='ltr'><strong><em>τὸν</em></strong></span> <span class='ocrx_word' id='word_1_73' title='bbox 1278 891 1555 959; x_wconf 88' lang='grc' dir='ltr'><strong><em>βόρβορον</em></strong></span> <span class='ocrx_word' id='word_1_74' title='bbox 1601 890 1744 943; x_wconf 83' lang='grc' dir='ltr'><strong><em>οὕτω</em></strong></span> 
     </span>
     <span class='ocr_line' id='line_1_10' title="bbox 66 976 1746 1048; baseline 0 -18"><span class='ocrx_word' id='word_1_75' title='bbox 66 977 335 1046; x_wconf 78' lang='grc' dir='ltr'><strong><em>διέθηκαν</em></strong></span> <span class='ocrx_word' id='word_1_76' title='bbox 389 978 744 1047; x_wconf 83' lang='grc' dir='ltr'><strong><em>ἐναλλόμενοι</em></strong></span> <span class='ocrx_word' id='word_1_77' title='bbox 797 977 886 1030; x_wconf 86' lang='grc' dir='ltr'><strong><em>καὶ</em></strong></span> <span class='ocrx_word' id='word_1_78' title='bbox 942 979 1282 1048; x_wconf 77' lang='grc' dir='ltr'><strong><em>ὑβρίζοντες,</em></strong></span> <span class='ocrx_word' id='word_1_79' title='bbox 1340 980 1589 1040; x_wconf 76' lang='grc' dir='ltr'><strong><em>ὥστετὸ</em></strong></span> <span class='ocrx_word' id='word_1_80' title='bbox 1631 976 1746 1048; x_wconf 76' lang='grc' dir='ltr'><strong><em>μὲν</em></strong></span> 
     </span>
     <span class='ocr_line' id='line_1_11' title="bbox 65 1066 1812 1136; baseline -0.001 -17"><span class='ocrx_word' id='word_1_81' title='bbox 65 1071 244 1135; x_wconf 83' lang='grc' dir='ltr'><strong><em>χεῖλος</em></strong></span> <span class='ocrx_word' id='word_1_82' title='bbox 283 1068 545 1130; x_wconf 83' lang='grc' dir='ltr'><strong><em>διακόψαι</em></strong></span> <span class='ocrx_word' id='word_1_83' title='bbox 584 1069 713 1130; x_wconf 87' lang='grc' dir='ltr'><strong><em>τοὺς</em></strong></span> <span class='ocrx_word' id='word_1_84' title='bbox 752 1066 800 1119; x_wconf 85' lang='grc' dir='ltr'><strong><em>δ’</em></strong></span> <span class='ocrx_word' id='word_1_85' title='bbox 833 1068 1161 1136; x_wconf 85' lang='grc' dir='ltr'><strong><em>ὀφθαλμοὺς</em></strong></span> <span class='ocrx_word' id='word_1_86' title='bbox 1207 1072 1540 1135; x_wconf 78' lang='grc' dir='ltr'><strong><em>συγκλεῖσαι.</em></strong></span> <span class='ocrx_word' id='word_1_87' title='bbox 1602 1067 1744 1120; x_wconf 81' lang='grc' dir='ltr'><strong><em>οὕτω</em></strong></span> <span class='ocrx_word' id='word_1_88' title='bbox 1772 1086 1812 1118; x_wconf 90' lang='lat'><strong><em>10</em></strong></span> 
     </span>
     <span class='ocr_line' id='line_1_12' title="bbox 65 1153 1744 1225; baseline 0 -17"><span class='ocrx_word' id='word_1_89' title='bbox 65 1153 125 1208; x_wconf 76' lang='grc' dir='ltr'><strong><em>δὲ</em></strong></span> <span class='ocrx_word' id='word_1_90' title='bbox 162 1166 339 1218; x_wconf 83' lang='grc' dir='ltr'><strong><em>κακῶς</em></strong></span> <span class='ocrx_word' id='word_1_91' title='bbox 377 1158 571 1224; x_wconf 82' lang='grc' dir='ltr'><strong><em>ἔχοντα</em></strong></span> <span class='ocrx_word' id='word_1_92' title='bbox 602 1155 911 1223; x_wconf 83' lang='grc' dir='ltr'><strong><em>κατέλιπον,</em></strong></span> <span class='ocrx_word' id='word_1_93' title='bbox 951 1157 1088 1209; x_wconf 83' lang='grc' dir='ltr'><strong><em>ὥστε</em></strong></span> <span class='ocrx_word' id='word_1_94' title='bbox 1119 1158 1250 1225; x_wconf 85' lang='grc' dir='ltr'><strong><em>μήτε</em></strong></span> <span class='ocrx_word' id='word_1_95' title='bbox 1282 1155 1582 1224; x_wconf 83' lang='grc' dir='ltr'><strong><em>ἀναστῆναι</em></strong></span> <span class='ocrx_word' id='word_1_96' title='bbox 1613 1158 1744 1224; x_wconf 87' lang='grc' dir='ltr'><strong><em>μήτε</em></strong></span> 
     </span>
     <span class='ocr_line' id='line_1_13' title="bbox 64 1243 1745 1313; baseline 0.001 -17"><span class='ocrx_word' id='word_1_97' title='bbox 64 1243 737 1312; x_wconf 81' lang='grc' dir='ltr'><strong><em>φθέγξασθαιδύνασθαι.</em></strong></span> <span class='ocrx_word' id='word_1_98' title='bbox 791 1248 1038 1313; x_wconf 82' lang='grc' dir='ltr'><strong><em>κείμενος</em></strong></span> <span class='ocrx_word' id='word_1_99' title='bbox 1066 1243 1115 1297; x_wconf 83' lang='grc' dir='ltr'><strong><em>δ’</em></strong></span> <span class='ocrx_word' id='word_1_100' title='bbox 1134 1245 1318 1297; x_wconf 85' lang='grc' dir='ltr'><strong><em>αὐτῶν</em></strong></span> <span class='ocrx_word' id='word_1_101' title='bbox 1341 1247 1547 1313; x_wconf 82' lang='grc' dir='ltr'><strong><em>ἤκουον</em></strong></span> <span class='ocrx_word' id='word_1_102' title='bbox 1569 1246 1745 1298; x_wconf 80' lang='grc' dir='ltr'><strong><em>πολλὰ</em></strong></span> 
     </span>
     <span class='ocr_line' id='line_1_14' title="bbox 63 1331 1744 1402; baseline 0.001 -17"><span class='ocrx_word' id='word_1_103' title='bbox 63 1331 153 1385; x_wconf 86' lang='grc' dir='ltr'><strong><em>καὶ</em></strong></span> <span class='ocrx_word' id='word_1_104' title='bbox 186 1334 340 1386; x_wconf 81' lang='grc' dir='ltr'><strong><em>δεινὰ</em></strong></span> <span class='ocrx_word' id='word_1_105' title='bbox 374 1336 662 1400; x_wconf 86' lang='grc' dir='ltr'><strong><em>λεγόντων.</em></strong></span> <span class='ocrx_word' id='word_1_106' title='bbox 724 1332 814 1385; x_wconf 85' lang='grc' dir='ltr'><strong><em>καὶ</em></strong></span> <span class='ocrx_word' id='word_1_107' title='bbox 846 1335 913 1386; x_wconf 79' lang='grc' dir='ltr'><strong><em>τὰ</em></strong></span> <span class='ocrx_word' id='word_1_108' title='bbox 948 1331 1049 1402; x_wconf 74' lang='grc' dir='ltr'><strong><em>μὲν</em></strong></span> <span class='ocrx_word' id='word_1_109' title='bbox 1080 1335 1218 1387; x_wconf 78' lang='grc' dir='ltr'><strong><em>ἄλλα</em></strong></span> <span class='ocrx_word' id='word_1_110' title='bbox 1249 1337 1597 1402; x_wconf 82' lang='grc' dir='ltr'><strong><em>βλασφημίας</em></strong></span> <span class='ocrx_word' id='word_1_111' title='bbox 1636 1336 1744 1402; x_wconf 82' lang='grc' dir='ltr'><strong><em>ἔχει</em></strong></span> 
     </span>
     <span class='ocr_line' id='line_1_15' title="bbox 63 1419 1744 1492; baseline 0.001 -19"><span class='ocrx_word' id='word_1_112' title='bbox 63 1423 247 1487; x_wconf 75' lang='grc' dir='ltr'><strong><em>τινάς,</em></strong></span> <span class='ocrx_word' id='word_1_113' title='bbox 288 1421 351 1483; x_wconf 78' lang='grc' dir='ltr'><strong><em>ἃς</em></strong></span> <span class='ocrx_word' id='word_1_114' title='bbox 396 1420 501 1473; x_wconf 80' lang='grc' dir='ltr'><strong><em>κᾶν</em></strong></span> <span class='ocrx_word' id='word_1_115' title='bbox 539 1422 827 1491; x_wconf 80' lang='grc' dir='ltr'><strong><em>ὀνομάζειν</em></strong></span> <span class='ocrx_word' id='word_1_116' title='bbox 866 1422 1180 1491; x_wconf 85' lang='grc' dir='ltr'><strong><em>ὀκνήσαιμι,</em></strong></span> <span class='ocrx_word' id='word_1_117' title='bbox 1229 1421 1257 1474; x_wconf 90' lang='grc' dir='ltr'><em>ὃ</em></span> <span class='ocrx_word' id='word_1_118' title='bbox 1299 1419 1359 1474; x_wconf 78' lang='grc' dir='ltr'><strong><em>δὲ</em></strong></span> <span class='ocrx_word' id='word_1_119' title='bbox 1398 1430 1493 1490; x_wconf 90' lang='grc' dir='ltr'><strong><em>τῆς</em></strong></span> <span class='ocrx_word' id='word_1_120' title='bbox 1534 1422 1744 1492; x_wconf 82' lang='grc' dir='ltr'><strong><em>ὕβρεώς</em></strong></span> 
     </span>
    </p>

    <p class='ocr_par' dir='ltr' id='par_1_8' title="bbox 0 1509 1808 1590">
     <span class='ocr_line' id='line_1_16' title="bbox 0 1509 1808 1590; baseline -0.001 -28"><span class='ocrx_word' id='word_1_121' title='bbox 0 1564 13 1590; x_wconf 67' lang='lat'><em>÷</em></span> <span class='ocrx_word' id='word_1_122' title='bbox 64 1509 177 1563; x_wconf 90' lang='grc' dir='ltr'><strong><em>ε’στι</em></strong></span> <span class='ocrx_word' id='word_1_123' title='bbox 222 1518 317 1578; x_wconf 89' lang='grc' dir='ltr'><strong><em>τῆς</em></strong></span> <span class='ocrx_word' id='word_1_124' title='bbox 362 1511 564 1563; x_wconf 90' lang='grc' dir='ltr'><strong><em>τούτου</em></strong></span> <span class='ocrx_word' id='word_1_125' title='bbox 611 1519 838 1579; x_wconf 90' lang='grc' dir='ltr'><strong><em>σημεῖον</em></strong></span> <span class='ocrx_word' id='word_1_126' title='bbox 889 1509 980 1562; x_wconf 84' lang='grc' dir='ltr'><strong><em>καὶ</em></strong></span> <span class='ocrx_word' id='word_1_127' title='bbox 1034 1513 1343 1580; x_wconf 86' lang='grc' dir='ltr'><strong><em>τεκμήριον,</em></strong></span> <span class='ocrx_word' id='word_1_128' title='bbox 1398 1512 1470 1573; x_wconf 85' lang='grc' dir='ltr'><strong><em>ὡς</em></strong></span> <span class='ocrx_word' id='word_1_129' title='bbox 1523 1519 1634 1563; x_wconf 87' lang='grc' dir='ltr'><strong><em>πᾶν</em></strong></span> <span class='ocrx_word' id='word_1_130' title='bbox 1679 1512 1740 1563; x_wconf 88' lang='grc' dir='ltr'><strong><em>τὸ</em></strong></span> <span class='ocrx_word' id='word_1_131' title='bbox 1767 1527 1808 1560; x_wconf 87' lang='lat'><strong><em>15</em></strong></span> 
     </span>
    </p>

    <p class='ocr_par' dir='ltr' id='par_1_9' title="bbox 0 1593 1744 1671">
     <span class='ocr_line' id='line_1_17' title="bbox 0 1593 1744 1671; baseline 0.001 -20"><span class='ocrx_word' id='word_1_132' title='bbox 0 1597 16 1671; x_wconf 71' lang='grc' dir='ltr'><em>ζ</em></span> <span class='ocrx_word' id='word_1_133' title='bbox 61 1607 283 1668; x_wconf 86' lang='grc' dir='ltr'><strong><em>πρᾶγμα</em></strong></span> <span class='ocrx_word' id='word_1_134' title='bbox 320 1599 428 1651; x_wconf 87' lang='grc' dir='ltr'><strong><em>ὑπὸ</em></strong></span> <span class='ocrx_word' id='word_1_135' title='bbox 468 1599 670 1651; x_wconf 92' lang='grc' dir='ltr'><strong><em>τούτου</em></strong></span> <span class='ocrx_word' id='word_1_136' title='bbox 710 1601 1028 1668; x_wconf 89' lang='grc' dir='ltr'><strong><em>γενόμενον,</em></strong></span> <span class='ocrx_word' id='word_1_137' title='bbox 1067 1598 1225 1652; x_wconf 78' lang='grc' dir='ltr'><strong><em>τοῦθ’</em></strong></span> <span class='ocrx_word' id='word_1_138' title='bbox 1264 1600 1398 1668; x_wconf 88' lang='grc' dir='ltr'><strong><em>ὑμῖν</em></strong></span> <span class='ocrx_word' id='word_1_139' title='bbox 1438 1599 1564 1668; x_wconf 83' lang='grc' dir='ltr'><strong><em>ἐρῶ·</em></strong></span> <span class='ocrx_word' id='word_1_140' title='bbox 1611 1593 1744 1670; x_wconf 77' lang='grc' dir='ltr'><strong><em>ᾖδεν</em></strong></span> 
     </span>
    </p>

    <p class='ocr_par' dir='ltr' id='par_1_10' title="bbox 0 1678 1742 1758">
     <span class='ocr_line' id='line_1_18' title="bbox 0 1678 1742 1758; baseline 0.001 -19"><span class='ocrx_word' id='word_1_141' title='bbox 0 1678 59 1746; x_wconf 66' lang='grc' dir='ltr'><strong><em>’ΒΞ</em></strong></span> <span class='ocrx_word' id='word_1_142' title='bbox 83 1689 188 1756; x_wconf 82' lang='grc' dir='ltr'><strong><em>γὰρ</em></strong></span> <span class='ocrx_word' id='word_1_143' title='bbox 228 1689 357 1750; x_wconf 89' lang='grc' dir='ltr'><strong><em>τοὺς</em></strong></span> <span class='ocrx_word' id='word_1_144' title='bbox 392 1689 396 1755; x_wconf 93' lang='grc' dir='ltr'>Ι</span> <span class='ocrx_word' id='word_1_145' title='bbox 433 1686 800 1758; x_wconf 84' lang='grc' dir='ltr'><strong><em>ἀλεκτρυόνας</em></strong></span> <span class='ocrx_word' id='word_1_146' title='bbox 838 1688 1174 1757; x_wconf 89' lang='grc' dir='ltr'><strong><em>μιμούμενος</em></strong></span> <span class='ocrx_word' id='word_1_147' title='bbox 1205 1690 1334 1750; x_wconf 90' lang='grc' dir='ltr'><strong><em>τοὺς</em></strong></span> <span class='ocrx_word' id='word_1_148' title='bbox 1373 1690 1742 1756; x_wconf 89' lang='grc' dir='ltr'><strong><em>νενικηκότας,</em></strong></span> 
     </span>
    </p>

    <p class='ocr_par' dir='ltr' id='par_1_11' title="bbox 63 1772 1743 1846">
     <span class='ocr_line' id='line_1_19' title="bbox 63 1772 1743 1846; baseline 0.001 -19"><span class='ocrx_word' id='word_1_149' title='bbox 63 1778 121 1828; x_wconf 85' lang='grc' dir='ltr'><strong><em>οἳ</em></strong></span> <span class='ocrx_word' id='word_1_150' title='bbox 155 1772 216 1828; x_wconf 79' lang='grc' dir='ltr'><strong><em>δὲ</em></strong></span> <span class='ocrx_word' id='word_1_151' title='bbox 255 1785 472 1844; x_wconf 88' lang='grc' dir='ltr'><strong><em>κροτεῖν</em></strong></span> <span class='ocrx_word' id='word_1_152' title='bbox 511 1776 681 1829; x_wconf 90' lang='grc' dir='ltr'><strong><em>αὐτὸν</em></strong></span> <span class='ocrx_word' id='word_1_153' title='bbox 718 1775 912 1844; x_wconf 80' lang='grc' dir='ltr'><strong><em>ἠξίουν</em></strong></span> <span class='ocrx_word' id='word_1_154' title='bbox 951 1785 1067 1839; x_wconf 90' lang='grc' dir='ltr'><strong><em>τοῖς</em></strong></span> <span class='ocrx_word' id='word_1_155' title='bbox 1105 1776 1347 1844; x_wconf 78' lang='grc' dir='ltr'><strong><em>ἀγκῶσιν</em></strong></span> <span class='ocrx_word' id='word_1_156' title='bbox 1386 1775 1508 1829; x_wconf 86' lang='grc' dir='ltr'><strong><em>ἀντὶ</em></strong></span> <span class='ocrx_word' id='word_1_157' title='bbox 1548 1778 1743 1846; x_wconf 86' lang='grc' dir='ltr'><strong><em>πτερύ-</em></strong></span> 
     </span>
    </p>

    <p class='ocr_par' dir='ltr' id='par_1_12' title="bbox 62 1865 623 1933">
     <span class='ocr_line' id='line_1_20' title="bbox 62 1865 623 1933; baseline 0.002 -18"><span class='ocrx_word' id='word_1_158' title='bbox 62 1884 177 1931; x_wconf 87' lang='grc' dir='ltr'><strong><em>γων</em></strong></span> <span class='ocrx_word' id='word_1_159' title='bbox 216 1866 311 1926; x_wconf 81' lang='grc' dir='ltr'><strong><em>τὰς</em></strong></span> <span class='ocrx_word' id='word_1_160' title='bbox 348 1865 623 1933; x_wconf 81' lang='grc' dir='ltr'><strong><em>πλευράς.’</em></strong></span> 
     </span>
    </p>

    <p class='ocr_par' dir='ltr' id='par_1_13' title="bbox 173 1950 1831 2170">
     <span class='ocr_line' id='line_1_21' title="bbox 173 1950 1831 2023; baseline 0.002 -19"><span class='ocrx_word' id='word_1_161' title='bbox 173 1950 324 2004; x_wconf 84' lang='grc' dir='ltr'><strong><em>ταῦτ’</em></strong></span> <span class='ocrx_word' id='word_1_162' title='bbox 368 1952 434 2004; x_wconf 87' lang='grc' dir='ltr'><strong><em>οὐ</em></strong></span> <span class='ocrx_word' id='word_1_163' title='bbox 488 1955 707 2022; x_wconf 80' lang='grc' dir='ltr'><strong><em>καθαρὰ</em></strong></span> <span class='ocrx_word' id='word_1_164' title='bbox 759 1952 849 2006; x_wconf 84' lang='grc' dir='ltr'><strong><em>καὶ</em></strong></span> <span class='ocrx_word' id='word_1_165' title='bbox 905 1953 1101 2023; x_wconf 86' lang='grc' dir='ltr'><strong><em>ἀκριβῆ</em></strong></span> <span class='ocrx_word' id='word_1_166' title='bbox 1157 1952 1247 2006; x_wconf 86' lang='grc' dir='ltr'><strong><em>καὶ</em></strong></span> <span class='ocrx_word' id='word_1_167' title='bbox 1303 1962 1450 2022; x_wconf 84' lang='grc' dir='ltr'><strong><em>σαφῆ</em></strong></span> <span class='ocrx_word' id='word_1_168' title='bbox 1505 1953 1594 2006; x_wconf 79' lang='grc' dir='ltr'><strong><em>καὶ</em></strong></span> <span class='ocrx_word' id='word_1_169' title='bbox 1651 1956 1743 2007; x_wconf 82' lang='grc' dir='ltr'><strong><em>διὰ</em></strong></span> <span class='ocrx_word' id='word_1_170' title='bbox 1766 1957 1831 2009; x_wconf 82' lang='lat'><strong><em>13</em></strong></span> 
     </span>
     <span class='ocr_line' id='line_1_22' title="bbox 182 2111 1742 2170; baseline 0.003 -16"><span class='ocrx_word' id='word_1_171' title='bbox 182 2117 206 2154; x_wconf 81' lang='lat'>2</span> <span class='ocrx_word' id='word_1_172' title='bbox 240 2113 334 2155; x_wconf 82' lang='grc' dir='ltr'><strong><em>ἀπὸ</em></strong></span> <span class='ocrx_word' id='word_1_173' title='bbox 360 2119 440 2157; x_wconf 88' lang='grc' dir='ltr'><strong><em>τοῦ</em></strong></span> <span class='ocrx_word' id='word_1_174' title='bbox 465 2112 504 2154; x_wconf 95' lang='lat' dir='ltr'>D</span> <span class='ocrx_word' id='word_1_175' title='bbox 535 2115 540 2169; x_wconf 93' lang='grc' dir='ltr'>Ι</span> <span class='ocrx_word' id='word_1_176' title='bbox 571 2111 885 2168; x_wconf 87' lang='grc' dir='ltr'><strong><em>Φερεφαττίου</em></strong></span> <span class='ocrx_word' id='word_1_177' title='bbox 910 2113 1003 2155; x_wconf 93' lang='grc' dir='ltr'><strong><em>ΜΒ</em></strong></span> <span class='ocrx_word' id='word_1_178' title='bbox 1015 2114 1088 2156; x_wconf 87' lang='lat' dir='ltr'><strong><em>Pv</em></strong></span> <span class='ocrx_word' id='word_1_179' title='bbox 1179 2118 1205 2156; x_wconf 90' lang='lat'><strong>3</strong></span> <span class='ocrx_word' id='word_1_180' title='bbox 1236 2113 1417 2164; x_wconf 82' lang='grc' dir='ltr'><strong><em>τούτοις</em></strong></span> <span class='ocrx_word' id='word_1_181' title='bbox 1440 2114 1559 2169; x_wconf 88' lang='lat' dir='ltr'><strong><em>DM,</em></strong></span> <span class='ocrx_word' id='word_1_182' title='bbox 1582 2114 1618 2156; x_wconf 92' lang='lat' dir='ltr'>B</span> <span class='ocrx_word' id='word_1_183' title='bbox 1644 2129 1742 2170; x_wconf 84' lang='lat' dir='ltr'><strong><em>mg:</em></strong></span> 
     </span>
    </p>

    <p class='ocr_par' dir='ltr' id='par_1_14' title="bbox 62 2171 1745 2231">
     <span class='ocr_line' id='line_1_23' title="bbox 62 2171 1745 2231; baseline 0.001 -17"><span class='ocrx_word' id='word_1_184' title='bbox 62 2176 197 2215; x_wconf 83' lang='grc' dir='ltr'><strong><em>τοῦτο</em></strong></span> <span class='ocrx_word' id='word_1_185' title='bbox 215 2171 264 2225; x_wconf 86' lang='grc' dir='ltr'><strong><em>Ρ,</em></strong></span> <span class='ocrx_word' id='word_1_186' title='bbox 288 2171 323 2213; x_wconf 92' lang='grc' dir='ltr'>Β</span> <span class='ocrx_word' id='word_1_187' title='bbox 343 2171 393 2214; x_wconf 89' lang='lat' dir='ltr'><strong><em>in</em></strong></span> <span class='ocrx_word' id='word_1_188' title='bbox 413 2174 558 2226; x_wconf 74' lang='lat' dir='ltr'><strong>textu,</strong></span> <span class='ocrx_word' id='word_1_189' title='bbox 583 2172 728 2231; x_wconf 85' lang='grc' dir='ltr'><strong><em>τούτῳ</em></strong></span> <span class='ocrx_word' id='word_1_190' title='bbox 749 2187 779 2215; x_wconf 85' lang='lat' dir='ltr'><strong>v</strong></span> <span class='ocrx_word' id='word_1_191' title='bbox 862 2178 889 2215; x_wconf 82' lang='lat'>4</span> <span class='ocrx_word' id='word_1_192' title='bbox 913 2172 1065 2228; x_wconf 81' lang='grc' dir='ltr'><strong><em>ἀγνώς</em></strong></span> <span class='ocrx_word' id='word_1_193' title='bbox 1087 2172 1174 2230; x_wconf 86' lang='grc' dir='ltr'><strong><em>τις]</em></strong></span> <span class='ocrx_word' id='word_1_194' title='bbox 1200 2172 1443 2228; x_wconf 80' lang='grc' dir='ltr'><strong><em>ἀγνώστως</em></strong></span> <span class='ocrx_word' id='word_1_195' title='bbox 1462 2173 1510 2215; x_wconf 91' lang='grc' dir='ltr'>Μ</span> <span class='ocrx_word' id='word_1_196' title='bbox 1542 2172 1745 2229; x_wconf 79' lang='grc' dir='ltr'><strong><em>ἐγώστως</em></strong></span> 
     </span>
    </p>

    <p class='ocr_par' dir='ltr' id='par_1_15' title="bbox 63 2229 1743 2289">
     <span class='ocr_line' id='line_1_24' title="bbox 63 2229 1743 2289; baseline 0.001 -17"><span class='ocrx_word' id='word_1_197' title='bbox 63 2230 100 2272; x_wconf 91' lang='grc' dir='ltr'><em>Β</em></span> <span class='ocrx_word' id='word_1_198' title='bbox 133 2229 355 2286; x_wconf 78' lang='grc' dir='ltr'><strong><em>ἐγνόστως</em></strong></span> <span class='ocrx_word' id='word_1_199' title='bbox 371 2231 622 2287; x_wconf 82' lang='lat' dir='ltr'>corerg</span> <span class='ocrx_word' id='word_1_200' title='bbox 654 2230 887 2287; x_wconf 81' lang='grc' dir='ltr'><strong><em>ἐγνώστως</em></strong></span> <span class='ocrx_word' id='word_1_201' title='bbox 907 2231 942 2273; x_wconf 91' lang='grc' dir='ltr'>Ρ</span> <span class='ocrx_word' id='word_1_202' title='bbox 1019 2236 1044 2274; x_wconf 90' lang='grc'><strong>6</strong></span> <span class='ocrx_word' id='word_1_203' title='bbox 1065 2230 1249 2289; x_wconf 80' lang='grc' dir='ltr'><strong><em>Κόνων]</em></strong></span> <span class='ocrx_word' id='word_1_204' title='bbox 1281 2230 1489 2286; x_wconf 87' lang='grc' dir='ltr'><strong><em>μόνωνΡ</em></strong></span> <span class='ocrx_word' id='word_1_205' title='bbox 1569 2237 1591 2274; x_wconf 87' lang='grc'>7</span> <span class='ocrx_word' id='word_1_206' title='bbox 1618 2247 1743 2286; x_wconf 88' lang='grc' dir='ltr'><strong><em>περι-</em></strong></span> 
     </span>
    </p>

    <p class='ocr_par' dir='ltr' id='par_1_16' title="bbox 62 2288 1624 2346">
     <span class='ocr_line' id='line_1_25' title="bbox 62 2288 1624 2346; baseline 0.001 -14"><span class='ocrx_word' id='word_1_207' title='bbox 62 2289 308 2340; x_wconf 81' lang='grc' dir='ltr'><strong><em>πεσούντες</em></strong></span> <span class='ocrx_word' id='word_1_208' title='bbox 339 2290 375 2333; x_wconf 93' lang='grc' dir='ltr'>Ρ</span> <span class='ocrx_word' id='word_1_209' title='bbox 436 2288 759 2345; x_wconf 82' lang='grc' dir='ltr'><strong><em>περιπεσόντες</em></strong></span> <span class='ocrx_word' id='word_1_210' title='bbox 790 2290 826 2332; x_wconf 91' lang='grc' dir='ltr'><strong>Β</strong></span> <span class='ocrx_word' id='word_1_211' title='bbox 867 2289 1038 2346; x_wconf 74' lang='lat' dir='ltr'>repetit</span> <span class='ocrx_word' id='word_1_212' title='bbox 1076 2288 1125 2332; x_wconf 88' lang='lat' dir='ltr'><strong><em>in</em></strong></span> <span class='ocrx_word' id='word_1_213' title='bbox 1163 2304 1242 2346; x_wconf 85' lang='lat' dir='ltr'><strong><em>mg</em></strong></span> <span class='ocrx_word' id='word_1_214' title='bbox 1284 2291 1289 2346; x_wconf 90' lang='grc' dir='ltr'>Ι</span> <span class='ocrx_word' id='word_1_215' title='bbox 1334 2288 1554 2343; x_wconf 80' lang='grc' dir='ltr'><strong><em>ἐξέδυσαν</em></strong></span> <span class='ocrx_word' id='word_1_216' title='bbox 1585 2290 1624 2333; x_wconf 96' lang='lat' dir='ltr'>D</span> 
     </span>
    </p>

    <p class='ocr_par' dir='ltr' id='par_1_17' title="bbox 0 2344 1744 2407">
     <span class='ocr_line' id='line_1_26' title="bbox 0 2344 1744 2407; baseline 0.001 -16"><span class='ocrx_word' id='word_1_217' title='bbox 0 2344 22 2398; x_wconf 54' lang='grc' dir='ltr'><em>ᾗ</em></span> <span class='ocrx_word' id='word_1_218' title='bbox 64 2352 89 2391; x_wconf 84' lang='grc'><strong>8</strong></span> <span class='ocrx_word' id='word_1_219' title='bbox 128 2347 514 2399; x_wconf 81' lang='grc' dir='ltr'><strong><em>ὑποσκολίσαντες</em></strong></span> <span class='ocrx_word' id='word_1_220' title='bbox 553 2362 654 2392; x_wconf 85' lang='lat' dir='ltr'>corr</span> <span class='ocrx_word' id='word_1_221' title='bbox 693 2348 741 2391; x_wconf 87' lang='lat' dir='ltr'><strong><em>in</em></strong></span> <span class='ocrx_word' id='word_1_222' title='bbox 779 2346 1160 2399; x_wconf 84' lang='grc' dir='ltr'><strong><em>ὑποσκελίσαντες</em></strong></span> <span class='ocrx_word' id='word_1_223' title='bbox 1191 2349 1227 2391; x_wconf 93' lang='grc' dir='ltr'>Ρ</span> <span class='ocrx_word' id='word_1_224' title='bbox 1269 2350 1275 2405; x_wconf 93' lang='grc'>1</span> <span class='ocrx_word' id='word_1_225' title='bbox 1319 2348 1384 2399; x_wconf 89' lang='grc' dir='ltr'><strong><em>εἰς</em></strong></span> <span class='ocrx_word' id='word_1_226' title='bbox 1421 2349 1502 2394; x_wconf 84' lang='grc' dir='ltr'><strong><em>τὸν</em></strong></span> <span class='ocrx_word' id='word_1_227' title='bbox 1543 2347 1648 2407; x_wconf 88' lang='grc' dir='ltr'><strong><em>βίον</em></strong></span> <span class='ocrx_word' id='word_1_228' title='bbox 1680 2349 1744 2400; x_wconf 83' lang='grc' dir='ltr'><strong><em>εἰς</em></strong></span> 
     </span>
    </p>

    <p class='ocr_par' dir='ltr' id='par_1_18' title="bbox 0 2404 1744 2469">
     <span class='ocr_line' id='line_1_27' title="bbox 0 2404 1744 2469; baseline 0.001 -19"><span class='ocrx_word' id='word_1_229' title='bbox 0 2404 21 2469; x_wconf 70' lang='grc' dir='ltr'><strong><em>Ξ.</em></strong></span> <span class='ocrx_word' id='word_1_230' title='bbox 64 2407 146 2451; x_wconf 87' lang='grc' dir='ltr'><strong><em>τὸν</em></strong></span> <span class='ocrx_word' id='word_1_231' title='bbox 177 2407 406 2466; x_wconf 88' lang='grc' dir='ltr'><strong><em>βόρβορον</em></strong></span> <span class='ocrx_word' id='word_1_232' title='bbox 438 2409 473 2451; x_wconf 91' lang='grc' dir='ltr'>Ρ</span> <span class='ocrx_word' id='word_1_233' title='bbox 583 2413 637 2451; x_wconf 91' lang='grc'><strong><em>10</em></strong></span> <span class='ocrx_word' id='word_1_234' title='bbox 670 2410 929 2464; x_wconf 82' lang='grc' dir='ltr'><strong><em>συγκλεῖσαι</em></strong></span> <span class='ocrx_word' id='word_1_235' title='bbox 962 2423 1006 2450; x_wconf 93' lang='lat' dir='ltr'><strong>m</strong></span> <span class='ocrx_word' id='word_1_236' title='bbox 1037 2421 1112 2451; x_wconf 86' lang='lat' dir='ltr'><strong><em>rec</em></strong></span> <span class='ocrx_word' id='word_1_237' title='bbox 1145 2408 1213 2452; x_wconf 86' lang='lat' dir='ltr'><strong><em>M:</em></strong></span> <span class='ocrx_word' id='word_1_238' title='bbox 1248 2407 1453 2464; x_wconf 76' lang='lat' dir='ltr'>spatium</span> <span class='ocrx_word' id='word_1_239' title='bbox 1484 2408 1634 2451; x_wconf 89' lang='lat' dir='ltr'>XVIII</span> <span class='ocrx_word' id='word_1_240' title='bbox 1667 2408 1744 2452; x_wconf 85' lang='lat' dir='ltr'>litt.</span> 
     </span>
    </p>

    <p class='ocr_par' dir='ltr' id='par_1_19' title="bbox 3 2465 1745 2524">
     <span class='ocr_line' id='line_1_28' title="bbox 3 2465 1745 2524; baseline 0.002 -16"><span class='ocrx_word' id='word_1_241' title='bbox 3 2472 19 2520; x_wconf 58' lang='lat' dir='ltr'><strong>fi</strong></span> <span class='ocrx_word' id='word_1_242' title='bbox 63 2465 114 2521; x_wconf 89' lang='lat' dir='ltr'><strong><em>B,</em></strong></span> <span class='ocrx_word' id='word_1_243' title='bbox 153 2466 262 2510; x_wconf 90' lang='lat' dir='ltr'>XIII</span> <span class='ocrx_word' id='word_1_244' title='bbox 300 2467 380 2510; x_wconf 75' lang='lat' dir='ltr'><strong>litt</strong></span> <span class='ocrx_word' id='word_1_245' title='bbox 411 2467 446 2509; x_wconf 92' lang='lat' dir='ltr'><strong>P</strong></span> <span class='ocrx_word' id='word_1_246' title='bbox 562 2472 612 2510; x_wconf 94' lang='grc'><strong><em>11</em></strong></span> <span class='ocrx_word' id='word_1_247' title='bbox 648 2465 919 2510; x_wconf 81' lang='grc' dir='ltr'><strong><em>κατέλειπον</em></strong></span> <span class='ocrx_word' id='word_1_248' title='bbox 944 2467 1065 2510; x_wconf 79' lang='lat' dir='ltr'><strong><em>BPV</em></strong></span> <span class='ocrx_word' id='word_1_249' title='bbox 1118 2469 1390 2511; x_wconf 81' lang='grc' dir='ltr'><strong><em>καταλιπεῖν</em></strong></span> <span class='ocrx_word' id='word_1_250' title='bbox 1415 2467 1453 2510; x_wconf 91' lang='lat' dir='ltr'>D</span> <span class='ocrx_word' id='word_1_251' title='bbox 1497 2470 1502 2524; x_wconf 90' lang='grc' dir='ltr'>Ι</span> <span class='ocrx_word' id='word_1_252' title='bbox 1546 2467 1656 2523; x_wconf 88' lang='grc' dir='ltr'><strong><em>μήτε</em></strong></span> <span class='ocrx_word' id='word_1_253' title='bbox 1689 2481 1745 2511; x_wconf 76' lang='lat' dir='ltr'><strong><em>ex</em></strong></span> 
     </span>
    </p>

    <p class='ocr_par' dir='ltr' id='par_1_20' title="bbox 0 2523 1740 2584">
     <span class='ocr_line' id='line_1_29' title="bbox 0 2523 1740 2584; baseline 0.001 -16"><span class='ocrx_word' id='word_1_254' title='bbox 0 2527 23 2563; x_wconf 49' lang='lat' dir='ltr'><strong><em>&#39;a</em></strong></span> <span class='ocrx_word' id='word_1_255' title='bbox 65 2525 125 2581; x_wconf 85' lang='grc' dir='ltr'><strong><em>μὴ</em></strong></span> <span class='ocrx_word' id='word_1_256' title='bbox 156 2541 204 2568; x_wconf 91' lang='lat' dir='ltr'><strong>m</strong></span> <span class='ocrx_word' id='word_1_257' title='bbox 234 2540 308 2570; x_wconf 74' lang='lat' dir='ltr'><strong><em>rec</em></strong></span> <span class='ocrx_word' id='word_1_258' title='bbox 341 2526 410 2571; x_wconf 85' lang='lat' dir='ltr'><strong><em>M:</em></strong></span> <span class='ocrx_word' id='word_1_259' title='bbox 444 2526 504 2582; x_wconf 88' lang='grc' dir='ltr'><strong><em>μὴ</em></strong></span> <span class='ocrx_word' id='word_1_260' title='bbox 537 2527 619 2568; x_wconf 90' lang='grc' dir='ltr'><strong><em>ΒΡ</em></strong></span> <span class='ocrx_word' id='word_1_261' title='bbox 663 2528 668 2582; x_wconf 92' lang='grc' dir='ltr'>Ι</span> <span class='ocrx_word' id='word_1_262' title='bbox 712 2523 814 2581; x_wconf 85' lang='grc' dir='ltr'><strong><em>μέτε</em></strong></span> <span class='ocrx_word' id='word_1_263' title='bbox 849 2529 935 2581; x_wconf 79' lang='grc' dir='ltr'><strong><em>φθ.</em></strong></span> <span class='ocrx_word' id='word_1_264' title='bbox 962 2526 996 2568; x_wconf 91' lang='grc' dir='ltr'>Ρ</span> <span class='ocrx_word' id='word_1_265' title='bbox 1111 2531 1164 2569; x_wconf 84' lang='grc'><strong><em>12</em></strong></span> <span class='ocrx_word' id='word_1_266' title='bbox 1198 2526 1437 2570; x_wconf 81' lang='grc' dir='ltr'><strong><em>δύνασθαι</em></strong></span> <span class='ocrx_word' id='word_1_267' title='bbox 1469 2526 1519 2569; x_wconf 88' lang='lat' dir='ltr'><strong><em>in</em></strong></span> <span class='ocrx_word' id='word_1_268' title='bbox 1551 2541 1629 2583; x_wconf 86' lang='lat' dir='ltr'><strong><em>mg</em></strong></span> <span class='ocrx_word' id='word_1_269' title='bbox 1660 2527 1706 2569; x_wconf 92' lang='lat' dir='ltr'>M</span> <span class='ocrx_word' id='word_1_270' title='bbox 1735 2528 1740 2584; x_wconf 88' lang='grc' dir='ltr'>Ι</span> 
     </span>
    </p>
   </div>
   <div class='ocr_carea' id='block_1_3' title="bbox 0 2582 1744 2937">
    <p class='ocr_par' dir='ltr' id='par_1_21' title="bbox 0 2582 1744 2937">
     <span class='ocr_line' id='line_1_30' title="bbox 0 2582 1744 2643; baseline 0.001 -15"><span class='ocrx_word' id='word_1_271' title='bbox 0 2611 3 2615; x_wconf 91' lang='grc'><strong>-</strong></span> <span class='ocrx_word' id='word_1_272' title='bbox 66 2582 258 2639; x_wconf 79' lang='grc' dir='ltr'><strong><em>ἥ(κουον</em></strong></span> <span class='ocrx_word' id='word_1_273' title='bbox 283 2584 446 2641; x_wconf 62' lang='lat' dir='ltr'><strong><em>nom&amp;</em></strong></span> <span class='ocrx_word' id='word_1_274' title='bbox 463 2585 511 2628; x_wconf 92' lang='lat' dir='ltr'>M</span> <span class='ocrx_word' id='word_1_275' title='bbox 535 2584 707 2629; x_wconf 72' lang='lat' dir='ltr'>litteris</span> <span class='ocrx_word' id='word_1_276' title='bbox 734 2584 926 2628; x_wconf 80' lang='lat' dir='ltr'>inclusis</span> <span class='ocrx_word' id='word_1_277' title='bbox 949 2584 1144 2641; x_wconf 77' lang='lat' dir='ltr'><strong>posthae</strong></span> <span class='ocrx_word' id='word_1_278' title='bbox 1171 2585 1347 2629; x_wconf 75' lang='lat' dir='ltr'><strong>additis</strong></span> <span class='ocrx_word' id='word_1_279' title='bbox 1426 2590 1479 2628; x_wconf 88' lang='lat'><strong><em>13</em></strong></span> <span class='ocrx_word' id='word_1_280' title='bbox 1505 2586 1585 2629; x_wconf 81' lang='grc' dir='ltr'><strong><em>καὶ</em></strong></span> <span class='ocrx_word' id='word_1_281' title='bbox 1609 2587 1744 2643; x_wconf 87' lang='grc' dir='ltr'><strong><em>βλασ-</em></strong></span> 
     </span>
     <span class='ocr_line' id='line_1_31' title="bbox 67 2641 1743 2718; baseline 0 -31"><span class='ocrx_word' id='word_1_282' title='bbox 67 2641 247 2700; x_wconf 86' lang='grc' dir='ltr'><strong><em>φημίαν</em></strong></span> <span class='ocrx_word' id='word_1_283' title='bbox 288 2643 380 2718; x_wconf 59' lang='grc' dir='ltr'><strong><em>ἔχει</em></strong></span> <span class='ocrx_word' id='word_1_284' title='bbox 417 2643 525 2688; x_wconf 84' lang='grc' dir='ltr'><strong><em>τινὰ</em></strong></span> <span class='ocrx_word' id='word_1_285' title='bbox 565 2644 645 2687; x_wconf 78' lang='grc' dir='ltr'><strong><em>καὶ</em></strong></span> <span class='ocrx_word' id='word_1_286' title='bbox 684 2643 927 2700; x_wconf 82' lang='grc' dir='ltr'><strong><em>ὀνομάζειν</em></strong></span> <span class='ocrx_word' id='word_1_287' title='bbox 968 2642 1210 2700; x_wconf 84' lang='grc' dir='ltr'><strong><em>ὀκνήσαιμ’</em></strong></span> <span class='ocrx_word' id='word_1_288' title='bbox 1241 2642 1301 2689; x_wconf 81' lang='grc' dir='ltr'><strong><em>ἂν</em></strong></span> <span class='ocrx_word' id='word_1_289' title='bbox 1338 2644 1389 2688; x_wconf 77' lang='grc' dir='ltr'><strong><em>ἐν</em></strong></span> <span class='ocrx_word' id='word_1_290' title='bbox 1423 2645 1533 2700; x_wconf 82' lang='grc' dir='ltr'><strong><em>ὑμῖν</em></strong></span> <span class='ocrx_word' id='word_1_291' title='bbox 1571 2644 1672 2689; x_wconf 78' lang='grc' dir='ltr'><strong><em>ἔνια</em></strong></span> <span class='ocrx_word' id='word_1_292' title='bbox 1704 2645 1743 2687; x_wconf 91' lang='lat' dir='ltr'>D</span> 
     </span>
     <span class='ocr_line' id='line_1_32' title="bbox 12 2700 1624 2762; baseline -0.001 -15"><span class='ocrx_word' id='word_1_293' title='bbox 12 2750 19 2756; x_wconf 58' lang='grc'><strong><em>,</em></strong></span> <span class='ocrx_word' id='word_1_294' title='bbox 167 2708 238 2746; x_wconf 41' lang='grc'><strong><em>’14</em></strong></span> <span class='ocrx_word' id='word_1_295' title='bbox 269 2704 378 2762; x_wconf 76' lang='lat' dir='ltr'><strong><em>nav]</em></strong></span> <span class='ocrx_word' id='word_1_296' title='bbox 403 2704 482 2747; x_wconf 78' lang='grc' dir='ltr'><strong><em>καὶ</em></strong></span> <span class='ocrx_word' id='word_1_297' title='bbox 508 2703 685 2746; x_wconf 88' lang='lat' dir='ltr'><strong>MBPv</strong></span> <span class='ocrx_word' id='word_1_298' title='bbox 781 2709 831 2746; x_wconf 85' lang='lat'><strong><em>15</em></strong></span> <span class='ocrx_word' id='word_1_299' title='bbox 862 2700 1147 2758; x_wconf 83' lang='grc' dir='ltr'><strong><em>τεκμίριονΡ</em></strong></span> <span class='ocrx_word' id='word_1_300' title='bbox 1175 2707 1180 2759; x_wconf 95' lang='grc' dir='ltr'>Ι</span> <span class='ocrx_word' id='word_1_301' title='bbox 1209 2705 1270 2754; x_wconf 85' lang='grc' dir='ltr'><strong><em>ὡς</em></strong></span> <span class='ocrx_word' id='word_1_302' title='bbox 1293 2703 1453 2748; x_wconf 89' lang='lat' dir='ltr'>MBP:</span> <span class='ocrx_word' id='word_1_303' title='bbox 1479 2711 1559 2747; x_wconf 86' lang='grc' dir='ltr'><strong><em>τοῦ</em></strong></span> <span class='ocrx_word' id='word_1_304' title='bbox 1586 2704 1624 2746; x_wconf 93' lang='lat' dir='ltr'>D</span> 
     </span>
     <span class='ocr_line' id='line_1_33' title="bbox 68 2761 1743 2820; baseline 0.001 -17"><span class='ocrx_word' id='word_1_305' title='bbox 68 2764 121 2804; x_wconf 88' lang='grc'><strong><em>16</em></strong></span> <span class='ocrx_word' id='word_1_306' title='bbox 159 2761 430 2820; x_wconf 83' lang='grc' dir='ltr'><strong><em>γενόμενον]</em></strong></span> <span class='ocrx_word' id='word_1_307' title='bbox 475 2761 666 2819; x_wconf 83' lang='grc' dir='ltr'><strong><em>γέγονεν</em></strong></span> <span class='ocrx_word' id='word_1_308' title='bbox 697 2762 829 2805; x_wconf 79' lang='lat' dir='ltr'>Blass</span> <span class='ocrx_word' id='word_1_309' title='bbox 897 2765 1178 2819; x_wconf 80' lang='grc' dir='ltr'><strong><em>γεγενῆσθαι</em></strong></span> <span class='ocrx_word' id='word_1_310' title='bbox 1208 2763 1247 2806; x_wconf 91' lang='lat' dir='ltr'>D</span> <span class='ocrx_word' id='word_1_311' title='bbox 1299 2765 1303 2819; x_wconf 94' lang='grc' dir='ltr'>Ι</span> <span class='ocrx_word' id='word_1_312' title='bbox 1353 2763 1743 2818; x_wconf 77' lang='grc' dir='ltr'><strong><em>τοῦτο-μιμού-</em></strong></span> 
     </span>
     <span class='ocr_line' id='line_1_34' title="bbox 66 2820 1738 2878; baseline 0.001 -15"><span class='ocrx_word' id='word_1_313' title='bbox 66 2833 201 2874; x_wconf 85' lang='grc' dir='ltr'><strong><em>μενος</em></strong></span> <span class='ocrx_word' id='word_1_314' title='bbox 232 2821 326 2864; x_wconf 83' lang='lat' dir='ltr'><strong><em>add</em></strong></span> <span class='ocrx_word' id='word_1_315' title='bbox 357 2821 407 2864; x_wconf 86' lang='lat' dir='ltr'><strong><em>in</em></strong></span> <span class='ocrx_word' id='word_1_316' title='bbox 438 2836 518 2878; x_wconf 86' lang='lat' dir='ltr'><strong><em>mg</em></strong></span> <span class='ocrx_word' id='word_1_317' title='bbox 548 2821 610 2864; x_wconf 84' lang='lat' dir='ltr'><strong><em>B²</em></strong></span> <span class='ocrx_word' id='word_1_318' title='bbox 714 2826 765 2864; x_wconf 83' lang='lat'><strong><em>17</em></strong></span> <span class='ocrx_word' id='word_1_319' title='bbox 799 2820 884 2877; x_wconf 79' lang='grc' dir='ltr'><strong><em>γὰρ</em></strong></span> <span class='ocrx_word' id='word_1_320' title='bbox 917 2821 1042 2878; x_wconf 82' lang='grc' dir='ltr'><strong><em>τοὺς]</em></strong></span> <span class='ocrx_word' id='word_1_321' title='bbox 1075 2821 1162 2878; x_wconf 81' lang='grc' dir='ltr'><strong><em>γὰρ</em></strong></span> <span class='ocrx_word' id='word_1_322' title='bbox 1187 2822 1269 2865; x_wconf 91' lang='grc' dir='ltr'><strong><em>ΒΡ</em></strong></span> <span class='ocrx_word' id='word_1_323' title='bbox 1313 2823 1317 2878; x_wconf 96' lang='grc' dir='ltr'>Ι</span> <span class='ocrx_word' id='word_1_324' title='bbox 1360 2820 1658 2877; x_wconf 84' lang='grc' dir='ltr'><strong><em>ἀλεκτρίονας</em></strong></span> <span class='ocrx_word' id='word_1_325' title='bbox 1679 2822 1738 2877; x_wconf 87' lang='grc' dir='ltr'><strong><em>ΡΙ</em></strong></span> 
     </span>
     <span class='ocr_line' id='line_1_35' title="bbox 66 2879 1741 2937; baseline 0.002 -17"><span class='ocrx_word' id='word_1_326' title='bbox 66 2879 347 2935; x_wconf 82' lang='grc' dir='ltr'><strong><em>νεοκηκότας</em></strong></span> <span class='ocrx_word' id='word_1_327' title='bbox 378 2881 413 2923; x_wconf 90' lang='grc' dir='ltr'>Ρ</span> <span class='ocrx_word' id='word_1_328' title='bbox 537 2885 590 2924; x_wconf 85' lang='grc'><strong><em>18</em></strong></span> <span class='ocrx_word' id='word_1_329' title='bbox 624 2881 797 2936; x_wconf 82' lang='grc' dir='ltr'><strong><em>ἀγῶσιν</em></strong></span> <span class='ocrx_word' id='word_1_330' title='bbox 822 2880 871 2934; x_wconf 80' lang='grc' dir='ltr'><strong><em>Β,</em></strong></span> <span class='ocrx_word' id='word_1_331' title='bbox 906 2880 988 2924; x_wconf 83' lang='lat' dir='ltr'><strong><em>sed</em></strong></span> <span class='ocrx_word' id='word_1_332' title='bbox 1018 2881 1191 2937; x_wconf 84' lang='grc' dir='ltr'><strong><em>ἀγκωσι</em></strong></span> <span class='ocrx_word' id='word_1_333' title='bbox 1223 2896 1302 2937; x_wconf 85' lang='lat' dir='ltr'><strong><em>mg</em></strong></span> <span class='ocrx_word' id='word_1_334' title='bbox 1330 2881 1391 2923; x_wconf 84' lang='lat' dir='ltr'><strong><em>B²</em></strong></span> <span class='ocrx_word' id='word_1_335' title='bbox 1510 2886 1567 2923; x_wconf 77' lang='lat'><strong><em>20</em></strong></span> <span class='ocrx_word' id='word_1_336' title='bbox 1598 2888 1741 2923; x_wconf 87' lang='grc' dir='ltr'><strong><em>ταῦτα</em></strong></span> 
     </span>
    </p>
   </div>
   <div class='ocr_carea' id='block_1_4' title="bbox 7 2934 186 2981">
    <p class='ocr_par' dir='ltr' id='par_1_22' title="bbox 7 2934 186 2981">
     <span class='ocr_line' id='line_1_36' title="bbox 7 2934 186 2981; baseline 0.017 -3"><span class='ocrx_word' id='word_1_337' title='bbox 7 2941 15 2954; x_wconf 69' lang='grc'><em>“</em></span> <span class='ocrx_word' id='word_1_338' title='bbox 66 2934 186 2981; x_wconf 75' lang='lat' dir='ltr'><strong><em>BPv</em></strong></span> 
     </span>
    </p>
   </div>
   <div class='ocr_carea' id='block_1_5' title="bbox 0 2095 19 2328">
    <p class='ocr_par' dir='ltr' id='par_1_23' title="bbox 0 2095 19 2328">
     <span class='ocr_line' id='line_1_37' title="bbox 0 2095 19 2328; baseline 0 -9"><span class='ocrx_word' id='word_1_339' title='bbox 0 2095 19 2328; x_wconf 75' lang='grc' dir='ltr'>ἑ</span> 
     </span>
    </p>
   </div>
  </div>
 </body>
</html>
