2004 3202
203 114 310 167 316
625 116 966 159 ΔῙοΝΤΣῙοΤ
996 116 1465 159 ΑΜΚΑΡΝΑΣΕΩΣ

1917 0 1977 128 {¹

1943 155 1962 213 ξ,

1947 218 1964 257 ²

202 249 420 303 θέντων
458 250 745 318 ἀπολογία·
795 247 1005 317 “δέομαι
1043 249 1224 317 ὑμῶν,
1263 246 1305 302 ὦ
1346 250 1576 319 ἄνδρεςῖ
1654 249 1743 303 ἀπ’
1788 250 1887 303 αὐ-

202 346 302 391 τοῦ
341 346 440 390 τοῦ
479 346 815 408 χαρακτῆρος
855 337 1007 406 εὕροι
1045 357 1127 399 τις
1166 336 1235 390 ἂν
1275 337 1375 391 οὐκ
1414 341 1547 391 ὄντα
1585 339 1684 391 τὸν
1718 342 1890 407 λόγον
1952 378 1965 394 ,-

203 428 518 496 Δεινάρχου
572 425 803 498 (ὑδαρής
857 445 914 478 τε
964 427 1068 494 γὰρ
1116 423 1207 478 καὶ
1254 425 1497 494 ἀσθενὴς
1542 425 1632 479 καὶ
1678 431 1889 498 ψυχρός
1953 471 1955 474 ⁴

206 514 397 586 ἐστιν),
437 515 574 568 ἀλλὰ
606 519 817 583 μᾶλλον
849 513 1019 566 αὐτὸν
1055 515 1125 566 ἄν
1162 534 1246 575 τις
1275 515 1403 582 θειή
1436 517 1823 583 Δημοκλείδου
1854 516 1887 585 ἢ

163 623 182 653 5
209 607 597 673 Μενεσαίχμου
636 603 668 671 ἢ
701 612 812 655 τῶν
844 604 1028 655 ἄλλων
1059 612 1170 654 τῶν
1200 603 1469 655 τοιούτων
1499 606 1663 666 τινός.
1726 604 1889 673 άφαι-

206 699 406 760 ροῦμαι
453 689 514 743 δὲ
560 690 649 743 καὶ
697 692 825 752 τοὺς
863 687 1002 759 ὑπὲρ
1043 693 1434 759 Μενεσαίχμου
1474 694 1674 759 λόγους
1714 692 1888 762 ἀμφό-
1975 742 1982 758 ,

204 779 411 850 τέιρους
443 779 631 846 αὐτοῦ,
665 774 743 831 ὧν
775 777 803 830 ὃ
830 777 930 847 μέν
964 777 1112 830 ἐστιν
1143 777 1268 848 περὶ
1300 785 1394 846 τῆς
1425 782 1619 847 Δήλου
1649 783 1873 843 θυσίας·
1893 794 1962 836 66

205 869 537 936 (ἱκετεύομεν
574 867 715 936 ὑμᾶς
753 867 892 919 καί’·
933 866 961 919 ὃ
1004 863 1065 919 δὲ
1102 868 1241 936 πρὸς
1273 866 1548 936 Περικλέα
1581 866 1671 920 καὶ
1703 873 1890 937 Δημο-
1983 863 1984 866 ¹

204 958 426 1025 κράτην,
467 952 533 1008 οὗ
572 955 604 1023 ἡ
646 955 804 1025 ἀρχή·
846 955 1174 1024 (νομίζομεν,
1215 953 1256 1008 ὦ
1297 957 1514 1025 ἄνδρες’
1562 957 1655 1009 διά
1697 976 1754 1009 τε
1793 958 1892 1009 τὸν

140 1066 181 1095 10
206 1053 517 1114 χαρακτῆρα
558 1042 791 1115 (ὑδαρὴς
825 1046 930 1113 γὰρ
963 1043 1054 1096 καὶ
1084 1043 1381 1113 κεχυμένος
1411 1043 1502 1096 καὶ
1533 1043 1767 1116 ψυχρός)
1799 1044 1890 1098 καὶ

205 1134 287 1186 ὅτι
328 1133 355 1186 ὁ
389 1132 566 1201 λέγων
603 1133 822 1201 αὐτούς,
863 1133 942 1185 ὢν
973 1133 1099 1185 οὔτε
1132 1131 1326 1196 ἄδοξος
1363 1131 1454 1185 καὶ
1479 1135 1611 1202 μετὰ
1636 1136 1890 1203 Λυκοῦρ-

204 1228 315 1289 γον
337 1223 438 1289 τὴν
470 1223 746 1289 διοίκησιν
777 1231 888 1274 τῶν
912 1222 1194 1290 δημοσίων
1218 1222 1510 1291 χρημάτων
1531 1223 1886 1292 παραλαβών,

205 1309 562 1379 ἐξητασμένος
595 1307 656 1362 δὲ
686 1310 948 1371 πολλάκις
983 1309 1164 1378 αὐτός,
1203 1311 1274 1372 ὡς
1307 1309 1367 1362 ἐν
1398 1319 1514 1372 τοῖς
1545 1313 1731 1378 λόγοις
1761 1309 1888 1380 περὶ

205 1399 463 1451 ἁπάντων
502 1398 723 1467 μηνύει,
762 1397 852 1450 καὶ
893 1397 954 1450 ἐν
995 1399 1158 1460 ἰδίοις
1195 1397 1285 1450 καὶ
1327 1398 1387 1451 ἐν
1426 1400 1710 1467 δημοσίοις
1733 1398 1888 1465 ’ἀγῶ-

138 1505 179 1537 15
204 1502 294 1540 σιν
341 1487 441 1540 οὐκ
488 1487 556 1539 ἂν
594 1483 663 1554 ἦν
702 1486 997 1554 ἀδύνατος,
1043 1487 1180 1539 ὥστε
1218 1488 1506 1558 Δεινάρχῳ
1546 1488 1890 1558 λογογράφῳ·

203 1581 458 1645 χρῆσθαι.
513 1572 673 1644 Ὑπὲρ
710 1582 810 1627 τοῦ
842 1575 913 1643 μὴ
948 1574 1206 1627 ἐκδοῦναι
1225 1573 1504 1644 ’Ἅρπαλον
1528 1574 1872 1646 Ἀλεξάνδρῳ

206 1664 327 1717 ροὐκ
374 1663 528 1727 ἄξιον
575 1665 680 1731 ἄρα
725 1663 1064 1731 θαυμάζειν.’
1143 1661 1260 1715 οὐδ’
1310 1659 1471 1725 οὗτος
1517 1664 1546 1716 ὁ
1594 1666 1757 1730 λόγος
1802 1663 1906 1732 ἐμὴ
1983 1691 2004 1738 ,j

205 1756 391 1821 φαίνει
439 1753 537 1804 τὸν
575 1752 890 1820 Δεινάρχου
937 1758 1262 1820 χαρακτῆρα.
1341 1753 1388 1804 εἰ
1431 1753 1535 1821 γὰρ
1575 1750 1679 1804 κᾶν
1717 1749 1891 1820 μηδὲν

207 1842 367 1907 ἄλλο,
415 1843 475 1892 τό
516 1838 563 1907 γ’
604 1835 707 1892 οὖν
746 1840 973 1907 ἠλίθιον
1011 1838 1101 1891 καὶ
1142 1841 1467 1908 σοφιστικὸν
1506 1840 1660 1910 εὕροι
1699 1859 1782 1902 τις
1821 1839 1891 1892 ἂν
1982 1835 2004 1891 ἶ

141 1947 184 1979 20
210 1928 268 1981 έν
323 1928 470 2000 αὐτῷ
523 1929 690 1995 πολύ,
744 1929 804 1980 τὸ
858 1932 1118 1980 πλεῖστον
1167 1927 1371 1996 ἀπέχον
1417 1939 1527 1981 τῶν
1573 1929 1889 1998 Δεινάρχου
1983 1925 1988 1933 ’

205 2019 573 2086 χαρακτήρων.
646 2014 960 2088 ΔηΙλιακός·
1002 2015 1373 2079 “Ἀπόλλωνος
1412 2016 1501 2069 καὶ
1535 2017 1740 2079 Ῥοιοῦς
1779 2023 1874 2085 τῆς
1892 2026 2004 2075 6611

206 2106 544 2173 Σταφύλου.’
622 2101 782 2167 οὗτος
830 2104 896 2157 οὐ
944 2113 1043 2157 τοῦ
1085 2105 1314 2174 ῥήτορος
1354 2105 1469 2159 ἀλλ’
1511 2104 1700 2175 ἑτέρου
1739 2107 1890 2168 τινὸς

207 2193 567 2263 συγγραφέως
622 2193 749 2246 ἐστί.
836 2194 995 2261 δηλοῖ
1049 2192 1096 2245 δ’
1146 2193 1203 2246 ἐκ
1254 2202 1352 2246 τοῦ
1399 2196 1607 2263 τρόπου
1653 2193 1744 2246 καὶ
1791 2202 1890 2247 τοῦ

209 2380 611 2440 μία-ἐπιμελητῇ
645 2381 939 2439 Sylburgius:
975 2382 1015 2426 εἰ
1046 2381 1281 2438 μία-ἐπὶ
1314 2379 1472 2440 μελέτῃ
1495 2382 1530 2424 F
1682 2387 1707 2425 5
1735 2386 1887 2427 Μενε-

209 2439 403 2497 σαίχμου
429 2440 723 2497 Sylburgius:
757 2440 1063 2498 μεναισέχμου
1089 2429 1137 2497 F,
1171 2441 1285 2484 item
1308 2441 1431 2484 infra
1533 2446 1558 2484 6
1584 2439 1699 2497 ὑπὲρ
1725 2442 1887 2484 Ruhn-

207 2499 394 2543 kenius:
428 2499 533 2553 περὶ
557 2500 591 2542 F
683 2503 708 2542 8
741 2501 861 2555 ὑμᾶς
893 2499 1188 2557 Sylburgius:
1221 2500 1343 2556 ἡμᾶς
1366 2500 1400 2542 F
1430 2501 1435 2556 Ι
1462 2500 1542 2543 καὶ
1567 2502 1694 2556 (ante
1721 2499 1763 2556 ὃ)
1794 2501 1887 2544 secl

209 2557 424 2601 Reiskius
487 2558 566 2601 nal
597 2561 880 2614 λιπαροῦμεν
913 2559 1175 2615 Kruegerus
1310 2563 1363 2601 10
1395 2558 1571 2614 ὑδαρής
1601 2574 1648 2602 τε
1682 2558 1769 2616 γὰρ
1805 2559 1888 2603 Sa-

210 2617 352 2659 daeus
484 2622 534 2658 11
570 2617 757 2674 αὐτούς]
791 2618 929 2668 αὐτὸς
952 2618 987 2660 F
1017 2620 1020 2675 Ι
1050 2615 1114 2662 ὦν
1146 2618 1180 2660 F
1319 2622 1372 2660 15
1406 2615 1465 2661 ἂν
1499 2617 1624 2661 delet
1658 2618 1888 2674 Sauppius

208 2675 302 2718 fort
342 2675 395 2717 οὐ
437 2673 500 2729 μὰ
540 2673 614 2718 Δί’
652 2671 710 2730 ἦν
753 2679 757 2731 Ι
800 2676 1075 2736 λογογράφῳ
1117 2675 1370 2732 Sauppius:
1417 2679 1701 2733 λογογραφεῖ
1734 2677 1770 2720 F

212 2738 264 2777 16
292 2733 512 2777 ἐκδοῦναι
544 2748 622 2789 mg
654 2734 792 2777 Bodl:
828 2734 1048 2779 ἐνδοῦναι
1078 2736 1113 2778 F
1143 2738 1147 2792 Ι
1177 2735 1388 2790 ἄρπαλον
1413 2735 1448 2777 F
1541 2740 1594 2778 17
1628 2734 1888 2791 θαυμάζειν

209 2791 448 2836 Reiskius:
483 2790 707 2846 θαυμάζω
733 2793 766 2834 F
861 2798 913 2835 19
939 2793 1127 2849 ἠλίθιον
1145 2795 1179 2837 F
1274 2798 1329 2837 20
1361 2793 1410 2837 τὸ
1446 2793 1570 2837 delet
1594 2794 1883 2853 Kruegerusl

209 2850 386 2909 ἀπέχον
418 2864 474 2894 ex
505 2849 691 2908 ἀπέχων
723 2864 805 2906 per
835 2866 908 2893 ras
943 2853 977 2894 F
1007 2855 1011 2909 Ι
1039 2860 1119 2897 τοῦ
1145 2851 1406 2910 Δεινάρχου
1437 2860 1725 2909 χαρακτῆρος
1756 2852 1888 2896 Reis-

210 2910 315 2953 kius
438 2914 492 2952 ‘22
529 2910 779 2964 Σταφύλου
811 2909 1048 2955 Reiskius:
1083 2913 1292 2967 ταφύλου
1324 2911 1359 2953 F
