<?xml version="1.0" encoding="UTF-8"?>
<!DOCTYPE html PUBLIC "-//W3C//DTD XHTML 1.0 Transitional//EN"
    "http://www.w3.org/TR/xhtml1/DTD/xhtml1-transitional.dtd">
<html xmlns="http://www.w3.org/1999/xhtml" xml:lang="en" lang="en">
 <head>
  <title>
</title>
<meta http-equiv="Content-Type" content="text/html;charset=utf-8" />
  <meta name='ocr-system' content='tesseract 3.04.00' />
  <meta name='ocr-capabilities' content='ocr_page ocr_carea ocr_par ocr_line ocrx_word'/>
</head>
<body>
  <div class='ocr_page' id='page_1' title='image "./quaeexstant05dionuoft_0107.png"; bbox 0 0 1958 3192; ppageno 0'>
   <div class='ocr_carea' id='block_1_1' title="bbox 820 123 1831 176">
    <p class='ocr_par' dir='ltr' id='par_1_1' title="bbox 820 123 1831 176">
     <span class='ocr_line' id='line_1_1' title="bbox 820 123 1831 176; baseline -0.006 -10"><span class='ocrx_word' id='word_1_1' title='bbox 820 125 1166 168; x_wconf 76' lang='grc' dir='ltr'><strong><em>ΙΣοΚΡΑΤΗΣ</em></strong></span> <span class='ocrx_word' id='word_1_2' title='bbox 1763 123 1831 176; x_wconf 81' lang='lat'><strong><em>57</em></strong></span> 
     </span>
    </p>
   </div>
   <div class='ocr_carea' id='block_1_2' title="bbox 68 256 1906 2099">
    <p class='ocr_par' dir='ltr' id='par_1_2' title="bbox 68 256 1906 2099">
     <span class='ocr_line' id='line_1_2' title="bbox 158 256 1836 328; baseline 0 -16"><span class='ocrx_word' id='word_1_3' title='bbox 158 257 289 313; x_wconf 74' lang='grc' dir='ltr'><strong><em>οὐδὲ</em></strong></span> <span class='ocrx_word' id='word_1_4' title='bbox 320 259 387 327; x_wconf 86' lang='grc' dir='ltr'><strong><em>δὴ</em></strong></span> <span class='ocrx_word' id='word_1_5' title='bbox 422 259 691 327; x_wconf 89' lang='grc' dir='ltr'><strong><em>σύντομος</em></strong></span> <span class='ocrx_word' id='word_1_6' title='bbox 724 258 915 325; x_wconf 81' lang='grc' dir='ltr'><strong><em>οὕτως,</em></strong></span> <span class='ocrx_word' id='word_1_7' title='bbox 947 258 1085 311; x_wconf 78' lang='grc' dir='ltr'><strong><em>ἀλλὰ</em></strong></span> <span class='ocrx_word' id='word_1_8' title='bbox 1115 256 1205 311; x_wconf 89' lang='grc' dir='ltr'><strong><em>καὶ</em></strong></span> <span class='ocrx_word' id='word_1_9' title='bbox 1230 259 1560 326; x_wconf 79' lang='grc' dir='ltr'><strong><em>κατασκελὴς</em></strong></span> <span class='ocrx_word' id='word_1_10' title='bbox 1591 256 1680 310; x_wconf 87' lang='grc' dir='ltr'><strong><em>καὶ</em></strong></span> <span class='ocrx_word' id='word_1_11' title='bbox 1706 262 1836 328; x_wconf 90' lang='grc' dir='ltr'><strong><em>βρα-</em></strong></span> 
     </span>
     <span class='ocr_line' id='line_1_3' title="bbox 158 343 1836 417; baseline 0 -17"><span class='ocrx_word' id='word_1_12' title='bbox 158 346 358 416; x_wconf 90' lang='grc' dir='ltr'><strong><em>δυτέρα</em></strong></span> <span class='ocrx_word' id='word_1_13' title='bbox 396 355 494 400; x_wconf 87' lang='grc' dir='ltr'><strong><em>τοῦ</em></strong></span> <span class='ocrx_word' id='word_1_14' title='bbox 533 350 772 417; x_wconf 79' lang='grc' dir='ltr'><strong><em>μετρίου.</em></strong></span> <span class='ocrx_word' id='word_1_15' title='bbox 850 346 924 400; x_wconf 84' lang='grc' dir='ltr'><strong><em>δι’</em></strong></span> <span class='ocrx_word' id='word_1_16' title='bbox 972 346 1041 415; x_wconf 83' lang='grc' dir='ltr'><strong><em>ἣν</em></strong></span> <span class='ocrx_word' id='word_1_17' title='bbox 1085 343 1147 399; x_wconf 76' lang='grc' dir='ltr'><strong><em>δὲ</em></strong></span> <span class='ocrx_word' id='word_1_18' title='bbox 1186 347 1368 399; x_wconf 83' lang='grc' dir='ltr'><strong><em>αἰτίαν</em></strong></span> <span class='ocrx_word' id='word_1_19' title='bbox 1413 355 1575 399; x_wconf 88' lang='grc' dir='ltr'><strong><em>τοῦτο</em></strong></span> <span class='ocrx_word' id='word_1_20' title='bbox 1625 348 1836 415; x_wconf 87' lang='grc' dir='ltr'><strong><em>πάσχει,</em></strong></span> 
     </span>
     <span class='ocr_line' id='line_1_4' title="bbox 156 433 1838 505; baseline -0.001 -17"><span class='ocrx_word' id='word_1_21' title='bbox 156 437 288 505; x_wconf 82' lang='grc' dir='ltr'><strong><em>μετὰ</em></strong></span> <span class='ocrx_word' id='word_1_22' title='bbox 341 437 540 505; x_wconf 89' lang='grc' dir='ltr'><strong><em>μικρὸν</em></strong></span> <span class='ocrx_word' id='word_1_23' title='bbox 593 435 712 505; x_wconf 85' lang='grc' dir='ltr'><strong><em>ἐρῶ.</em></strong></span> <span class='ocrx_word' id='word_1_24' title='bbox 798 433 929 488; x_wconf 75' lang='grc' dir='ltr'><strong><em>οὐδὲ</em></strong></span> <span class='ocrx_word' id='word_1_25' title='bbox 982 437 1083 504; x_wconf 90' lang='grc' dir='ltr'><strong><em>τὴν</em></strong></span> <span class='ocrx_word' id='word_1_26' title='bbox 1136 436 1406 488; x_wconf 91' lang='grc' dir='ltr'><strong><em>σύνθεσιν</em></strong></span> <span class='ocrx_word' id='word_1_27' title='bbox 1468 434 1838 488; x_wconf 89' lang='grc' dir='ltr'><strong><em>ἐπιδείκνυται</em></strong></span> 
     </span>
     <span class='ocr_line' id='line_1_5' title="bbox 155 523 1836 593; baseline -0.001 -16"><span class='ocrx_word' id='word_1_28' title='bbox 155 525 257 592; x_wconf 87' lang='grc' dir='ltr'><strong><em>τὴν</em></strong></span> <span class='ocrx_word' id='word_1_29' title='bbox 281 525 523 593; x_wconf 84' lang='grc' dir='ltr'><strong><em>φυσικὴν</em></strong></span> <span class='ocrx_word' id='word_1_30' title='bbox 553 523 642 577; x_wconf 83' lang='grc' dir='ltr'><strong><em>καὶ</em></strong></span> <span class='ocrx_word' id='word_1_31' title='bbox 667 524 842 593; x_wconf 82' lang='grc' dir='ltr'><strong><em>ἀφελῆ</em></strong></span> <span class='ocrx_word' id='word_1_32' title='bbox 874 523 963 577; x_wconf 87' lang='grc' dir='ltr'><strong><em>καὶ</em></strong></span> <span class='ocrx_word' id='word_1_33' title='bbox 989 524 1308 592; x_wconf 76' lang='grc' dir='ltr'><strong><em>ἐναγώνιον,</em></strong></span> <span class='ocrx_word' id='word_1_34' title='bbox 1341 525 1522 593; x_wconf 81' lang='grc' dir='ltr'><strong><em>ὥσπερ</em></strong></span> <span class='ocrx_word' id='word_1_35' title='bbox 1546 524 1578 592; x_wconf 85' lang='grc' dir='ltr'><em>ἡ</em></span> <span class='ocrx_word' id='word_1_36' title='bbox 1605 526 1836 591; x_wconf 93' lang='grc' dir='ltr'><strong><em>Λυσίου,</em></strong></span> 
     </span>
     <span class='ocr_line' id='line_1_6' title="bbox 156 611 1903 682; baseline -0.001 -16"><span class='ocrx_word' id='word_1_37' title='bbox 156 612 293 666; x_wconf 81' lang='grc' dir='ltr'><strong><em>ἀλλὰ</em></strong></span> <span class='ocrx_word' id='word_1_38' title='bbox 331 612 703 682; x_wconf 83' lang='grc' dir='ltr'><strong><em>πεποιημένην</em></strong></span> <span class='ocrx_word' id='word_1_39' title='bbox 740 618 952 682; x_wconf 85' lang='grc' dir='ltr'><strong><em>μᾶλλον</em></strong></span> <span class='ocrx_word' id='word_1_40' title='bbox 990 614 1067 676; x_wconf 87' lang='grc' dir='ltr'><strong><em>εἰς</em></strong></span> <span class='ocrx_word' id='word_1_41' title='bbox 1099 614 1400 682; x_wconf 88' lang='grc' dir='ltr'><strong><em>σεμνότητα</em></strong></span> <span class='ocrx_word' id='word_1_42' title='bbox 1430 613 1709 682; x_wconf 87' lang='grc' dir='ltr'><strong><em>πομπικὴν</em></strong></span> <span class='ocrx_word' id='word_1_43' title='bbox 1746 611 1837 665; x_wconf 89' lang='grc' dir='ltr'><strong><em>καὶ</em></strong></span> <span class='ocrx_word' id='word_1_44' title='bbox 1882 629 1903 661; x_wconf 85' lang='grc'>5</span> 
     </span>
     <span class='ocr_line' id='line_1_7' title="bbox 154 698 1838 772; baseline 0 -18"><span class='ocrx_word' id='word_1_45' title='bbox 154 705 411 770; x_wconf 81' lang='grc' dir='ltr'><strong><em>ποικίλην</em></strong></span> <span class='ocrx_word' id='word_1_46' title='bbox 471 700 560 754; x_wconf 87' lang='grc' dir='ltr'><strong><em>καὶ</em></strong></span> <span class='ocrx_word' id='word_1_47' title='bbox 614 710 686 772; x_wconf 76' lang='grc' dir='ltr'><strong><em>πῇ</em></strong></span> <span class='ocrx_word' id='word_1_48' title='bbox 742 699 843 771; x_wconf 76' lang='grc' dir='ltr'><strong><em>μὲν</em></strong></span> <span class='ocrx_word' id='word_1_49' title='bbox 897 701 1332 771; x_wconf 77' lang='grc' dir='ltr'><strong><em>εὐπρεπεστέραν</em></strong></span> <span class='ocrx_word' id='word_1_50' title='bbox 1387 700 1596 769; x_wconf 80' lang='grc' dir='ltr'><strong><em>ἐκείνης</em></strong></span> <span class='ocrx_word' id='word_1_51' title='bbox 1647 709 1720 771; x_wconf 80' lang='grc' dir='ltr'><strong><em>πῇ</em></strong></span> <span class='ocrx_word' id='word_1_52' title='bbox 1777 698 1838 754; x_wconf 74' lang='grc' dir='ltr'><strong><em>δὲ</em></strong></span> 
     </span>
     <span class='ocr_line' id='line_1_8' title="bbox 154 786 1839 860; baseline 0.001 -18"><span class='ocrx_word' id='word_1_53' title='bbox 154 789 592 860; x_wconf 79' lang='grc' dir='ltr'><strong><em>περιεργοτέραν.</em></strong></span> <span class='ocrx_word' id='word_1_54' title='bbox 668 790 697 843; x_wconf 85' lang='grc' dir='ltr'>ὁ</span> <span class='ocrx_word' id='word_1_55' title='bbox 751 792 855 858; x_wconf 82' lang='grc' dir='ltr'><strong><em>γὰρ</em></strong></span> <span class='ocrx_word' id='word_1_56' title='bbox 911 790 1050 860; x_wconf 80' lang='grc' dir='ltr'><strong><em>ἀνὴρ</em></strong></span> <span class='ocrx_word' id='word_1_57' title='bbox 1106 786 1266 853; x_wconf 85' lang='grc' dir='ltr'><strong><em>οὗτος</em></strong></span> <span class='ocrx_word' id='word_1_58' title='bbox 1319 791 1420 858; x_wconf 88' lang='grc' dir='ltr'><strong><em>τὴν</em></strong></span> <span class='ocrx_word' id='word_1_59' title='bbox 1474 788 1726 843; x_wconf 83' lang='grc' dir='ltr'><strong><em>εὐέπειαν</em></strong></span> <span class='ocrx_word' id='word_1_60' title='bbox 1780 789 1839 843; x_wconf 90' lang='grc' dir='ltr'><strong><em>ἐκ</em></strong></span> 
     </span>
     <span class='ocr_line' id='line_1_9' title="bbox 155 877 1838 948; baseline 0 -17"><span class='ocrx_word' id='word_1_61' title='bbox 155 880 359 941; x_wconf 88' lang='grc' dir='ltr'><strong><em>παντὸς</em></strong></span> <span class='ocrx_word' id='word_1_62' title='bbox 406 880 592 932; x_wconf 80' lang='grc' dir='ltr'><strong><em>διώκει</em></strong></span> <span class='ocrx_word' id='word_1_63' title='bbox 646 877 736 931; x_wconf 87' lang='grc' dir='ltr'><strong><em>καὶ</em></strong></span> <span class='ocrx_word' id='word_1_64' title='bbox 791 887 890 932; x_wconf 89' lang='grc' dir='ltr'><strong><em>τοῦ</em></strong></span> <span class='ocrx_word' id='word_1_65' title='bbox 943 883 1239 948; x_wconf 75' lang='grc' dir='ltr'><strong><em>γλαφυρῶς</em></strong></span> <span class='ocrx_word' id='word_1_66' title='bbox 1293 877 1475 946; x_wconf 88' lang='grc' dir='ltr'><strong><em>λέγειν</em></strong></span> <span class='ocrx_word' id='word_1_67' title='bbox 1529 880 1838 948; x_wconf 80' lang='grc' dir='ltr'><strong><em>στοχάζεται</em></strong></span> 
     </span>
     <span class='ocr_line' id='line_1_10' title="bbox 157 966 1838 1037; baseline 0 -16"><span class='ocrx_word' id='word_1_68' title='bbox 157 972 366 1037; x_wconf 86' lang='grc' dir='ltr'><strong><em>μᾶλλον</em></strong></span> <span class='ocrx_word' id='word_1_69' title='bbox 412 967 442 1036; x_wconf 77' lang='grc' dir='ltr'>ἢ</span> <span class='ocrx_word' id='word_1_70' title='bbox 491 976 590 1020; x_wconf 88' lang='grc' dir='ltr'><strong><em>τοῦ</em></strong></span> <span class='ocrx_word' id='word_1_71' title='bbox 645 967 873 1036; x_wconf 82' lang='grc' dir='ltr'><strong><em>ἀφελῶς.</em></strong></span> <span class='ocrx_word' id='word_1_72' title='bbox 950 977 1060 1020; x_wconf 85' lang='grc' dir='ltr'><strong><em>τῶν</em></strong></span> <span class='ocrx_word' id='word_1_73' title='bbox 1106 987 1162 1020; x_wconf 90' lang='grc' dir='ltr'><strong><em>τε</em></strong></span> <span class='ocrx_word' id='word_1_74' title='bbox 1208 969 1312 1037; x_wconf 81' lang='grc' dir='ltr'><strong><em>γὰρ</em></strong></span> <span class='ocrx_word' id='word_1_75' title='bbox 1364 966 1698 1037; x_wconf 83' lang='grc' dir='ltr'><strong><em>φωνηέντων</em></strong></span> <span class='ocrx_word' id='word_1_76' title='bbox 1743 970 1838 1030; x_wconf 80' lang='grc' dir='ltr'><strong><em>τὰς</em></strong></span> 
     </span>
     <span class='ocr_line' id='line_1_11' title="bbox 156 1056 1904 1126; baseline -0.001 -16"><span class='ocrx_word' id='word_1_77' title='bbox 156 1060 540 1126; x_wconf 80' lang='grc' dir='ltr'><strong><em>παραλλήλους</em></strong></span> <span class='ocrx_word' id='word_1_78' title='bbox 578 1056 764 1119; x_wconf 85' lang='grc' dir='ltr'><strong><em>θέσεις</em></strong></span> <span class='ocrx_word' id='word_1_79' title='bbox 807 1058 879 1119; x_wconf 87' lang='grc' dir='ltr'><strong><em>ὡς</em></strong></span> <span class='ocrx_word' id='word_1_80' title='bbox 926 1056 1225 1119; x_wconf 83' lang='grc' dir='ltr'><strong><em>ἐκλυούσας</em></strong></span> <span class='ocrx_word' id='word_1_81' title='bbox 1272 1058 1366 1118; x_wconf 85' lang='grc' dir='ltr'><strong><em>τὰς</em></strong></span> <span class='ocrx_word' id='word_1_82' title='bbox 1413 1056 1679 1126; x_wconf 83' lang='grc' dir='ltr'><strong><em>ἁρμονίας</em></strong></span> <span class='ocrx_word' id='word_1_83' title='bbox 1727 1066 1838 1109; x_wconf 86' lang='grc' dir='ltr'><strong><em>τῶν</em></strong></span> <span class='ocrx_word' id='word_1_84' title='bbox 1863 1071 1904 1103; x_wconf 87' lang='grc'><strong><em>10</em></strong></span> 
     </span>
     <span class='ocr_line' id='line_1_12' title="bbox 157 1144 1839 1214; baseline 0 -16"><span class='ocrx_word' id='word_1_85' title='bbox 157 1148 306 1214; x_wconf 80' lang='grc' dir='ltr'><strong><em>ἤχων</em></strong></span> <span class='ocrx_word' id='word_1_86' title='bbox 358 1144 446 1198; x_wconf 88' lang='grc' dir='ltr'><strong><em>καὶ</em></strong></span> <span class='ocrx_word' id='word_1_87' title='bbox 493 1146 593 1213; x_wconf 86' lang='grc' dir='ltr'><strong><em>τὴν</em></strong></span> <span class='ocrx_word' id='word_1_88' title='bbox 644 1147 892 1213; x_wconf 88' lang='grc' dir='ltr'><strong><em>λειότητα</em></strong></span> <span class='ocrx_word' id='word_1_89' title='bbox 945 1154 1056 1197; x_wconf 85' lang='grc' dir='ltr'><strong><em>τῶν</em></strong></span> <span class='ocrx_word' id='word_1_90' title='bbox 1109 1146 1381 1213; x_wconf 77' lang='grc' dir='ltr'><strong><em>φθόγγων</em></strong></span> <span class='ocrx_word' id='word_1_91' title='bbox 1435 1145 1839 1214; x_wconf 90' lang='grc' dir='ltr'><strong><em>λυμαινομένας</em></strong></span> 
     </span>
     <span class='ocr_line' id='line_1_13' title="bbox 155 1231 1838 1305; baseline 0 -18"><span class='ocrx_word' id='word_1_92' title='bbox 155 1237 523 1304; x_wconf 89' lang='grc' dir='ltr'><strong><em>περιίσταται,</em></strong></span> <span class='ocrx_word' id='word_1_93' title='bbox 575 1234 815 1304; x_wconf 79' lang='grc' dir='ltr'><strong><em>περιόδῳ</em></strong></span> <span class='ocrx_word' id='word_1_94' title='bbox 854 1253 911 1286; x_wconf 89' lang='grc' dir='ltr'><strong><em>τε</em></strong></span> <span class='ocrx_word' id='word_1_95' title='bbox 949 1231 1039 1285; x_wconf 86' lang='grc' dir='ltr'><strong><em>καὶ</em></strong></span> <span class='ocrx_word' id='word_1_96' title='bbox 1078 1234 1259 1305; x_wconf 77' lang='grc' dir='ltr'><strong><em>κύκλῳ</em></strong></span> <span class='ocrx_word' id='word_1_97' title='bbox 1305 1235 1734 1303; x_wconf 82' lang='grc' dir='ltr'><strong><em>περιλαμβάνειν</em></strong></span> <span class='ocrx_word' id='word_1_98' title='bbox 1771 1236 1838 1287; x_wconf 79' lang='grc' dir='ltr'><strong><em>τὰ</em></strong></span> 
     </span>
     <span class='ocr_line' id='line_1_14' title="bbox 158 1321 1839 1392; baseline -0.001 -16"><span class='ocrx_word' id='word_1_99' title='bbox 158 1326 400 1392; x_wconf 84' lang='grc' dir='ltr'><strong><em>νοήματα</em></strong></span> <span class='ocrx_word' id='word_1_100' title='bbox 436 1331 687 1391; x_wconf 85' lang='grc' dir='ltr'><strong><em>πειρᾶται</em></strong></span> <span class='ocrx_word' id='word_1_101' title='bbox 728 1322 1051 1391; x_wconf 78' lang='grc' dir='ltr'><strong><em>ῥυθμοειδεῖ</em></strong></span> <span class='ocrx_word' id='word_1_102' title='bbox 1087 1322 1236 1374; x_wconf 90' lang='grc' dir='ltr'><strong><em>πάνυ</em></strong></span> <span class='ocrx_word' id='word_1_103' title='bbox 1285 1321 1374 1374; x_wconf 87' lang='grc' dir='ltr'><strong><em>καὶ</em></strong></span> <span class='ocrx_word' id='word_1_104' title='bbox 1416 1322 1482 1374; x_wconf 84' lang='grc' dir='ltr'><strong><em>οὐ</em></strong></span> <span class='ocrx_word' id='word_1_105' title='bbox 1521 1325 1663 1375; x_wconf 85' lang='grc' dir='ltr'><strong><em>πολὺ</em></strong></span> <span class='ocrx_word' id='word_1_106' title='bbox 1711 1321 1839 1375; x_wconf 84' lang='grc' dir='ltr'><strong><em>ἀπέ-</em></strong></span> 
     </span>
     <span class='ocr_line' id='line_1_15' title="bbox 68 1409 1839 1481; baseline 0.003 -22"><span class='ocrx_word' id='word_1_107' title='bbox 68 1420 153 1459; x_wconf 82' lang='grc'><strong><em>539</em></strong></span> <span class='ocrx_word' id='word_1_108' title='bbox 179 1412 347 1481; x_wconf 34' lang='grc' dir='ltr'><strong><em>χονὶτι</em></strong></span> <span class='ocrx_word' id='word_1_109' title='bbox 386 1419 484 1464; x_wconf 89' lang='grc' dir='ltr'><strong><em>τοῦ</em></strong></span> <span class='ocrx_word' id='word_1_110' title='bbox 522 1417 811 1478; x_wconf 89' lang='grc' dir='ltr'><strong><em>ποιητικοῦ</em></strong></span> <span class='ocrx_word' id='word_1_111' title='bbox 857 1409 1088 1479; x_wconf 90' lang='grc' dir='ltr'><strong><em>μέτρου,</em></strong></span> <span class='ocrx_word' id='word_1_112' title='bbox 1137 1409 1495 1477; x_wconf 82' lang='grc' dir='ltr'><strong><em>ἀναγνώσεώς</em></strong></span> <span class='ocrx_word' id='word_1_113' title='bbox 1533 1431 1590 1463; x_wconf 87' lang='grc' dir='ltr'><strong><em>τε</em></strong></span> <span class='ocrx_word' id='word_1_114' title='bbox 1629 1415 1839 1480; x_wconf 87' lang='grc' dir='ltr'><strong><em>μᾶλλον</em></strong></span> 
     </span>
     <span class='ocr_line' id='line_1_16' title="bbox 158 1497 1903 1568; baseline 0 -15"><span class='ocrx_word' id='word_1_115' title='bbox 158 1502 484 1568; x_wconf 81' lang='grc' dir='ltr'><strong><em>οἰκειότερός</em></strong></span> <span class='ocrx_word' id='word_1_116' title='bbox 524 1498 674 1551; x_wconf 85' lang='grc' dir='ltr'><strong><em>ἐστιν</em></strong></span> <span class='ocrx_word' id='word_1_117' title='bbox 714 1498 745 1566; x_wconf 78' lang='grc' dir='ltr'>ἢ</span> <span class='ocrx_word' id='word_1_118' title='bbox 786 1500 1040 1568; x_wconf 86' lang='grc' dir='ltr'><strong><em>χρήσεως.</em></strong></span> <span class='ocrx_word' id='word_1_119' title='bbox 1110 1499 1390 1567; x_wconf 80' lang='grc' dir='ltr'><strong><em>τοιγάρτοι</em></strong></span> <span class='ocrx_word' id='word_1_120' title='bbox 1438 1500 1532 1560; x_wconf 80' lang='grc' dir='ltr'><strong><em>τὰς</em></strong></span> <span class='ocrx_word' id='word_1_121' title='bbox 1578 1497 1679 1567; x_wconf 75' lang='grc' dir='ltr'><strong><em>μὲν</em></strong></span> <span class='ocrx_word' id='word_1_122' title='bbox 1726 1499 1838 1553; x_wconf 86' lang='grc' dir='ltr'><strong><em>ἐπι-</em></strong></span> <span class='ocrx_word' id='word_1_123' title='bbox 1862 1514 1903 1546; x_wconf 83' lang='lat'><strong><em>15</em></strong></span> 
     </span>
     <span class='ocr_line' id='line_1_17' title="bbox 158 1585 1839 1658; baseline -0.001 -16"><span class='ocrx_word' id='word_1_124' title='bbox 158 1590 351 1653; x_wconf 82' lang='grc' dir='ltr'><strong><em>δείξεις</em></strong></span> <span class='ocrx_word' id='word_1_125' title='bbox 404 1590 499 1650; x_wconf 84' lang='grc' dir='ltr'><strong><em>τὰς</em></strong></span> <span class='ocrx_word' id='word_1_126' title='bbox 554 1587 614 1640; x_wconf 88' lang='grc' dir='ltr'><strong><em>ἐν</em></strong></span> <span class='ocrx_word' id='word_1_127' title='bbox 667 1596 785 1649; x_wconf 87' lang='grc' dir='ltr'><strong><em>ταῖς</em></strong></span> <span class='ocrx_word' id='word_1_128' title='bbox 839 1587 1180 1656; x_wconf 86' lang='grc' dir='ltr'><strong><em>πανηγύρεσι</em></strong></span> <span class='ocrx_word' id='word_1_129' title='bbox 1239 1585 1330 1639; x_wconf 84' lang='grc' dir='ltr'><strong><em>καὶ</em></strong></span> <span class='ocrx_word' id='word_1_130' title='bbox 1391 1588 1492 1655; x_wconf 88' lang='grc' dir='ltr'><strong><em>τὴν</em></strong></span> <span class='ocrx_word' id='word_1_131' title='bbox 1547 1586 1604 1639; x_wconf 86' lang='grc' dir='ltr'><strong><em>ἐκ</em></strong></span> <span class='ocrx_word' id='word_1_132' title='bbox 1658 1590 1839 1658; x_wconf 86' lang='grc' dir='ltr'><strong><em>χειρὸς</em></strong></span> 
     </span>
     <span class='ocr_line' id='line_1_18' title="bbox 155 1673 1839 1748; baseline -0.001 -18"><span class='ocrx_word' id='word_1_133' title='bbox 155 1680 402 1748; x_wconf 81' lang='grc' dir='ltr'><strong><em>θεωρίαν</em></strong></span> <span class='ocrx_word' id='word_1_134' title='bbox 433 1675 703 1746; x_wconf 90' lang='grc' dir='ltr'><strong><em>φέρουσιν</em></strong></span> <span class='ocrx_word' id='word_1_135' title='bbox 727 1675 899 1729; x_wconf 85' lang='grc' dir='ltr'><strong><em>αὐτοῦ</em></strong></span> <span class='ocrx_word' id='word_1_136' title='bbox 925 1677 978 1728; x_wconf 79' lang='grc' dir='ltr'><strong><em>οἱ</em></strong></span> <span class='ocrx_word' id='word_1_137' title='bbox 1002 1678 1176 1743; x_wconf 92' lang='grc' dir='ltr'><strong><em>λόγοι,</em></strong></span> <span class='ocrx_word' id='word_1_138' title='bbox 1208 1677 1338 1738; x_wconf 87' lang='grc' dir='ltr'><strong><em>τοὺς</em></strong></span> <span class='ocrx_word' id='word_1_139' title='bbox 1362 1673 1422 1728; x_wconf 76' lang='grc' dir='ltr'><strong><em>δὲ</em></strong></span> <span class='ocrx_word' id='word_1_140' title='bbox 1448 1675 1508 1728; x_wconf 87' lang='grc' dir='ltr'><strong><em>ἐν</em></strong></span> <span class='ocrx_word' id='word_1_141' title='bbox 1533 1675 1839 1745; x_wconf 87' lang='grc' dir='ltr'><strong><em>ἐκκλησίαις</em></strong></span> 
     </span>
     <span class='ocr_line' id='line_1_19' title="bbox 156 1763 1840 1835; baseline 0 -17"><span class='ocrx_word' id='word_1_142' title='bbox 156 1765 246 1819; x_wconf 87' lang='grc' dir='ltr'><strong><em>καὶ</em></strong></span> <span class='ocrx_word' id='word_1_143' title='bbox 286 1767 657 1835; x_wconf 90' lang='grc' dir='ltr'><strong><em>δικαστηρίοις</em></strong></span> <span class='ocrx_word' id='word_1_144' title='bbox 702 1765 918 1833; x_wconf 79' lang='grc' dir='ltr'><strong><em>ἀγῶνας</em></strong></span> <span class='ocrx_word' id='word_1_145' title='bbox 965 1765 1066 1833; x_wconf 86' lang='grc' dir='ltr'><strong><em>οὐχ</em></strong></span> <span class='ocrx_word' id='word_1_146' title='bbox 1115 1764 1470 1833; x_wconf 89' lang='grc' dir='ltr'><strong><em>ὑπομένουσι.</em></strong></span> <span class='ocrx_word' id='word_1_147' title='bbox 1538 1765 1739 1818; x_wconf 91' lang='grc' dir='ltr'><strong><em>τούτου</em></strong></span> <span class='ocrx_word' id='word_1_148' title='bbox 1778 1763 1840 1818; x_wconf 75' lang='grc' dir='ltr'><strong><em>δὲ</em></strong></span> 
     </span>
     <span class='ocr_line' id='line_1_20' title="bbox 159 1850 1839 1922; baseline 0.001 -16"><span class='ocrx_word' id='word_1_149' title='bbox 159 1860 361 1921; x_wconf 80' lang='grc' dir='ltr'><strong><em>αἴτιον,</em></strong></span> <span class='ocrx_word' id='word_1_150' title='bbox 416 1854 499 1907; x_wconf 84' lang='grc' dir='ltr'><strong><em>ὅτι</em></strong></span> <span class='ocrx_word' id='word_1_151' title='bbox 543 1856 686 1907; x_wconf 89' lang='grc' dir='ltr'><strong><em>πολὺ</em></strong></span> <span class='ocrx_word' id='word_1_152' title='bbox 726 1855 787 1907; x_wconf 92' lang='grc' dir='ltr'><strong><em>τὸ</em></strong></span> <span class='ocrx_word' id='word_1_153' title='bbox 826 1855 1138 1922; x_wconf 87' lang='grc' dir='ltr'><strong><em>παθητικὸν</em></strong></span> <span class='ocrx_word' id='word_1_154' title='bbox 1177 1853 1237 1906; x_wconf 85' lang='grc' dir='ltr'><strong><em>έν</em></strong></span> <span class='ocrx_word' id='word_1_155' title='bbox 1277 1853 1507 1916; x_wconf 81' lang='grc' dir='ltr'><strong><em>ἐκείνοις</em></strong></span> <span class='ocrx_word' id='word_1_156' title='bbox 1546 1850 1686 1907; x_wconf 82' lang='grc' dir='ltr'><strong><em>εἶναι</em></strong></span> <span class='ocrx_word' id='word_1_157' title='bbox 1735 1856 1839 1908; x_wconf 88' lang='grc' dir='ltr'><strong><em>δεῖ·</em></strong></span> 
     </span>
     <span class='ocr_line' id='line_1_21' title="bbox 158 1939 1906 2013; baseline 0 -17"><span class='ocrx_word' id='word_1_158' title='bbox 158 1951 319 1996; x_wconf 89' lang='grc' dir='ltr'><strong><em>τοῦτο</em></strong></span> <span class='ocrx_word' id='word_1_159' title='bbox 360 1939 420 1994; x_wconf 77' lang='grc' dir='ltr'><strong><em>δὲ</em></strong></span> <span class='ocrx_word' id='word_1_160' title='bbox 460 1942 651 2010; x_wconf 77' lang='grc' dir='ltr'><strong><em>ἥκιστα</em></strong></span> <span class='ocrx_word' id='word_1_161' title='bbox 690 1941 902 2011; x_wconf 85' lang='grc' dir='ltr'><strong><em>δέχεται</em></strong></span> <span class='ocrx_word' id='word_1_162' title='bbox 931 1943 1203 2012; x_wconf 89' lang='grc' dir='ltr'><strong><em>περιόδος.</em></strong></span> <span class='ocrx_word' id='word_1_163' title='bbox 1266 1943 1327 1994; x_wconf 83' lang='grc' dir='ltr'><strong><em>αἵ</em></strong></span> <span class='ocrx_word' id='word_1_164' title='bbox 1354 1962 1410 1995; x_wconf 92' lang='grc' dir='ltr'><strong><em>τε</em></strong></span> <span class='ocrx_word' id='word_1_165' title='bbox 1440 1944 1840 2013; x_wconf 83' lang='grc' dir='ltr'><strong><em>παρομοιώσεις</em></strong></span> <span class='ocrx_word' id='word_1_166' title='bbox 1863 1957 1906 1988; x_wconf 85' lang='lat'><strong><em>20</em></strong></span> 
     </span>
     <span class='ocr_line' id='line_1_22' title="bbox 157 2029 1840 2099; baseline 0.001 -15"><span class='ocrx_word' id='word_1_167' title='bbox 157 2029 248 2084; x_wconf 85' lang='grc' dir='ltr'><strong><em>καὶ</em></strong></span> <span class='ocrx_word' id='word_1_168' title='bbox 286 2031 616 2099; x_wconf 87' lang='grc' dir='ltr'><strong><em>παρισώσεις</em></strong></span> <span class='ocrx_word' id='word_1_169' title='bbox 663 2029 753 2083; x_wconf 86' lang='grc' dir='ltr'><strong><em>καὶ</em></strong></span> <span class='ocrx_word' id='word_1_170' title='bbox 800 2033 866 2083; x_wconf 79' lang='grc' dir='ltr'><strong><em>τὰ</em></strong></span> <span class='ocrx_word' id='word_1_171' title='bbox 911 2030 1174 2084; x_wconf 80' lang='grc' dir='ltr'><strong><em>ἀντίθετα</em></strong></span> <span class='ocrx_word' id='word_1_172' title='bbox 1218 2029 1308 2083; x_wconf 86' lang='grc' dir='ltr'><strong><em>καὶ</em></strong></span> <span class='ocrx_word' id='word_1_173' title='bbox 1354 2039 1459 2093; x_wconf 87' lang='grc' dir='ltr'><strong><em>πᾶς</em></strong></span> <span class='ocrx_word' id='word_1_174' title='bbox 1505 2031 1534 2084; x_wconf 87' lang='grc' dir='ltr'>ὁ</span> <span class='ocrx_word' id='word_1_175' title='bbox 1574 2041 1685 2085; x_wconf 85' lang='grc' dir='ltr'><strong><em>τῶν</em></strong></span> <span class='ocrx_word' id='word_1_176' title='bbox 1729 2053 1840 2086; x_wconf 92' lang='grc' dir='ltr'><strong><em>τοι-</em></strong></span> 
     </span>
    </p>
   </div>
   <div class='ocr_carea' id='block_1_3' title="bbox 0 0 68 1825">
    <p class='ocr_par' dir='ltr' id='par_1_3' title="bbox 0 0 68 1825">
     <span class='ocr_line' id='line_1_23' title="bbox 0 0 68 1825; baseline 0 0"><span class='ocrx_word' id='word_1_177' title='bbox 0 0 68 1825; x_wconf 95' lang='lat' dir='ltr'><strong><em> </em></strong></span> 
     </span>
    </p>
   </div>
   <div class='ocr_carea' id='block_1_4' title="bbox 160 2219 1837 2336">
    <p class='ocr_par' dir='ltr' id='par_1_4' title="bbox 160 2219 1837 2336">
     <span class='ocr_line' id='line_1_24' title="bbox 279 2219 1837 2278; baseline 0.002 -15"><span class='ocrx_word' id='word_1_178' title='bbox 279 2225 424 2264; x_wconf 84' lang='grc'><strong>9-14</strong></span> <span class='ocrx_word' id='word_1_179' title='bbox 456 2219 610 2264; x_wconf 77' lang='lat' dir='ltr'>adfert</span> <span class='ocrx_word' id='word_1_180' title='bbox 642 2219 863 2276; x_wconf 82' lang='lat' dir='ltr'>Syrianus</span> <span class='ocrx_word' id='word_1_181' title='bbox 895 2220 915 2262; x_wconf 93' lang='lat' dir='ltr'>I</span> <span class='ocrx_word' id='word_1_182' title='bbox 942 2224 1010 2274; x_wconf 88' lang='lat'><strong><em>10,</em></strong></span> <span class='ocrx_word' id='word_1_183' title='bbox 1036 2224 1088 2262; x_wconf 80' lang='lat'><strong><em>21</em></strong></span> <span class='ocrx_word' id='word_1_184' title='bbox 1117 2219 1157 2262; x_wconf 81' lang='lat' dir='ltr'><strong>R</strong></span> <span class='ocrx_word' id='word_1_185' title='bbox 1224 2219 1273 2263; x_wconf 83' lang='lat' dir='ltr'><strong><em>cf</em></strong></span> <span class='ocrx_word' id='word_1_186' title='bbox 1298 2219 1381 2264; x_wconf 88' lang='lat' dir='ltr'><strong><em>Ioh</em></strong></span> <span class='ocrx_word' id='word_1_187' title='bbox 1408 2220 1528 2264; x_wconf 82' lang='lat' dir='ltr'>Sicel</span> <span class='ocrx_word' id='word_1_188' title='bbox 1560 2222 1621 2265; x_wconf 91' lang='lat' dir='ltr'>W</span> <span class='ocrx_word' id='word_1_189' title='bbox 1651 2222 1714 2265; x_wconf 93' lang='lat' dir='ltr'><strong><em>VI</em></strong></span> <span class='ocrx_word' id='word_1_190' title='bbox 1742 2226 1837 2278; x_wconf 77' lang='lat'>102,</span> 
     </span>
     <span class='ocr_line' id='line_1_25' title="bbox 160 2278 1121 2336; baseline -0.002 -13"><span class='ocrx_word' id='word_1_191' title='bbox 160 2284 355 2324; x_wconf 80' lang='lat'>22—30:</span> <span class='ocrx_word' id='word_1_192' title='bbox 388 2279 539 2336; x_wconf 80' lang='lat' dir='ltr'>fragm</span> <span class='ocrx_word' id='word_1_193' title='bbox 572 2279 687 2322; x_wconf 82' lang='lat' dir='ltr'>artis</span> <span class='ocrx_word' id='word_1_194' title='bbox 719 2279 980 2322; x_wconf 81' lang='lat' dir='ltr'>Isocrateae</span> <span class='ocrx_word' id='word_1_195' title='bbox 1012 2278 1121 2321; x_wconf 88' lang='lat' dir='ltr'>XIII</span> 
     </span>
    </p>
   </div>
   <div class='ocr_carea' id='block_1_5' title="bbox 161 2455 1842 2985">
    <p class='ocr_par' dir='ltr' id='par_1_5' title="bbox 161 2455 1841 2751">
     <span class='ocr_line' id='line_1_26' title="bbox 278 2455 1840 2514; baseline 0.001 -14"><span class='ocrx_word' id='word_1_196' title='bbox 278 2462 304 2500; x_wconf 82' lang='lat'>2</span> <span class='ocrx_word' id='word_1_197' title='bbox 336 2455 385 2501; x_wconf 83' lang='grc' dir='ltr'><strong><em>δ’</em></strong></span> <span class='ocrx_word' id='word_1_198' title='bbox 413 2457 450 2500; x_wconf 92' lang='grc' dir='ltr'>Ρ</span> <span class='ocrx_word' id='word_1_199' title='bbox 572 2461 597 2499; x_wconf 84' lang='grc'><strong>6</strong></span> <span class='ocrx_word' id='word_1_200' title='bbox 631 2471 715 2512; x_wconf 87' lang='grc' dir='ltr'><strong><em>πηι</em></strong></span> <span class='ocrx_word' id='word_1_201' title='bbox 746 2456 781 2499; x_wconf 86' lang='lat' dir='ltr'><strong>F</strong></span> <span class='ocrx_word' id='word_1_202' title='bbox 829 2462 892 2512; x_wconf 86' lang='grc' dir='ltr'><strong><em>πῆ</em></strong></span> <span class='ocrx_word' id='word_1_203' title='bbox 924 2456 1064 2500; x_wconf 88' lang='grc' dir='ltr'><strong><em>ΜΒΡ</em></strong></span> <span class='ocrx_word' id='word_1_204' title='bbox 1114 2459 1120 2513; x_wconf 81' lang='grc' dir='ltr'>Ι</span> <span class='ocrx_word' id='word_1_205' title='bbox 1170 2471 1233 2512; x_wconf 88' lang='grc' dir='ltr'><strong><em>πη</em></strong></span> <span class='ocrx_word' id='word_1_206' title='bbox 1259 2455 1294 2499; x_wconf 86' lang='lat' dir='ltr'><strong>F</strong></span> <span class='ocrx_word' id='word_1_207' title='bbox 1341 2463 1405 2513; x_wconf 85' lang='grc' dir='ltr'><strong><em>πῆ</em></strong></span> <span class='ocrx_word' id='word_1_208' title='bbox 1437 2457 1577 2500; x_wconf 91' lang='grc' dir='ltr'><strong><em>ΜΒΡ</em></strong></span> <span class='ocrx_word' id='word_1_209' title='bbox 1701 2462 1724 2501; x_wconf 86' lang='grc'><strong>7</strong></span> <span class='ocrx_word' id='word_1_210' title='bbox 1755 2458 1840 2514; x_wconf 86' lang='grc' dir='ltr'><strong><em>τὴν</em></strong></span> 
     </span>
     <span class='ocr_line' id='line_1_27' title="bbox 161 2514 1836 2574; baseline 0 -15"><span class='ocrx_word' id='word_1_211' title='bbox 161 2514 398 2574; x_wconf 80' lang='grc' dir='ltr'><strong><em>εὐσέβειαν</em></strong></span> <span class='ocrx_word' id='word_1_212' title='bbox 429 2515 487 2559; x_wconf 83' lang='lat' dir='ltr'><strong><em>F¹</em></strong></span> <span class='ocrx_word' id='word_1_213' title='bbox 594 2519 619 2558; x_wconf 87' lang='grc'><strong>9</strong></span> <span class='ocrx_word' id='word_1_214' title='bbox 652 2515 787 2573; x_wconf 85' lang='grc' dir='ltr'><strong><em>μ[ᾶλλ</em></strong></span> <span class='ocrx_word' id='word_1_215' title='bbox 811 2531 866 2559; x_wconf 90' lang='grc' dir='ltr'><strong><em>ον</em></strong></span> <span class='ocrx_word' id='word_1_216' title='bbox 898 2529 1003 2558; x_wconf 83' lang='lat' dir='ltr'><strong><em>eum</em></strong></span> <span class='ocrx_word' id='word_1_217' title='bbox 1033 2529 1108 2559; x_wconf 81' lang='lat' dir='ltr'><strong><em>ras</em></strong></span> <span class='ocrx_word' id='word_1_218' title='bbox 1141 2515 1177 2558; x_wconf 91' lang='lat' dir='ltr'><strong>F</strong></span> <span class='ocrx_word' id='word_1_219' title='bbox 1276 2520 1332 2559; x_wconf 91' lang='lat'><strong><em>10</em></strong></span> <span class='ocrx_word' id='word_1_220' title='bbox 1364 2514 1479 2571; x_wconf 84' lang='grc' dir='ltr'><strong><em>παρ’</em></strong></span> <span class='ocrx_word' id='word_1_221' title='bbox 1509 2517 1730 2573; x_wconf 81' lang='grc' dir='ltr'><strong><em>ἀλλήλους</em></strong></span> <span class='ocrx_word' id='word_1_222' title='bbox 1762 2517 1796 2559; x_wconf 82' lang='lat' dir='ltr'><strong>F</strong></span> <span class='ocrx_word' id='word_1_223' title='bbox 1832 2520 1836 2574; x_wconf 66' lang='grc' dir='ltr'>ἱ</span> 
     </span>
     <span class='ocr_line' id='line_1_28' title="bbox 162 2573 1841 2632; baseline 0.001 -14"><span class='ocrx_word' id='word_1_224' title='bbox 162 2573 411 2626; x_wconf 65' lang='grc' dir='ltr'><strong><em>ἐκλυούσας</em></strong></span> <span class='ocrx_word' id='word_1_225' title='bbox 443 2574 524 2631; x_wconf 89' lang='lat' dir='ltr'><strong><em>Sy:</em></strong></span> <span class='ocrx_word' id='word_1_226' title='bbox 565 2574 762 2624; x_wconf 83' lang='grc' dir='ltr'><strong><em>λυούσας</em></strong></span> <span class='ocrx_word' id='word_1_227' title='bbox 838 2573 1017 2618; x_wconf 82' lang='lat' dir='ltr'>MPBv</span> <span class='ocrx_word' id='word_1_228' title='bbox 1067 2577 1073 2630; x_wconf 76' lang='grc' dir='ltr'>Ι</span> <span class='ocrx_word' id='word_1_229' title='bbox 1121 2574 1206 2631; x_wconf 86' lang='grc' dir='ltr'><strong><em>τὴν</em></strong></span> <span class='ocrx_word' id='word_1_230' title='bbox 1246 2573 1478 2631; x_wconf 82' lang='grc' dir='ltr'><strong><em>ἁρμονίαν</em></strong></span> <span class='ocrx_word' id='word_1_231' title='bbox 1516 2576 1577 2632; x_wconf 91' lang='lat' dir='ltr'><strong><em>Sy</em></strong></span> <span class='ocrx_word' id='word_1_232' title='bbox 1638 2579 1841 2620; x_wconf 76' lang='lat' dir='ltr'>ceterum</span> 
     </span>
     <span class='ocr_line' id='line_1_29' title="bbox 161 2631 1725 2690; baseline 0.001 -13"><span class='ocrx_word' id='word_1_233' title='bbox 161 2634 240 2677; x_wconf 76' lang='grc' dir='ltr'><strong><em>καὶ</em></strong></span> <span class='ocrx_word' id='word_1_234' title='bbox 270 2633 352 2685; x_wconf 82' lang='grc' dir='ltr'><strong><em>τὰς</em></strong></span> <span class='ocrx_word' id='word_1_235' title='bbox 383 2632 582 2690; x_wconf 80' lang='grc' dir='ltr'><strong><em>σκληρὰς</em></strong></span> <span class='ocrx_word' id='word_1_236' title='bbox 611 2641 702 2677; x_wconf 83' lang='grc' dir='ltr'><strong><em>τῶν</em></strong></span> <span class='ocrx_word' id='word_1_237' title='bbox 735 2634 996 2689; x_wconf 85' lang='grc' dir='ltr'><strong><em>συμφώνων</em></strong></span> <span class='ocrx_word' id='word_1_238' title='bbox 1026 2636 1134 2690; x_wconf 75' lang='lat' dir='ltr'>post</span> <span class='ocrx_word' id='word_1_239' title='bbox 1160 2631 1318 2685; x_wconf 86' lang='grc' dir='ltr'><strong><em>θέσεις</em></strong></span> <span class='ocrx_word' id='word_1_240' title='bbox 1341 2634 1477 2678; x_wconf 74' lang='lat' dir='ltr'><strong>addit</strong></span> <span class='ocrx_word' id='word_1_241' title='bbox 1501 2649 1575 2678; x_wconf 84' lang='lat' dir='ltr'><strong><em>ars</em></strong></span> <span class='ocrx_word' id='word_1_242' title='bbox 1599 2636 1725 2679; x_wconf 83' lang='lat' dir='ltr'>Isocr</span> 
     </span>
     <span class='ocr_line' id='line_1_30' title="bbox 164 2690 1841 2751; baseline 0.001 -16"><span class='ocrx_word' id='word_1_243' title='bbox 164 2696 217 2735; x_wconf 80' lang='lat'><strong><em>12</em></strong></span> <span class='ocrx_word' id='word_1_244' title='bbox 249 2690 555 2751; x_wconf 79' lang='grc' dir='ltr'><strong><em>περιίσταται]</em></strong></span> <span class='ocrx_word' id='word_1_245' title='bbox 589 2691 818 2745; x_wconf 78' lang='grc' dir='ltr'><strong><em>ἐξίσταται</em></strong></span> <span class='ocrx_word' id='word_1_246' title='bbox 851 2691 912 2747; x_wconf 88' lang='lat' dir='ltr'><strong><em>Sy</em></strong></span> <span class='ocrx_word' id='word_1_247' title='bbox 951 2699 1247 2747; x_wconf 82' lang='grc' dir='ltr'><strong><em>παραιτεῖται</em></strong></span> <span class='ocrx_word' id='word_1_248' title='bbox 1278 2692 1328 2735; x_wconf 89' lang='lat' dir='ltr'><strong><em>in</em></strong></span> <span class='ocrx_word' id='word_1_249' title='bbox 1358 2708 1438 2750; x_wconf 89' lang='lat' dir='ltr'><strong><em>mg</em></strong></span> <span class='ocrx_word' id='word_1_250' title='bbox 1467 2694 1517 2736; x_wconf 88' lang='lat' dir='ltr'>M</span> <span class='ocrx_word' id='word_1_251' title='bbox 1547 2708 1689 2738; x_wconf 85' lang='lat' dir='ltr'><strong>manu</strong></span> <span class='ocrx_word' id='word_1_252' title='bbox 1713 2707 1788 2738; x_wconf 86' lang='lat' dir='ltr'><strong><em>rec</em></strong></span> <span class='ocrx_word' id='word_1_253' title='bbox 1812 2709 1841 2736; x_wconf 84' lang='lat' dir='ltr'>v</span> 
     </span>
    </p>

    <p class='ocr_par' dir='ltr' id='par_1_6' title="bbox 161 2749 1842 2985">
     <span class='ocr_line' id='line_1_31' title="bbox 281 2749 1842 2810; baseline -0.001 -14"><span class='ocrx_word' id='word_1_254' title='bbox 281 2757 333 2796; x_wconf 83' lang='lat'><strong><em>15</em></strong></span> <span class='ocrx_word' id='word_1_255' title='bbox 365 2751 585 2810; x_wconf 83' lang='grc' dir='ltr'><strong><em>χρήσεως]</em></strong></span> <span class='ocrx_word' id='word_1_256' title='bbox 618 2749 789 2808; x_wconf 82' lang='grc' dir='ltr'><strong><em>ῤ’ήσεως</em></strong></span> <span class='ocrx_word' id='word_1_257' title='bbox 820 2766 848 2794; x_wconf 84' lang='lat' dir='ltr'><strong>v</strong></span> <span class='ocrx_word' id='word_1_258' title='bbox 878 2753 987 2807; x_wconf 76' lang='lat' dir='ltr'>post</span> <span class='ocrx_word' id='word_1_259' title='bbox 1009 2751 1231 2795; x_wconf 89' lang='lat' dir='ltr'>Wolfium</span> <span class='ocrx_word' id='word_1_260' title='bbox 1258 2754 1264 2808; x_wconf 82' lang='grc' dir='ltr'>Ι</span> <span class='ocrx_word' id='word_1_261' title='bbox 1294 2750 1535 2805; x_wconf 77' lang='grc' dir='ltr'><strong><em>ἔπιὸείξεις</em></strong></span> <span class='ocrx_word' id='word_1_262' title='bbox 1561 2753 1610 2796; x_wconf 92' lang='grc' dir='ltr'><strong>Μ</strong></span> <span class='ocrx_word' id='word_1_263' title='bbox 1642 2755 1754 2809; x_wconf 84' lang='grc' dir='ltr'><strong><em>(-πι-</em></strong></span> <span class='ocrx_word' id='word_1_264' title='bbox 1786 2766 1842 2795; x_wconf 80' lang='lat' dir='ltr'><strong><em>ex</em></strong></span> 
     </span>
     <span class='ocr_line' id='line_1_32' title="bbox 163 2809 1840 2868; baseline -0.001 -15"><span class='ocrx_word' id='word_1_265' title='bbox 163 2813 441 2867; x_wconf 72' lang='lat' dir='ltr'><strong>correctura)</strong></span> <span class='ocrx_word' id='word_1_266' title='bbox 534 2816 586 2855; x_wconf 82' lang='lat'><strong><em>17</em></strong></span> <span class='ocrx_word' id='word_1_267' title='bbox 619 2811 727 2861; x_wconf 85' lang='grc' dir='ltr'><strong><em>τοὺς</em></strong></span> <span class='ocrx_word' id='word_1_268' title='bbox 758 2824 814 2854; x_wconf 86' lang='lat' dir='ltr'><strong><em>ex</em></strong></span> <span class='ocrx_word' id='word_1_269' title='bbox 844 2809 927 2860; x_wconf 85' lang='grc' dir='ltr'><strong><em>τὰς</em></strong></span> <span class='ocrx_word' id='word_1_270' title='bbox 958 2809 1017 2853; x_wconf 83' lang='lat' dir='ltr'><strong><em>F²</em></strong></span> <span class='ocrx_word' id='word_1_271' title='bbox 1111 2815 1167 2854; x_wconf 82' lang='lat'><strong><em>20</em></strong></span> <span class='ocrx_word' id='word_1_272' title='bbox 1198 2812 1535 2867; x_wconf 80' lang='grc' dir='ltr'><strong><em>παρομοιώσεις</em></strong></span> <span class='ocrx_word' id='word_1_273' title='bbox 1568 2811 1840 2868; x_wconf 82' lang='lat' dir='ltr'>Sylburgius</span> 
     </span>
     <span class='ocr_line' id='line_1_33' title="bbox 161 2867 1841 2927; baseline -0.001 -16"><span class='ocrx_word' id='word_1_274' title='bbox 161 2867 383 2912; x_wconf 88' lang='lat' dir='ltr'><strong>Wolfium</strong></span> <span class='ocrx_word' id='word_1_275' title='bbox 414 2871 620 2914; x_wconf 76' lang='lat' dir='ltr'>secutus:</span> <span class='ocrx_word' id='word_1_276' title='bbox 662 2868 748 2926; x_wconf 81' lang='grc' dir='ltr'><strong><em>γὰρ</em></strong></span> <span class='ocrx_word' id='word_1_277' title='bbox 782 2869 1019 2925; x_wconf 83' lang='grc' dir='ltr'><strong><em>ὁμοιώσεις</em></strong></span> <span class='ocrx_word' id='word_1_278' title='bbox 1051 2869 1178 2912; x_wconf 88' lang='lat' dir='ltr'><strong><em>FBP</em></strong></span> <span class='ocrx_word' id='word_1_279' title='bbox 1225 2869 1273 2912; x_wconf 91' lang='lat' dir='ltr'><strong><em>in</em></strong></span> <span class='ocrx_word' id='word_1_280' title='bbox 1306 2870 1341 2912; x_wconf 85' lang='lat' dir='ltr'><strong>F</strong></span> <span class='ocrx_word' id='word_1_281' title='bbox 1373 2869 1511 2914; x_wconf 76' lang='lat' dir='ltr'><strong>initio</strong></span> <span class='ocrx_word' id='word_1_282' title='bbox 1547 2869 1634 2927; x_wconf 78' lang='grc' dir='ltr'><strong><em>γὰρ</em></strong></span> <span class='ocrx_word' id='word_1_283' title='bbox 1667 2871 1841 2918; x_wconf 82' lang='grc' dir='ltr'><strong><em>ἰσώσεις</em></strong></span> 
     </span>
     <span class='ocr_line' id='line_1_34' title="bbox 165 2926 1484 2985; baseline 0.002 -16"><span class='ocrx_word' id='word_1_284' title='bbox 165 2926 388 2983; x_wconf 74' lang='lat' dir='ltr'><strong>seriptum</strong></span> <span class='ocrx_word' id='word_1_285' title='bbox 417 2931 518 2972; x_wconf 75' lang='lat' dir='ltr'>erat</span> <span class='ocrx_word' id='word_1_286' title='bbox 565 2927 650 2985; x_wconf 78' lang='grc' dir='ltr'><strong><em>γὰρ</em></strong></span> <span class='ocrx_word' id='word_1_287' title='bbox 685 2929 917 2984; x_wconf 84' lang='grc' dir='ltr'><strong><em>ὁμειώσεις</em></strong></span> <span class='ocrx_word' id='word_1_288' title='bbox 948 2928 995 2971; x_wconf 90' lang='grc' dir='ltr'>Μ</span> <span class='ocrx_word' id='word_1_289' title='bbox 1088 2934 1140 2971; x_wconf 76' lang='lat'><strong><em>21</em></strong></span> <span class='ocrx_word' id='word_1_290' title='bbox 1174 2936 1265 2973; x_wconf 84' lang='grc' dir='ltr'><strong><em>τῶν</em></strong></span> <span class='ocrx_word' id='word_1_291' title='bbox 1299 2929 1392 2972; x_wconf 80' lang='lat' dir='ltr'><strong><em>add</em></strong></span> <span class='ocrx_word' id='word_1_292' title='bbox 1425 2929 1484 2971; x_wconf 83' lang='lat' dir='ltr'><strong><em>F²</em></strong></span> 
     </span>
    </p>
   </div>
  </div>
 </body>
</html>
