2004 3202
677 176 824 218 ΠΕΡΙ
853 173 1258 218 ΘΟΤΚΤΔΙΔΟΤ
1693 173 1802 227 405

231 308 324 362 Ἐκ
363 306 425 362 δὲ
462 317 558 377 τῆς
588 308 990 380 Ερμοκράτους
1036 284 1373 379 δημηγορίας
1421 306 1665 362 ἐπαινεῖν
1702 306 1804 378 μὲν
1818 307 1892 361 48

128 400 232 468 ἔχω
271 406 440 451 ταῦτα
478 400 544 451 τὰ
582 398 981 469 κατορθώματα
1018 405 1118 451 τοῦ
1150 396 1532 467 συγγραφέως·
1572 396 1709 450 ἀλλ’
1738 398 1805 450 οὐ

69 498 126 539 83
143 489 248 556 γὰρ
296 487 363 555 δὴ
403 487 504 554 τὴν
541 485 856 555 ἩΑθηναιων
902 485 1339 556 εὐκατηγόρητον
1373 485 1379 555 Ι
1414 481 1589 538 οὖσαν
1641 488 1807 541 πόλιν

128 583 235 629 νῦν
264 575 468 644 ἥκομεν
499 574 915 644 ἀποφανοῦντες
947 574 1007 628 ἐν
1038 575 1264 642 εἰδόσιν,
1296 573 1397 627 ὅσα
1421 564 1624 627 ’ἀδικεΐ
1664 577 1807 628 πολὺ

129 660 190 717 δὲ
221 669 432 734 μᾶλλον
462 663 601 733 ἡμᾶς
624 663 826 726 αὐτοὺς
849 665 1238 733 αἰτιασόμενοι,
1277 662 1360 716 ὅτι
1392 664 1607 732 ἔχοντες
1636 681 1808 734 παρα-
1854 687 1876 720 5

129 753 392 822 δείγματα
446 761 558 804 τῶν
612 751 722 804 ἐκεῖ
767 751 1074 819 Ἑλλήνων,
1129 752 1202 814 ὡς
1257 751 1654 820 ἐδουλώθησαν
1708 752 1809 805 οὐκ

129 840 432 910 ἀμύνοντες
479 843 674 910 σφίσιν
719 840 930 908 αὐτοῖς,
977 838 1067 893 καὶ
1113 848 1219 893 νῦν
1266 838 1350 909 ἐφ’
1388 839 1528 909 ἡμᾶς
1565 841 1631 892 τὰ
1671 839 1808 893 αὐτὰ

127 932 376 1001 παρόντα
401 932 727 999 σοφίσματα,
754 932 1070 982 Λεοντίνων
1092 949 1149 982 τε
1180 928 1459 998 ξυγγενῶν
1482 933 1810 992 κατοικίσεις

128 1017 219 1072 καὶ
247 1020 591 1086 Αἰγεσταίων
622 1017 916 1087 ξυμμάχων
948 1017 1282 1088 ἐπικουρίας,
1315 1018 1382 1072 οὐ
1411 1017 1811 1088 ξυστραφέντες

129 1109 448 1177 βουλόμεθα
478 1109 905 1177 προθυμότερον
937 1106 1109 1171 δεῖξαι
1141 1107 1346 1175 αὐτοῖς,
1386 1107 1471 1160 ὅτι
1503 1106 1604 1160 οὐκ
1619 1106 1809 1170 Ἴωνες
1834 1132 1878 1164 10

129 1197 302 1250 ταῦτά
340 1197 483 1248 εἰσιν
522 1192 654 1249 οὐδὲ
694 1194 1111 1264 Ἑλλησπόντιοι
1158 1195 1249 1249 καὶ
1297 1205 1584 1265 νησιῶται,
1632 1199 1690 1249 οἳ
1725 1197 1811 1249 δε-

130 1287 340 1353 σπότην
384 1284 417 1353 ἣ
464 1286 669 1353 ΛῙῆδον
713 1284 746 1354 ἢ
793 1283 891 1338 ἕνα
945 1284 1011 1353 γέ
1059 1305 1182 1338 τινα
1237 1284 1320 1338 ἀεὶ
1382 1285 1811 1354 μεταβάλλοντες

131 1374 489 1442 δουλοῦνται,
544 1373 683 1427 ἀλλὰ
729 1377 968 1443 Δωριεῖς
1023 1373 1310 1444 ἐλεύθεροι
1357 1372 1449 1427 ἀπ’
1498 1373 1812 1442 αὐτονόμου

130 1470 226 1531 τῆς
257 1465 692 1531 Πελοποννήσου
723 1463 824 1531 τὴν
848 1465 1113 1515 Σικελίαν
1145 1464 1439 1525 οἰκοῦντες.
1495 1462 1528 1530 ἢ
1561 1461 1813 1531 μένομεν,

131 1550 232 1615 ἕως
284 1550 355 1604 ἂν
409 1550 625 1604 ἕκαστοι
678 1553 814 1605 κατὰ
859 1553 1045 1614 πόλεις
1091 1556 1420 1621 ληφθῶμεν,
1476 1552 1680 1613 εἰδότες
1726 1551 1810 1604 ὅτι
1835 1573 1878 1607 15

131 1641 301 1710 ταύτῃ
341 1642 516 1710 μόνον
555 1640 761 1694 ἁλωτοί
796 1639 1007 1709 ἐσμεν;’
1059 1648 1228 1693 ταῦτα
1267 1642 1372 1709 γὰρ
1421 1639 1481 1692 ἐν
1527 1647 1601 1711 τῷ
1650 1647 1813 1708 σαφεῖ

75 1751 132 1791 34
148 1728 237 1782 καὶ
276 1735 505 1800 καθαρῷ
544 1736 639 1796 τῆς
686 1728 976 1782 διαλέκτου
1021 1731 1204 1801 τρόπῳ
1260 1731 1526 1798 λεγόμενα
1571 1726 1814 1798 προσείζ-

132 1823 272 1887 ληφε
311 1815 401 1870 καὶ
432 1818 493 1870 τὸ
540 1818 702 1886 τάχος
747 1816 838 1870 καὶ
884 1819 945 1870 τὸ
993 1819 1192 1880 κάλλος
1237 1817 1327 1870 καὶ
1367 1818 1466 1870 τὸν
1511 1819 1678 1870 τόνον
1723 1815 1814 1869 καὶ

58 1950 61 1951 ⁷
132 1907 234 1975 τὴν
280 1905 750 1976 μεγαλοπρέπειαν
794 1905 884 1958 καὶ
939 1907 1039 1974 τὴν
1086 1907 1398 1975 δεινότητα,
1452 1905 1542 1959 καὶ
1595 1906 1814 1966 πάθους

55 2004 57 2006 ’
135 1994 286 2048 ἐστὶν
326 1994 632 2062 ἐναγωνίου
663 1995 852 2063 μεστά·
893 1987 976 2057 οἷς
1007 1994 1076 2047 ἂν
1106 1993 1195 2047 καὶ
1229 1994 1289 2048 ἐν
1321 1996 1652 2066 δικαστηρίῳ
1685 1994 1815 2063 χρή-
1839 2017 1883 2049 2ο

138 2086 292 2138 σαιτό
332 2103 414 2145 τις
452 2081 542 2135 καὶ
585 2082 644 2135 ἐν
684 2082 1013 2151 ἐκκλησίαις,
1060 2081 1149 2135 καὶ
1189 2086 1374 2152 φίλοις
1414 2084 1815 2152 διαλεγόμενος.

133 2173 223 2227 καὶ
264 2175 343 2226 ἔτι
381 2172 518 2242 πρὸς
563 2172 779 2234 τούτοις
831 2170 1031 2224 ἐκεῖνα·
1081 2172 1154 2224 ἐἴ
1179 2170 1240 2224 τέ
1274 2191 1356 2234 τις
1396 2177 1602 2241 φθονεῖ
1639 2168 1740 2240 μὲν
1777 2170 1810 2239 ἢ

133 2261 224 2316 καὶ
273 2264 524 2331 φοβεῖται
572 2258 878 2331 (ἀμφότερα
928 2262 1032 2330 γὰρ
1088 2261 1217 2313 τάδε
1262 2261 1454 2329 πάσχει
1509 2262 1574 2313 τὰ
1612 2257 1816 2331 μείζω),

258 2457 283 2495 2
317 2451 446 2495 Thuc
471 2450 534 2495 VI
559 2455 613 2495 77
736 2455 791 2493 22
823 2450 1033 2508 V178,2

256 2634 281 2673 3
313 2629 398 2686 τὴν
423 2628 538 2672 MP.
563 2627 648 2685 τὴν
674 2628 805 2686 [τῶν]
829 2628 852 2671 f
879 2641 935 2672 ex
963 2629 1006 2695 Θ
1030 2629 1035 2686 Ι
1065 2627 1439 2685 εὐκατηγήρητον
1462 2628 1499 2671 Ρ
1573 2633 1601 2671 4
1625 2628 1815 2684 ἀποφα-

75 2744 77 2746 ,
138 2696 328 2739 νοῦντες
352 2688 375 2730 f
384 2689 443 2732 Θ
477 2687 836 2744 ἀποφαγοῦντες
859 2689 963 2743 (ουν
993 2686 1044 2730 in
1074 2686 1366 2761 compendio)
1391 2687 1440 2730 M
1471 2687 1602 2743 ἀποφ
1608 2691 1814 2731 ανοῦσθε

66 2746 70 2752 ’
137 2748 496 2804 ἀποφανοῦντες
519 2746 556 2788 Ρ
737 2751 762 2789 6
794 2754 884 2790 τῶν
915 2746 1054 2790 MPf:
1086 2754 1178 2791 τῶν
1209 2744 1250 2790 τ’
1278 2745 1356 2790 uel
1387 2761 1435 2789 τε
1471 2747 1511 2790 Θ
1538 2747 1544 2802 l
1573 2747 1666 2790 ἐκεῖ
1695 2745 1822 2789 MPf

139 2822 243 2852 eum
276 2806 387 2851 OG:
423 2806 566 2849 ἐκεῖσε
600 2805 882 2849 ABEFM
969 2809 993 2848 7
1028 2803 1207 2861 σφίσιΡ
1235 2807 1240 2862 Ι
1267 2804 1324 2849 τὰ
1358 2804 1477 2849 αὐτὰ
1503 2805 1596 2848 ΜΡ
1627 2805 1772 2848 ταύτὰ
1797 2804 1821 2847 f

139 2866 318 2911 CEM:
350 2871 496 2908 ταῦτα
527 2864 776 2908 hABFG
859 2869 884 2907 8
917 2863 1206 2920 κατοικήσεις
1229 2865 1322 2907 ΜΡ
1415 2870 1440 2908 9
1466 2862 1572 2920 Ἐγε
1576 2878 1743 2907 σταιων
1777 2864 1817 2906 Θ

68 2978 70 2983 Ι
139 2925 221 2970 sed
254 2925 302 2968 cf
322 2925 405 2968 ant
428 2924 546 2967 Rom
570 2923 590 2966 I
615 2927 670 2966 52
689 2937 742 2979 sq
842 2929 894 2966 11
927 2924 1101 2996 ταῦτα]
1125 2923 1238 2967 τάδε
1266 2925 1306 2968 Θ
1332 2926 1338 2981 1
1368 2921 1480 2980 οἳ]
1465 2922 1492 2979 ἡ
1519 2924 1542 2965 f
1648 2928 1700 2966 15
1734 2920 1818 2972 ἕως

139 2983 219 3042 αν]
252 2983 338 3034 ἐῶς
367 2982 404 3025 Ρ
431 2983 437 3040 Ι
465 2981 710 3038 ληφθόμεν
740 2981 834 3025 ΜΡ
957 2986 1011 3026 18
1043 2981 1181 3033 κάλος
1205 2982 1240 3026 Ρ
