2004 3202
667 149 814 191 ΠΕΡΙ
842 147 1190 190 ΔΕῙΝΑΡΧΟΤ
1662 144 1767 197 301

91 283 434 354 ξυνέγραψεν
482 282 544 335 ἐν
582 290 657 355 τῷ
697 285 841 354 λόγῳ
881 287 956 353 τῷ
994 282 1130 334 κατὰ
1168 279 1480 349 Προξένου,
1529 279 1588 342 ὃς
1627 285 1771 349 εἴρη-

89 393 178 426 ται
231 369 333 442 μὲν
381 373 514 441 μετὰ
560 373 662 440 τὴν
707 373 917 440 φυγήν,
970 368 1371 439 προσκειμένην
1416 366 1477 421 δὲ
1517 370 1625 437 ἔχει
1671 369 1772 436 τὴν

89 461 313 531 γραφὴν
380 460 607 528 ταύτην·
678 460 1006 529 εΔείναρχος
1066 458 1403 528 Σωστράτου
1462 459 1772 526 Κορίνθιος

91 547 377 620 Προξένῳ,
423 540 466 620 ᾧ
505 548 741 617 σύνειμι,
780 549 987 616 βλάβης
1025 547 1309 600 ταλάντων
1348 542 1465 598 δύοῖ
1526 544 1776 614 ’Ἑβλαψέ

90 657 155 707 με
188 635 485 707 Πρόξενος,
523 635 930 705 ὑποδεξάμενος
969 637 1047 698 εἰς
1085 636 1187 703 τὴν
1226 636 1407 688 οἰκίαν
1438 635 1539 702 τὴν
1571 634 1771 687 ἑαυτοῦ

92 727 193 794 τὴν
248 725 309 778 ἐν
362 725 539 797 ἀγρῷ,
595 726 684 778 ὅτε
737 725 1025 794 πεφευγὼς
1071 723 1388 792 Ἀθήνηθεν
1439 722 1660 795 κατῄειν
1714 723 1772 776 ἐκ

91 816 388 882 Χαλκίδος,
428 817 661 884 χρυσίου
700 811 802 883 μὲν
841 821 1108 883 στατῆρας
1147 813 1486 881 ὀγδοήκοντα
1524 811 1615 865 καὶ
1655 814 1773 865 δια-

91 906 314 965 κοσίους
360 901 450 955 καὶ
497 902 682 970 πέντε,
731 902 828 964 οὓς
876 901 1100 971 ἐκόμισα
1147 901 1204 954 ἐκ
1243 903 1516 964 Χαλκίδος
1563 903 1774 965 εἰδότος

92 989 381 1060 Προξένου
434 989 525 1043 καὶ
580 993 846 1058 εἰσῆλθον
899 993 1040 1059 ἔχων
1085 991 1163 1052 εἰς
1207 991 1310 1058 τὴν
1356 991 1537 1043 οἰκιάν
1583 991 1772 1059 αὐτοῦ,

16 1103 21 1122 ³
92 1079 459 1149 ἀργυρώματα
512 1076 573 1132 δὲ
621 1080 722 1133 οὐκ
769 1082 1214 1138 ἐ’λαττον,εἰ’κοσι
1261 1089 1415 1148 μνῶν
1461 1079 1607 1148 ἄξια,
1662 1080 1774 1133 ε’πι-

12 1212 25 1233 2
91 1170 397 1237 βουλεύσας
450 1169 700 1231 τούτοις.’
778 1168 844 1221 οὐ
899 1169 1008 1237 μὴν
1061 1167 1199 1221 ἀλλὰ
1253 1167 1343 1220 καὶ
1399 1167 1459 1220 ἐν
1505 1168 1654 1240 αὐτῷ
1699 1177 1774 1241 τῷ

92 1259 238 1329 λόγῳ
293 1257 466 1319 εὐθὺς
520 1254 621 1325 μὲν
676 1256 736 1309 ἐν
790 1257 927 1327 ἀρχῇ
981 1255 1105 1326 περὶ
1151 1264 1251 1309 τοῦ
1297 1258 1568 1326 μηδεμιάν
1613 1259 1775 1325 δίκην

7 1386 35 1422 5
92 1348 365 1416 πρότερον
404 1347 679 1399 εἰσελθεῖν
719 1347 1044 1414 δεδήλωκεν,
1087 1345 1147 1397 ἐν
1179 1342 1239 1397 δε
1271 1354 1386 1407 τοῖς
1420 1346 1735 1416 [πρότερον]
1766 1346 1770 1417 Ι

0 1429 90 1498 Ε36
107 1436 239 1504 μετα
285 1442 456 1487 ταῦτα
501 1443 722 1504 πρωτον
759 1455 861 1503 μεν
901 1434 961 1486 ἐν
999 1441 1075 1505 τῷ
1112 1436 1384 1505 προοιμίω
1424 1435 1525 1502 τὴν
1563 1436 1776 1504 βλάβην

94 1524 195 1592 τὴν
240 1521 544 1592 γενομένην
587 1523 734 1595 αὐτῷ
774 1525 867 1576 δια
906 1489 1194 1592 Προξένου
1234 1524 1566 1591 δεδηλωκεν,
1616 1523 1676 1576 ἐν
1714 1521 1774 1576 δε

94 1621 209 1674 τοῖς
249 1610 368 1679 ἑξῆς
405 1615 537 1682 περί
570 1631 627 1664 τε
666 1619 760 1679 τῆς
799 1619 980 1680 φυγῆς
1017 1609 1108 1664 καὶ
1147 1621 1258 1664 τῶν
1297 1613 1481 1664 ἄλλων
1513 1611 1776 1683 διεξέρχε-

20 1764 34 1783 4
95 1721 183 1754 ται
227 1701 475 1768 πάντων,
523 1699 576 1764 ἐξ
624 1695 703 1752 ὧν
741 1703 987 1768 γίγνεται
1027 1702 1240 1770 φανερὰ
1287 1702 1352 1753 τὰ
1390 1700 1776 1770 προειρημένα,

0 1791 27 1850 ῑὲ
95 1787 186 1842 καὶ
240 1791 319 1842 ἔτι
372 1790 510 1858 πρὸς
555 1789 795 1857 τούτοις,
851 1789 935 1842 ὅτι
982 1787 1135 1852 ξένος
1181 1787 1418 1858 διέμεινε
1463 1787 1552 1841 καὶ
1600 1788 1778 1859 γέρων

0 1863 36 1938 ἷῖ,
96 1879 200 1946 ἤδη
242 1878 320 1930 ὢν
360 1873 475 1930 εἷπε
514 1876 613 1930 τὸν
652 1879 837 1945 λόγον,
879 1877 931 1942 ἐξ
971 1873 1050 1930 ὧν
1090 1876 1177 1931 ἐπὶ
1216 1885 1292 1949 τῷ
1323 1877 1465 1931 τέλει
1496 1886 1590 1946 τῆς
1623 1879 1778 1947 δίκης

98 1971 294 2035 εἴρηκε.

27 2043 34 2047 ’
209 2062 379 2107 ταῦτα
417 2052 518 2123 μὲν
556 2055 719 2117 αὐτὸς
759 2055 787 2108 ὁ
823 2058 1130 2125 Δείναρχος
1167 2054 1293 2125 περὶ
1335 2054 1546 2108 ἑαυτοῦ.
1613 2059 1778 2109 Φιλό-

99 2163 262 2213 χορος
294 2140 355 2195 δὲ
388 2142 449 2195 ἐν
479 2152 597 2205 ταῖς
620 2142 886 2205 Ἀττικαῖς
919 2144 1184 2214 ἱστορίαις
1214 2147 1344 2213 περί
1371 2164 1427 2196 τε
1467 2151 1560 2212 τῆς
1598 2151 1778 2212 φυγῆς

99 2241 210 2284 τῶν
255 2233 679 2284 καταλυσάντων
724 2233 822 2284 τὸν
868 2233 1045 2301 δῆμον
1090 2231 1180 2284 καὶ
1227 2231 1352 2301 περὶ
1395 2240 1489 2300 τῆς
1528 2233 1778 2285 καθόδου

99 2321 267 2373 πάλιν
314 2320 487 2382 οὕτως
528 2319 693 2388 λέγει·
742 2321 880 2373 εΤοῦ
919 2322 1022 2390 γὰρ
1055 2319 1475 2390 Ἀναξικράτους
1514 2323 1778 2391 ἄρχοντος

1800 1099 1840 1130 10

1800 1543 1841 1574 15

41 2471 47 2475 ἱ
101 2408 243 2461 εὐθὺ
291 2406 391 2477 μὲν
437 2409 469 2476 ἡ
518 2419 628 2461 τῶν
668 2408 974 2478 ΑΜεγαρέων
1013 2412 1172 2472 πόλις
1212 2408 1372 2463 ἑάλω·
1420 2410 1448 2463 ὁ
1490 2407 1550 2462 δὲ
1589 2413 1777 2479 Δημή-
1803 2429 1844 2460 25

226 2544 250 2581 3
268 2538 529 2583 Dinarchus
546 2539 589 2582 fr
605 2539 726 2582 XLII
744 2539 786 2583 S.
881 2545 935 2582 24
952 2539 1256 2583 Philochorus
1274 2539 1315 2582 fr
1326 2544 1410 2583 144
1421 2539 1574 2597 (FHG
1590 2538 1611 2580 I
1634 2544 1776 2597 p408)

222 2662 247 2699 2
295 2655 605 2713 προκειμένην
653 2656 870 2700 Reiskius
1022 2662 1047 2701 ὅ
1095 2656 1250 2702 οἰκίαν
1297 2672 1352 2702 ex
1400 2656 1578 2703 οἰκείαν
1624 2658 1659 2701 F

30 2716 33 2717 ⁷
109 2719 162 2758 10
197 2715 383 2760 ἔλαττον
414 2716 653 2760 Reiskius:
696 2714 862 2759 ἐλάττω
894 2716 929 2759 F
1051 2722 1104 2760 13
1137 2716 1361 2773 πρότερον
1394 2717 1669 2774 Sylburgius
1702 2731 1777 2761 ex-

31 2776 39 2830 ]
104 2774 272 2829 punxit
399 2781 451 2819 16
501 2775 670 2832 ἐξῆςῈ
794 2779 846 2818 17
895 2775 1077 2831 φανερὰ
1109 2790 1164 2820 ex
1196 2777 1400 2832 φανερὸς
1430 2777 1489 2820 F¹
1611 2781 1664 2819 19
1714 2774 1777 2819 ὣι

106 2831 362 2878 Victorius:
397 2830 460 2878 ὧν
486 2835 520 2877 F
643 2839 695 2876 21
724 2839 779 2877 22
812 2834 1067 2892 φιλόχωρος
1090 2835 1125 2878 F
1173 2849 1229 2879 ex
1261 2835 1504 2893 φιλόχορος
1632 2840 1687 2878 22
1722 2840 1775 2877 23

107 2898 257 2948 φυγῆς
286 2900 377 2937 τῶν
409 2891 766 2937 καταλυσάντων
798 2893 1269 2951 Sylburgius:aoe'1vr79
1298 2902 1389 2939 τῶν
1421 2892 1713 2938 καλεσάντων
1743 2894 1776 2935 F

224 2956 279 2994 25
313 2953 456 3003 εὐθὺς
486 2953 748 3009 Kruegerus
