1958 3192
167 274 352 327 eodem
393 275 574 327 ordine
615 274 790 327 refert.
869 291 1106 343 sperares
1145 276 1255 324 tam
1302 276 1456 325 uetus
1505 272 1849 341 apographon

168 362 398 431 exempli
439 363 666 431 speciem
706 361 884 431 paullo
924 362 1216 430 pleniorem
1248 361 1578 413 redditurum
1612 379 1740 414 esse.
1796 364 1851 412 at

167 451 418 504 librarius
457 450 943 503 Thessalonicensis
982 468 1047 501 ne
1094 449 1318 501 uerbum
1366 449 1579 518 quidem
1620 449 1849 518 amplius

170 558 328 609 quam
368 558 465 592 nos
504 540 651 609 legit.
728 540 907 608 itaque
949 557 1081 607 quae
1121 555 1262 590 nunc
1300 537 1355 590 in
1393 538 1566 590 tribus
1605 538 1851 607 Dionysii

167 628 321 680 libris
362 628 734 696 desideramUS,
773 628 877 679 iam
918 630 1040 678 ante
1080 644 1122 677 a.
1166 625 1306 678 1269
1348 626 1672 679 interierant.

279 716 496 768 Praeter
534 716 648 784 hoc,
689 715 898 768 etiamsi
936 714 1171 766 studiose
1213 717 1265 766 et
1297 731 1395 783 ego
1443 718 1496 767 et
1534 733 1651 767 mea
1691 732 1851 767 causa

169 805 325 857 amici
358 804 733 873 quaesiuimUS‚
771 822 941 871 neque
974 801 1319 871 apographon
1361 802 1532 854 ullum
1563 822 1734 872 neque
1766 822 1852 855 ex-

170 893 371 962 emplar
417 893 702 962 gemellum
749 891 998 960 indagare
1044 891 1331 958 potuimus,
1422 910 1545 943 nam
1601 893 1742 961 quod
1795 892 1851 944 in

167 981 304 1034 libro
346 982 408 1034 de
449 999 615 1049 comp.
648 981 932 1032 uerborum
972 980 1139 1048 partis
1180 980 1235 1031 in
1276 980 1453 1032 codice
1492 980 1850 1032 Laurentiano

171 1071 492 1138 interceptae
539 1070 769 1139 uestigia
823 1069 878 1120 in
933 1069 1293 1121 contaminato
1347 1069 1608 1121 librorum
1662 1086 1852 1139 genere

171 1161 448 1227 apparent,
502 1157 605 1209 alia
650 1175 732 1209 res
781 1160 883 1225 est,
939 1157 1002 1208 de
1049 1175 1152 1226 qua
1199 1157 1254 1208 in
1298 1157 1515 1209 alterius
1561 1157 1852 1210 uoluminis

171 1246 501 1315 praefatione
558 1246 835 1298 dicendum
891 1246 1003 1297 erit.
1082 1264 1241 1314 quam
1304 1246 1370 1297 ob
1433 1264 1543 1298 rem
1601 1246 1851 1314 quoniam

171 1334 472 1402 exemplum
513 1333 928 1386 Laurentianum
976 1334 1284 1403 integritate
1330 1334 1614 1387 memoriae
1663 1335 1852 1387 ceteris

173 1423 399 1475 testibus
431 1423 712 1474 manifesto
746 1422 1028 1491 antecellit,
1061 1441 1220 1490 opera
1253 1423 1423 1474 danda
1455 1426 1567 1475 erat
1598 1426 1658 1474 ut
1692 1442 1850 1492 quam

171 1512 403 1563 maxima
442 1530 567 1563 cura
599 1512 710 1563 eius
741 1511 899 1563 lectio
933 1511 1310 1579 exploraretur.
1365 1511 1498 1563 mihi
1532 1511 1658 1563 olim
1689 1510 1852 1564 Adol-

172 1599 311 1669 phus
350 1599 708 1669 Kiesslingius
755 1600 839 1651 uir
885 1600 1239 1652 amicissimus
1287 1600 1474 1651 acerbo
1523 1619 1646 1652 casu
1695 1600 1851 1653 nobis

172 1691 224 1740 et
286 1687 369 1739 his
432 1688 621 1739 studiis
684 1691 895 1756 ereptus
959 1689 1227 1759 integrum
1289 1688 1607 1757 contulerat,
1666 1692 1853 1757 postea

171 1777 365 1828 iterum
411 1794 527 1827 mea
574 1794 730 1827 causa
770 1776 823 1828 G.
864 1776 1150 1844 Diltheyus
1205 1776 1370 1828 libros
1426 1777 1488 1828 de
1545 1777 1846 1830 oratoribus

172 1868 225 1916 et
279 1864 341 1916 de
380 1863 671 1932 Dinarcho‚
734 1866 1172 1916 commentarium
1229 1865 1290 1916 de
1339 1883 1508 1933 comp.
1563 1865 1848 1918 uerborum

174 2059 346 2108 νιαῐον,
381 2051 630 2108 ἐξαήμερος
660 2060 741 2097 τοῦ
767 2052 965 2109 μεγάλου
992 2053 1232 2098 Βασιλείου
1258 2055 1397 2111 <hune
1421 2054 1613 2098 titulum
1635 2054 1854 2098 librarius

172 2126 297 2169 idem
328 2126 624 2182 postmodum
662 2141 801 2183 supra
840 2142 1027 2171 uersum
1066 2128 1284 2185 adiecit),
1331 2129 1532 2184 τριώὸιν,
1574 2127 1850 2185 προφητεία,

174 2198 444 2250 δυκάνωνος
476 2199 590 2255 (sic),
623 2199 873 2258 ὀκτωῆχος,
912 2200 1192 2258 ψαλτήριον,
1226 2201 1585 2258 νομοκάνωνον·
1627 2202 1850 2259 θεολόγος

175 2272 472 2330 ἐξηγημένος,
520 2273 750 2327 διατάξεις
787 2283 877 2319 τῶν
917 2274 1062 2332 ἁγίων
1101 2276 1368 2320 ἀποστόλων
1401 2275 1450 2320 ἐν
1483 2271 1517 2319 ὧ
1548 2276 1627 2320 καὶ
1667 2275 1851 2332 ἐκλογαὶ

173 2346 396 2403 διάφοροι
437 2355 614 2403 σοφῶν,
656 2347 888 2392 ἐπιστολαὶ
921 2348 1289 2407 Χρ(υσοστόμ)ου.
1354 2349 1550 2406 μεγάλου
1595 2347 1847 2393 Βασιλείου.

172 2421 252 2464 καὶ
288 2418 544 2477 Γρηγορίου
575 2428 655 2464 τοῦ
688 2422 915 2478 θεολόγου
948 2424 1027 2467 καὶ
1060 2423 1208 2467 ἄλλων
1241 2431 1413 2479 σοφῶν,
1446 2422 1554 2478 ἅμα.
1605 2430 1696 2467 τῶν
1722 2422 1850 2474 ἐκτὸς

171 2501 336 2537 ταῦτα·
386 2494 654 2550 Σοφοκλῆς,
703 2494 1019 2552 Εὐριππίδης,
1062 2495 1286 2547 Συνέσιος
1318 2495 1430 2552 μετὰ
1461 2494 1698 2553 Αἰσχίνου,
1731 2494 1848 2540 Ἰου-

173 2570 358 2622 λιανοῦ,
404 2566 668 2622 Θεμιστείου
710 2571 781 2624 (Ῥ),
818 2567 1079 2625 Ἀρριανοῦ,
1120 2568 1393 2626 Διονυσίου,
1430 2568 1720 2626 Ἰσοκράτους
1752 2569 1851 2613 ἐπι-

174 2641 330 2684 στολαὶ
373 2639 678 2694 Φιλοστράτου
719 2643 796 2685 καὶ
838 2641 1001 2697 ἑτέρων
1042 2645 1127 2687 οὐκ
1168 2644 1354 2700 ὀλίγων,
1394 2641 1702 2699 Ἱπποκράτης
1733 2641 1850 2699 ὅλος,

178 2716 389 2770 Γαληνοῦ
422 2713 591 2770 μεγάλη
624 2715 952 2770 θεραπευτική,
989 2716 1046 2759 τὰ
1078 2717 1331 2776 μονόβιβλα
1362 2717 1527 2760 τούτου
1559 2715 1705 2760 πολλὰ
1737 2715 1848 2761 ὄντα

175 2785 225 2831 ἐν
257 2786 361 2830 δυσὶ
385 2785 590 2844 βιβλίοις.
641 2789 961 2845 διαγνωστικὴ.
1012 2790 1039 2846 ἡ
1078 2792 1184 2846 περὶ
1215 2788 1370 2848 χρείας
1403 2787 1591 2845 μορίων,
1623 2789 1673 2834 ἐν
1706 2786 1734 2844 ἧ
1768 2792 1848 2834 καὶ

175 2858 472 2917 ἁφ(ορ)ισμοί.
516 2857 733 2916 ”Όμηρος·
769 2863 873 2916 περὶ
905 2860 1083 2919 διαίτης
1124 2861 1286 2920 ὀξέων,
1327 2863 1606 2919 ἀνατομική·
1642 2866 1846 2914 Παῦλος·

173 2934 280 2989 περὶ
310 2941 494 2990 τροφῶν
531 2937 757 2990 Γαληνοῦ,
791 2934 840 2979 ἐν
874 2931 907 2977 ὦ
941 2937 1019 2979 καὶ
1054 2935 1194 2992 ἔτερα.
