2004 3202
806 147 1150 190 ΙΣΟΚΡΑΤΗΣ
1750 146 1778 198 7
1785 146 1819 198 3

146 282 399 344 ‘beurunes
431 288 570 349 γοῦν
601 280 860 351 εὕρισκον
891 282 1019 343 τοὺς
1055 282 1255 348 λόγους
1286 279 1457 333 αὐτοῦ
1489 288 1604 342 τοῖς
1635 280 1821 342 αὐτοῖς

142 372 368 439 τρόποις
427 377 522 438 τῆς
581 369 772 433 λέξεως
833 367 1224 439 κεχρημένους,
1287 367 1414 421 ὥστ’
1478 367 1538 420 ἐν
1597 372 1822 430 πολλοῖς

143 467 401 526 τεχνικῶς
458 459 523 510 τὰ
576 457 705 510 καθ’
760 457 957 511 ἕκαστα
1019 457 1438 527 ἐξεργαζόμενον
1498 465 1612 518 τοῖς
1674 456 1823 518 ὅλοις

146 545 357 616 ἀπρεπῆ
402 551 680 608 παντελῶς
727 550 1027 615 φαίνεσθαι
1073 547 1167 599 διὰ
1211 547 1272 598 τὸ
1319 546 1391 614 μὴ
1434 547 1824 615 προσηκόντως

144 642 259 696 τοῖς
289 634 668 704 ὑποκειμένοις
698 645 810 687 τῶν
839 635 998 703 ἠθῶν
1029 634 1288 704 φράζειν’.
1351 633 1675 703 Ἱερώνυμος
1708 631 1768 686 δὲ
1793 633 1822 686 ὁ

146 725 454 792 φιλόσοφός
501 737 672 792 φησιν
718 723 1032 791 ἀναγνῶναι
1079 720 1179 792 μὲν
1226 724 1294 775 ἄν
1339 742 1463 775 τινα
1510 723 1824 790 δυνηθῆναι

146 812 274 873 τοὺς
327 813 526 879 λόγους
581 812 751 865 αὐτοῦ
805 817 1005 879 καλῶς,
1069 813 1447 881 δημηγορῆσαι
1501 807 1562 863 δὲ
1615 813 1715 879 τήν
1767 829 1825 862 τε

146 900 340 967 φωνὴν
399 899 489 952 καὶ
551 902 648 953 τὸν
708 903 874 954 τόνον
937 900 1213 969 ἐπάραντα
1274 898 1364 952 καὶ
1425 899 1484 952 ἐν
1536 899 1706 969 ταύτῃ
1760 905 1824 968 τῇ

144 997 446 1059 κατασκευῇ
501 991 633 1058 μετὰ
687 997 780 1057 τῆς
835 989 1208 1059 ἁρμοττούσης
1259 989 1599 1058 ὑποκρίσεως
1651 989 1827 1040 εἰπεῖν

146 1076 214 1129 οὐ
252 1082 543 1139 παντελῶς.
612 1078 672 1130 τὸ
705 1079 809 1148 γὰρ
842 1077 1101 1146 μέγιστον
1138 1076 1228 1130 καὶ
1260 1078 1685 1146 κινητικώτατον
1714 1086 1826 1128 τῶν

147 1166 327 1233 ὄχλων
356 1172 673 1235 παρεῖσθαι,
706 1167 765 1218 τὸ
790 1167 1102 1234 παθητικὸν
1125 1164 1214 1218 καὶ
1244 1168 1514 1235 ἔμψυχονο
1540 1165 1829 1218 δουλεύειν

147 1254 251 1322 γὰρ
300 1253 470 1306 αὐτὸν
516 1263 578 1324 τῇ
627 1257 862 1322 λειότητι
912 1256 1230 1323 διαπαντός,
1278 1255 1339 1307 τὸ
1388 1251 1448 1306 δὲ
1494 1252 1830 1322 κεκραμένον

147 1340 237 1394 καὶ
290 1343 646 1395 παντοδαπὸν
700 1342 939 1396 ἐπιτάσει
986 1363 1043 1395 τε
1089 1342 1180 1395 καὶ
1231 1342 1413 1395 ἀνέσει
1467 1341 1556 1395 καὶ
1603 1343 1664 1394 τὸ
1711 1350 1829 1403 ταῖς

59 1444 142 1483 561
168 1436 498 1499 παθητικαῖς
551 1430 882 1502 ὑπερθέσεσι
929 1430 1334 1502 διειλημξμένον
1384 1429 1829 1499 ἀποβεβληκέναι.

147 1521 395 1572 καθόλου
421 1519 486 1572 δέ
506 1534 678 1589 φησιν
710 1519 880 1573 αὐτὸν
912 1522 989 1582 εἰς
1021 1520 1379 1588 ἀναγν-ώστου
1409 1520 1605 1581 παιδὸς
1637 1519 1830 1588 φωνὴν

147 1609 457 1661 καταδύντα
517 1610 649 1678 μήτε
710 1611 876 1661 τόνον
930 1610 1062 1678 μήτε
1114 1610 1297 1671 πάθος
1351 1610 1482 1677 μήτε
1535 1608 1831 1676 ὑπόκρισιν

148 1697 427 1753 δύνασθαι
482 1695 687 1767 φέρειν.
762 1702 988 1760 πολλοῖς
1035 1694 1096 1750 δὲ
1142 1697 1232 1750 καὶ
1281 1699 1468 1759 ἄλλοις
1521 1704 1690 1748 ταῦτα
1740 1693 1830 1748 καὶ

148 1788 498 1855 παραπλήσια
551 1786 768 1848 τούτοις
823 1791 1057 1857 εἴρηται,
1111 1785 1236 1856 περὶ
1285 1782 1364 1839 ὧν
1419 1782 1585 1838 οὐδὲν
1639 1783 1832 1853 δεόμαι

149 1873 400 1942 γράφειν.
470 1873 523 1938 ἐξ
564 1874 730 1942 αὐτῆς
768 1876 873 1945 γὰρ
926 1877 1075 1927 ἔσται
1122 1882 1216 1943 τῆς
1247 1874 1594 1944 Ἰσοκράτους
1639 1872 1832 1936 λέξεως

150 1964 401 2029 τεθείσης
454 1963 768 2031 καταφανὴς
823 1963 851 2015 ὅ
897 1982 954 2015 τε
1009 1972 1119 2016 τῶν
1175 1964 1452 2033 περιόδων
1506 1963 1719 2031 ῥυθμὸς
1775 1961 1832 2014 ἐκ

150 2050 354 2112 παντὸς
407 2051 624 2102 διώκων
669 2051 729 2102 τὸ
777 2052 1066 2120 γλαφυρὸν
1120 2050 1210 2103 καὶ
1264 2061 1376 2104 τῶν
1429 2051 1718 2119 σχημάτων
1771 2051 1832 2102 τὸ

151 2139 506 2207 μειρακιῶδες
551 2137 675 2207 περὶ
723 2140 819 2200 τὰς
866 2138 1176 2202 ἀντιθέσεις
1223 2138 1313 2191 καὶ
1359 2140 1690 2209 παρισώσεις
1743 2137 1833 2190 καὶ

274 2316 417 2355 5—17
451 2312 615 2356 eadem
647 2311 812 2356 laudat
843 2312 1143 2356 Philodemus
1176 2313 1280 2357 rhet
1310 2328 1340 2370 p
1368 2316 1451 2356 198
1471 2313 1597 2357 Sudh

274 2478 296 2517 1
331 2471 378 2530 γ’
410 2470 495 2519 οὖν
529 2474 563 2517 F
608 2476 613 2531 Ι
655 2481 752 2525 τοῖς
784 2475 943 2525 αὐτοῖς
972 2475 1134 2526 τύποις
1166 2475 1195 2519 S
1228 2475 1441 2531 lburgius
1567 2482 1592 2519 3
1625 2492 1681 2518 τα
1713 2475 1836 2519 inter

154 2531 330 2576 lineam
360 2533 453 2576 add
486 2533 544 2576 1⁴¹1
588 2535 593 2590 Ι
636 2541 732 2584 τοῖς
764 2532 885 2584 ὅλοις
918 2548 966 2579 a:
1009 2542 1106 2585 τοῖς
1137 2534 1307 2591 ὀλιγοις
1336 2535 1476 2578 ΜΒΡ
1522 2541 1618 2585 τοῖς
1657 2534 1835 2591 ολόγοις

154 2590 203 2634 in
234 2599 329 2642 τοῖς
362 2590 533 2648 ολίγοις
565 2606 666 2636 corr
697 2593 732 2635 F
826 2598 848 2636 7
881 2607 928 2636 τε
962 2606 1036 2636 om
1067 2594 1102 2636 F
1205 2600 1231 2637 8
1262 2593 1421 2651 τόνον]
1455 2593 1627 2649 τρόπον
1660 2594 1718 2636 F¹

155 2654 182 2693 9
205 2649 491 2707 ἀποκρίσεως
515 2651 550 2694 F
637 2657 690 2695 10
716 2669 742 2695 κ
758 2682 772 2696 .
790 2652 1118 2708 ινητικώτατον
1142 2666 1245 2696 cum
1268 2667 1344 2696 ras
1361 2653 1409 2695 M
1500 2658 1553 2697 11
1580 2655 1836 2707 παρεῖσθαι

155 2708 345 2755 Philod:
386 2714 720 2766 παραιτεῖσθαι
843 2716 895 2754 12
945 2710 1025 2755 διὰ
1070 2712 1245 2763 παντὸς
1281 2711 1403 2755 PBV
1454 2714 1459 2769 Ι
1510 2709 1560 2755 δὲ
1601 2712 1696 2755 add
1734 2711 1794 2754 ΡΞ
1827 2712 1831 2768 Ι

155 2766 476 2825 κεκραμμένον
506 2770 542 2813 Ρ
589 2767 900 2826 κεκλασμένον
931 2769 1101 2814 Philod
1216 2776 1268 2814 13
1308 2771 1388 2815 καὶ
1427 2769 1631 2814 ἐπιτάσει
1671 2786 1717 2813 τε
1757 2769 1835 2814 καὶ

156 2824 311 2871 ἀνέσει
327 2828 407 2872 καὶ
434 2835 535 2879 ταῖς
558 2832 638 2873 κτλ
660 2828 830 2873 Philod
941 2833 996 2872 14
1034 2827 1340 2885 ὑπερθέσεσιν
1373 2832 1420 2873 et
1465 2826 1836 2887 ἀποβεβληκέναι

157 2883 347 2931 Philod:
381 2885 632 2932 ὑποθέσεσι
665 2890 712 2932 et
743 2885 1108 2946 ὑπερβεβηκέναι
1135 2890 1141 2946 1
1169 2886 1460 2944 διειλημένον
1492 2889 1527 2930 F
1621 2893 1673 2931 16
1698 2886 1834 2940 τόρον

159 2941 216 2984 F¹
244 2945 250 3000 Ι
290 2944 559 3000 μήτεπάθος
591 2947 625 2990 F
659 2961 762 2990 eum
794 2961 868 2990 ras
900 2949 1007 3003 post
1038 2963 1086 2991 τε
1179 2952 1232 2990 19
1268 2947 1390 2991 ἔσται
1424 2961 1498 2991 om
1529 2947 1564 2989 F
1593 2949 1598 3003 l
1626 2946 1709 3001 τὴν
1740 2945 1775 2987 Ρ

1851 1101 1892 1132 10

1853 1540 1975 1576 15.

1857 1983 1901 2014 20
