1958 3192
992 0 995 3 '
1068 0 1084 52 ἃ

858 190 1088 231 ΛΤΣῙΑΣ
1739 189 1807 240 21

134 326 296 392 θήσει
327 344 410 386 τις
440 327 755 391 τελευτῆσαι
781 325 999 375 Λυσίαν
1030 321 1117 375 ἐπὶ
1141 325 1398 385 Νίκωνος
1429 322 1461 391 ἢ
1488 321 1576 375 ἐπὶ
1599 326 1813 375 Ναυσι-

136 416 294 466 νίκου
333 414 623 483 ἄρχοντος,
665 409 796 464 ἑπτὰ
835 414 1014 464 ἔτεσιν
1053 411 1201 474 ὅλοις
1240 410 1310 464 ἂν
1348 416 1431 479 εἴη
1469 419 1813 482 προτεροῦσα

133 508 226 569 τῆς
271 508 487 570 γραφῆς
535 507 634 553 τοῦ
679 503 1028 568 ψηφίσματος
1072 499 1105 567 ἡ
1153 500 1374 568 τελευτὴ
1421 507 1520 568 τοῦ
1568 499 1811 570 ρήτορος.

132 591 264 659 μετὰ
310 591 414 659 γὰρ
453 587 817 656 Ἀλκισθένην
872 590 1133 658 άρχοντα,
1188 587 1276 657 ἐφ’
1324 584 1390 641 οὗ
1437 589 1537 656 τὴν
1587 589 1813 658 εἰρήνην

124 676 417 746 Ἀθηναῖοί
454 695 510 729 τε
549 675 639 728 καὶ
679 678 1106 754 Λακεδαιμόνιοι
1144 675 1234 728 καὶ
1274 678 1531 745 βασιλεὺς
1576 678 1812 746 ὤμοσαν,
1859 698 1879 730 5

132 766 374 828 ἀποδοὺς
427 786 493 818 τα
547 765 920 835 στρατεύματα
967 764 1276 836 Ἰφικράτης
1331 766 1550 834 ἰδιώτης
1603 769 1814 833 γίνεται

131 853 221 908 καὶ
260 855 320 906 τὸ
360 852 486 924 περὶ
525 862 619 922 τῆς
659 855 870 916 εἰκόνος
909 851 978 922 ἦν
1016 853 1126 907 τότ’
1168 856 1346 907 ἔτεσιν
1380 852 1511 907 ἑπτὰ
1542 857 1814 925 πρότερον

132 945 573 1011 τετελευτηκότος
633 950 728 1010 τῆς
789 950 1003 1012 γραφῆς
1062 946 1300 1011 Λυσίου,
1361 944 1467 1012 πρὸ
1529 951 1628 996 τοῦ
1683 957 1813 996 συν-

132 1032 400 1096 τάξασθαι
439 1039 638 1084 τοῦτον
676 1032 774 1083 τὸν
806 1031 992 1098 ἀγῶνα
1023 1030 1333 1101 Ἰφικράτει.
1396 1032 1598 1101 ὁμοίως
1631 1029 1691 1084 δὲ
1721 1030 1813 1084 καὶ

132 1122 233 1189 τὴν
272 1120 575 1187 ἀπολογίαν
613 1127 713 1172 τοῦ
751 1119 954 1189 ἀνδρὸς
992 1118 1082 1172 καὶ
1119 1119 1292 1188 αὐτὴν
1324 1122 1401 1182 εἰς
1434 1123 1651 1173 Λυσίαν
1683 1120 1812 1173 ἀνα-
1836 1142 1879 1173 10

15 1217 130 1262 4480
155 1207 468 1279 φερομένην
500 1209 625 1261 οὔτε
653 1206 657 1278 ἶ
685 1217 800 1270 τοῖς
829 1209 1144 1278 πράγμασιν
1176 1208 1388 1271 ἀτόπως
1420 1211 1655 1278 ἔχουσαν
1688 1210 1814 1262 οὔτε

132 1307 246 1360 τοῖς
285 1298 553 1366 ὀνόμασιν
592 1295 842 1358 ἀσθενῶς
882 1295 956 1348 δι’
994 1297 1234 1361 ὑποψίας
1273 1299 1473 1366 ἔλαβον
1512 1297 1611 1350 οὐκ
1652 1297 1815 1350 ἐπαν-

130 1387 343 1454 θούσης
380 1393 444 1455 τῆ
484 1383 624 1448 λέξει
663 1392 758 1452 τῆς
799 1387 1079 1453 Λυσιακῆς
1116 1387 1360 1456 χάριτος·
1407 1385 1497 1438 καὶ
1543 1385 1814 1456 παραθεὶς

131 1477 260 1538 τοὺς
313 1476 547 1544 χρόνους
602 1473 703 1526 οὐκ
757 1473 966 1541 ὀλίγοις
1021 1476 1199 1526 ἔτεσιν
1253 1470 1420 1545 εὗρον
1471 1475 1814 1545 ὑστεροῦσαν

132 1572 225 1632 τῆς
263 1568 516 1631 τελευτῆς
554 1570 652 1615 τοῦ
693 1562 924 1633 ῥήτορος
964 1562 1102 1616 ἀλλὰ
1139 1562 1230 1616 καὶ
1275 1568 1484 1616 εἴκοσιν
1522 1564 1685 1625 ὅλοις.
1753 1562 1814 1616 ἐν
1837 1583 1879 1615 15

132 1654 234 1720 γὰρ
275 1659 350 1723 τῷ
389 1658 708 1723 συμμαχικῷ
746 1650 963 1723 πολέμῳ
1002 1653 1104 1720 τὴν
1134 1653 1481 1720 εἰσαγγελίαν
1504 1651 1814 1722 Ἰφικράτης

131 1741 429 1809 ἠγώνισται
467 1739 558 1792 καὶ
597 1741 693 1802 τὰς
732 1739 976 1803 εὐθύνας
1013 1739 1282 1810 ὑπέσχηκε
1329 1749 1423 1809 τῆς
1470 1743 1812 1811 στρατηγίας,

132 1829 205 1891 ὡς
246 1828 298 1893 ἐξ
338 1828 509 1882 αὐτοῦ
548 1831 758 1896 γίνεται
793 1837 892 1882 τοῦ
925 1831 1095 1897 λόγου
1125 1828 1457 1898 καταφανές·
1498 1825 1658 1891 οὗτος
1690 1826 1750 1882 δὲ
1783 1829 1811 1882 ὁ

131 1921 365 1986 πόλεμος
395 1920 578 1969 πίπτει
601 1918 736 1970 κατὰ
759 1916 1099 1985 Ἀγαθοκλέα
1129 1916 1219 1970 καὶ
1243 1917 1507 1987 Ἐλπίνην
1532 1919 1812 1988 ἄρχοντας.

133 2006 264 2059 ὅτου
304 2002 405 2074 μὲν
444 2001 547 2058 οὖν
587 2007 690 2058 εἰσι
731 2008 886 2074 λόγοι
935 2005 1080 2075 [τοῦ]
1134 2007 1365 2077 ρ”ήτορος
1411 2007 1538 2076 <οῑ>
1583 2010 1715 2076 περί
1756 2026 1813 2059 τε
1838 2027 1881 2059 20

35 2110 126 2150 481
155 2103 248 2163 τῆς
303 2096 514 2156 εἰκόνος
565 2093 654 2147 καὶ
709 2101 803 2162 τῆς
847 2096 1170 2165 προδοσίας,
1225 2095 1325 2148 οὐκ
1375 2095 1379 2166 Ι
1429 2098 1532 2164 ἔχω
1580 2097 1813 2163 βεβαίως

133 2184 319 2236 εἰπεῖν.
406 2183 488 2236 ὅτι
544 2180 603 2235 δὲ
659 2181 782 2245 ἑνὸς
835 2182 1163 2253 ἀμφότεροι,
1224 2188 1450 2246 πολλοῖς
1503 2186 1813 2253 τεκμηρίοις

254 2347 276 2385 1
311 2342 454 2400 [τι]ς
441 2358 491 2385 m
514 2356 590 2386 ras
615 2342 675 2385 F²
704 2340 772 2392 τίς
794 2342 841 2385 Μ
870 2344 875 2399 Ι
904 2341 978 2386 ἐπι
1004 2342 1106 2399 (sic)
1130 2342 1202 2386 bis
1228 2343 1262 2386 F
1346 2349 1372 2386 4
1404 2343 1530 2388 τὸν’
1511 2343 1713 2401 άρχοντα
1736 2343 1773 2385 Β
1804 2343 1807 2389 Ι

133 2401 218 2458 τὴν
252 2401 441 2458 εἰρήνην
477 2415 552 2446 om
581 2402 618 2445 P
739 2407 764 2445 6
799 2401 1132 2460 στρατεύματα]
1172 2400 1547 2458 κατεστραμμένα
1587 2402 1813 2446 Tournier

251 2466 275 2504 7
323 2459 381 2503 τὰ
419 2461 524 2516 περὶ
561 2460 928 2515 Demonsseaux,
975 2459 1145 2504 lacuna
1193 2462 1380 2506 subesse
1418 2461 1606 2506 uidetur
1655 2463 1659 2519 Ι
1709 2460 1810 2505 τότε

133 2518 258 2562 PGv
348 2525 374 2563 8
406 2526 486 2576 τῆς
517 2526 700 2576 γραφῆς
730 2517 1098 2575 τετελευτηκότος
1130 2519 1207 2564 GV
1245 2519 1622 2577 τετελευτηκότως
1644 2521 1694 2564 Μ
1731 2527 1813 2576 τῆς

133 2578 657 2704 ξὲᾟέξὲεῗῗῖἲωῗξὶιῖ
675 2578 1098 2682 ἶηῗῖῖῖῗῇἶῗὲῗρ
1117 2578 1812 2695 ἰἃῗιῗῗῃῖἓῖηρᾷῗῖἷέρῗξῗέρὲῗῆ

134 2695 366 2740 comciens
467 2702 522 2740 10
553 2694 813 2752 ἀπολογίαν
846 2695 947 2740 Gv:
980 2697 1215 2742 ἀπώλειαν
1239 2698 1423 2742 FMBP
1527 2703 1578 2740 11
1616 2697 1810 2754 ἔχουσαν

134 2767 191 2798 ex
224 2754 404 2812 ἔχουσιν
435 2756 492 2798 F¹
605 2761 655 2798 17
690 2754 946 2828 ὑπέσχηκεν
978 2756 1116 2799 ΜΡΒ
1232 2762 1284 2800 19
1311 2754 1551 2813 Ἐλπινίκη
1557 2774 1582 2801 ν
1615 2756 1692 2800 GV

137 2816 191 2855 20
223 2773 329 2858 ὅτου
363 2813 657 2871 Sylburgius.
700 2813 769 2858 ὅτι
819 2816 824 2871 Ι
876 2814 990 2860 εἰσιν
1022 2814 1066 2859 οἱ
1096 2812 1224 2872 λόγοι
1255 2816 1394 2859 ΜΒΡ
1445 2818 1450 2872 l
1499 2823 1579 2859 τοῦ
1621 2814 1810 2859 seclusit

137 2869 407 2929 Sylburgius
450 2875 456 2929 1
500 2873 544 2918 οἱ
577 2873 806 2930 Sauppius
839 2873 1035 2917 inseruit
1141 2879 1192 2918 21
1228 2873 1433 2941 βεβαίως
1442 2889 1514 2918 σιν
1544 2875 1593 2929 F,
1627 2874 1708 2917 sed
1737 2887 1809 2916 σιν

134 2930 318 2984 punctis
359 2931 541 2975 deletur
675 2937 728 2975 22
763 2931 832 2976 ὄτι
864 2930 982 2976 δὲ-
992 2933 1140 2977 εἰπεῖν
1176 2947 1249 2976 om
1281 2934 1317 2976 P
1357 2933 1406 2976 in
1443 2949 1523 2990 mg
1562 2932 1696 2988 suppl
1730 2931 1764 2973 F
1800 2932 1805 2959 '

137 2989 248 3030 πολλ
278 2989 327 3044 F,
358 2992 412 3033 ut
444 2997 512 3040 οῖς
545 2991 782 3034 desectum
814 2991 876 3034 sit
