2004 3202
254 119 363 171 350
679 117 1019 162 ΔΙοΝΤΣΙοΤ
1050 114 1516 159 ΑΛΙΚΑΡΝΑΣΕΩΣ
1932 0 1978 143 'l

254 254 440 326 βύβλῳ
479 255 759 322 πεποίηκε·
799 253 931 321 μετὰ
969 253 1072 320 γὰρ
1113 251 1214 318 τὴν
1252 251 1459 303 ἅλωσιν
1498 248 1663 318 αὐτῆς
1701 248 1792 302 καὶ
1829 251 1932 319 τὴν
1972 281 1977 302 «-

253 352 363 395 τῶν
402 343 758 411 αἰχμαλώτων
805 339 1018 409 ἄφιξιν,
1066 338 1163 401 οὓς
1209 337 1524 391 ἀπέστειλεν
1562 338 1591 391 ὁ
1633 339 1933 408 στρατηγὸς
1973 361 1977 375 ¹

256 432 461 500 Πάχης,
501 431 701 483 διττῶν
740 428 1040 496 ἐκκλησιῶν
1078 426 1391 496 γενομένων
1431 426 1491 479 ἐν
1529 435 1646 489 ταῖς
1669 425 1932 495 Ἀθήναις
1975 415 1981 477 ὲ

252 520 381 580 τοὺς
419 516 520 588 μὲν
553 518 612 571 ἐν
643 526 706 588 τῇ
738 515 978 588 προτέρᾳ
1009 515 1279 586 ῥηθέντας
1309 516 1416 568 ὑπὸ
1447 525 1559 568 τῶν
1590 518 1932 585 δημαγωγῶν
1973 484 1981 574 ἒ

208 630 227 662 5
251 609 451 675 λόγους
495 606 793 676 παρέλιπεν
849 606 922 667 ὡς
969 604 1069 658 οὐκ
1115 604 1472 672 ἀναγκαίους,
1519 603 1580 656 ἐν
1624 597 1659 675 ᾖ
1708 604 1836 666 τούς
1874 623 1932 656 τε
1972 582 1983 706 ἰ

252 696 628 765 αἰχμαλώτους
674 693 990 746 ἀποκτεῖναι
1030 692 1059 746 ὁ
1100 694 1272 762 δῆμος
1322 691 1626 762 ἐψηφίσατο
1671 691 1762 745 καὶ
1801 694 1933 755 τοὺς
1975 711 1984 760 33

252 786 453 846 ἄλλους
480 784 900 850 Μυτιληναίους
937 781 1164 850 ἡβηδόν,
1203 789 1466 848 γυναῖκας
1506 778 1566 833 δὲ
1603 779 1694 833 καὶ
1732 782 1932 844 παῖδας
1976 766 1985 847 ξ

251 871 690 943 ἀν]δραποδίσαι’
729 872 859 933 τοὺς
891 868 942 923 δ’
979 869 1039 922 ἐν
1077 877 1140 940 τῇ
1173 870 1435 940 ὑστεραίᾳ
1469 870 1637 935 πάλιν
1667 870 1774 924 ὑπὸ
1807 859 1985 930 τῶνέΙ

252 960 434 1013 αὐτῶν
482 959 776 1030 ῥηθέντας,
824 959 885 1012 ἐν
931 951 965 1030 ᾗ
1011 959 1271 1028 μετάνοιά
1324 978 1406 1021 τις
1455 958 1758 1026 ὑπεισῆλθε
1804 965 1933 1027 τοὺς
1982 1025 1985 1031 ,

187 1073 228 1103 10
251 1049 508 1117 πολλούς,
540 1047 664 1119 περὶ
695 1050 797 1116 τὴν
828 1047 1002 1116 αὐτὴν
1027 1046 1436 1116 συνταχθέντας
1464 1047 1739 1102 ὑπόθεσιν
1768 1050 1932 1123 παρέ-
1980 1053 1985 1094 ¹

251 1140 418 1205 λαβεν
458 1138 530 1200 ὡς
570 1137 919 1205 ἀναγκαίους.
1979 1110 1987 1228 ξ

166 1230 231 1281 18
353 1225 409 1278 Ὁ
447 1224 509 1279 δὲ
548 1227 615 1294 δὴ
654 1228 978 1295 περιβόητος
1017 1225 1327 1294 ἐπιτάφιος,
1375 1224 1441 1277 ὃν
1493 1224 1552 1277 ἐν
1597 1233 1662 1295 τῇ
1703 1227 1933 1300 δευτέρᾳ
1981 1237 1987 1290 ὲ

248 1315 435 1386 βύβλῳ
461 1316 776 1384 διελήλυθε,
800 1316 934 1367 κατὰ
966 1317 1090 1367 τίνα
1114 1315 1182 1382 δή
1213 1332 1344 1367 ποτε
1367 1315 1633 1383 λογισμὸν
1673 1313 1733 1367 ἐν
1755 1317 1931 1389 τούτῳ
1982 1316 1987 1377 ᾖ

248 1412 420 1456 κεῖται
459 1410 534 1475 τῷ
573 1406 720 1475 τόπῳ
760 1407 972 1472 μᾶλλον
1009 1403 1042 1471 ἢ
1082 1402 1183 1456 οὐκ
1223 1402 1283 1455 ἐν
1322 1401 1510 1473 ἑτέρῳ;
1551 1407 1606 1455 εἴ
1637 1422 1695 1455 τε
1726 1405 1830 1474 γὰρ
1871 1404 1932 1457 ἐν
1983 1382 1986 1413 ¹

184 1515 225 1547 15
248 1501 366 1554 ταῖς
397 1493 656 1560 μεγάλαις
688 1502 998 1562 συμφοραῖς
1028 1499 1123 1560 τῆς
1153 1493 1377 1559 πόλεως,
1415 1490 1476 1543 ἐν
1507 1483 1592 1553 αἷς
1616 1489 1933 1560 Ἀθηναίων
1966 1513 1977 1553 ᾗ

248 1579 443 1633 πολλοὶ
474 1579 563 1633 καὶ
593 1579 798 1649 ἀγαθοὶ
822 1583 1119 1650 μαχόμενοι
1144 1581 1550 1649 διεφθάρησαν,
1582 1581 1710 1642 τοὺς
1735 1582 1932 1634 εἰωθό-
1970 1577 2004 1690 Ἰ

248 1687 343 1730 τας
382 1668 737 1739 ὀλοφυρμοὺς
777 1668 855 1721 ἐπ’
895 1669 1081 1730 αὐτοῖς
1121 1668 1286 1738 ἐχρῆν
1325 1667 1611 1736 λέγεσθαι,
1663 1673 1718 1720 εἴ
1750 1667 1797 1720 τ’
1842 1668 1931 1722 ἐπὶ
1983 1654 2004 1741 3}

248 1765 366 1818 ταῖς
404 1759 663 1825 μεγάλαις
702 1758 1046 1828 εὐπραγίαις,
1088 1756 1140 1821 ἐξ
1181 1753 1259 1810 ὧν
1299 1755 1430 1820 δόξα
1467 1776 1550 1818 τις
1590 1755 1858 1826 ἐπιφανὴς
1895 1757 1930 1825 ἢ
1982 1742 2004 1843 ξι

250 1844 483 1912 δύναμις
538 1844 751 1912 ἐγένετο
798 1854 862 1916 τῇ
909 1848 1094 1914 πόλει,
1149 1851 1414 1914 τιμᾶσθαι
1459 1853 1574 1907 τοῖς
1623 1844 1930 1914 ἐπιταφίοις
1983 1848 2004 1903 {³

184 1957 226 1988 20
251 1931 495 1995 ἐπαίνοις
526 1936 655 1996 τοὺς
687 1934 1090 2002 ἀποθανόντας,
1125 1933 1185 1986 ἐν
1214 1926 1249 2004 ᾗ
1272 1934 1535 2002 βούλεταί
1561 1953 1643 1996 τις
1674 1939 1884 2003 μᾶλλον
1905 1934 1909 2006 i
1929 1920 2004 1999 862

248 2021 434 2092 βύβλῳ
473 2021 506 2089 ἢ
548 2021 608 2074 ἐν
646 2023 816 2092 ταύτῃ
863 2024 961 2075 τὸν
1009 2022 1301 2091 ἐπιτάφιον
1338 2022 1606 2091 ἥρμοττεν
1652 2024 1928 2093 εἰρῆσθαι·

249 2109 310 2161 ἐν
347 2111 515 2181 ταύτῃ
555 2108 656 2180 μὲν
695 2113 799 2181 γὰρ
840 2113 892 2164 οἱ
930 2113 1065 2163 κατὰ
1104 2112 1204 2179 τὴν
1241 2111 1464 2180 πρώτην
1495 2119 1606 2163 τῶν
1645 2115 1928 2165 Πελοπον-

247 2201 457 2266 νησίων
495 2200 754 2268 εἰσβολὴν
784 2202 1042 2262 πεσόντες
1065 2198 1354 2267 Ἀθηναῖοι
1384 2200 1582 2269 κομιδῇ
1613 2219 1758 2262 τινες
1789 2196 1930 2268 ἦσαν

249 2286 451 2354 ὀλίγοι,
505 2287 594 2340 καὶ
635 2287 755 2341 οὐδ’
804 2285 957 2341 οὗτοι
1005 2290 1256 2358 λαμπρόν
1302 2308 1353 2340 τι
1398 2286 1699 2357 πράξαντες
1747 2290 1928 2358 ἔργον,

185 2397 225 2429 25
250 2375 322 2436 ὡς
372 2375 534 2437 αὐτὸς
575 2376 602 2429 ὁ
655 2378 1001 2444 Θουκυδίδης
1050 2378 1271 2446 γράφει·
1326 2376 1605 2446 προειπὼν
1651 2378 1755 2446 γὰρ
1801 2375 1926 2447 περὶ

250 2533 716 2633 11223Th11011136
808 2536 1120 2580 811136-49
1205 2536 1521 2579 121135—46
1593 2539 1926 2592 25—p351‚13

370 2743 391 2781 1
426 2736 564 2796 βίβλῳ
591 2739 696 2794 ΜΡ,
722 2739 744 2781 f
781 2742 786 2796 Ι
830 2742 971 2797 αὐτῆς
1001 2742 1039 2786 f:
1073 2742 1220 2798 αὐτὴν
1250 2742 1342 2784 ΜΡ
1469 2746 1495 2784 5
1527 2739 1803 2796 παρέλειπεν
1833 2741 1864 2783 h

253 2802 276 2840 7
309 2796 633 2853 μιτυληναίους
657 2797 765 2840 libri
793 2799 798 2848 Ι
828 2799 1045 2872 [ἡ]βηδὸν
1078 2815 1182 2844 eum
1211 2801 1354 2844 litura
1376 2800 1425 2842 M
1529 2805 1570 2858 ⁴8
1604 2797 1649 2843 δ’
1672 2799 1741 2858 ἐν]
1774 2798 1818 2843 δ’
1843 2799 1864 2843 ἐ
1886 2799 1924 2841 Ρ

323 2861 376 2898 12
409 2856 467 2912 δὴ
500 2869 574 2899 om
604 2856 635 2898 h
781 2862 832 2900 13
859 2859 1117 2916 βιβλωΜΡ,
1136 2860 1159 2902 f
1185 2859 1298 2904 item
1321 2874 1351 2901 u
1375 2863 1428 2901 21
1565 2863 1618 2901 14
1651 2858 1738 2914 γὰρ
1772 2857 1846 2901 ἐπὶ
1878 2856 1921 2900 οἱ

250 2914 558 2971 Kiesslingius
652 2920 703 2957 17
732 2915 868 2972 ἐχρὴν
886 2917 976 2959 ΜΡ
1005 2919 1009 2974 Ι
1038 2921 1274 2973 exspectes
1299 2916 1514 2975 γίνεσθαι
1606 2922 1660 2959 23
1692 2915 1860 2972 κομιδή
1882 2915 1920 2958 Ρ
