2004 3202
651 143 798 184 ΠΕΡΙ
826 141 1228 185 ΘΟΤΚΤΔΙΔΟΤ
1672 139 1780 192 395

19 316 25 349 ³
101 277 208 347 ἤδη
248 275 671 345 ἀντιτεταγμένα
707 274 1111 347 περιγενέσθαι.
1178 277 1391 343 πολλήν
1428 295 1490 342 γε
1528 274 1781 343 ἀλογίἀν

6 356 23 442 Ι
104 367 247 435 φησί
294 365 408 433 τῆς
461 365 710 428 διανοίας
761 363 1048 435 παρέχετε,
1102 364 1150 417 εἰ
1199 364 1271 433 μὴ
1317 365 1779 433 μεταστησάμενοι

17 492 22 529 3
103 452 244 523 ἡμᾶς
297 454 431 506 άλλό
484 473 536 505 τι
586 454 760 506 τῶνδε
806 451 1259 523 σωφρονέστερον
1303 452 1621 520 γνώσεσθεῖ
1697 445 1781 514 οἷς

17 551 23 603 ξ
102 540 480 610 ἐπιτίθησιν
486 541 552 594 οὐ
597 543 703 611 γὰρ
751 542 819 610 δὴ
866 540 961 594 έπί
999 561 1062 609 γε
1105 541 1208 610 τὴν
1253 539 1315 594 ἐν
1366 546 1482 603 τοῖς
1535 542 1781 611 αἰσχροῖς

16 627 23 676 .‘
101 627 192 682 καὶ
237 630 541 699 προῦπτοις
585 630 871 692 κινδύνοις
914 634 1141 683 πλεῖστα
1195 630 1642 699 διαφθείρουσαν
1686 629 1780 682 ἀν-
1825 647 1847 679 5

15 705 26 733 ²‘
102 718 369 787 θρώπους
415 719 684 788 αἰσχύνην
730 717 1014 788 τρέψεσθε.
1097 723 1322 781 πολλοῖς
1374 719 1479 788 γὰρ
1531 736 1781 788 προορω-

16 825 17 828 ’
103 805 290 876 μένοις
337 809 415 859 ἔτι
472 806 526 870 ἐς
579 800 668 860 οἷα
723 806 986 877 φέρονται
1039 807 1100 859 τὸ
1156 807 1384 877 αἰσχρὸν
1436 806 1781 875 καλούμενον

102 893 371 964 ὀνόματος
426 894 713 963 ἐπαγωγοῦ
767 895 1028 964 δυνάμεις
1083 894 1420 948 ἐπεσπάσατο
1484 894 1780 963 ἡσσηθεῖσι

53 1012 57 1013 ⁷
99 990 200 1036 τοῦ
233 983 469 1053 ῥήματος
500 985 641 1055 ἔργῳ
674 992 985 1053 συμφοραῖς
1015 982 1332 1052 ἀνηκέστοις
1363 983 1606 1052 ὁρῶντας
1628 1000 1782 1047 περι-

103 1072 326 1124 πεσεῖν.’
1804 1092 1846 1122 10

219 1161 443 1214 Τούτων
488 1170 600 1214 τῶν
646 1163 827 1228 λόγων
873 1161 955 1214 ὅτι
1001 1157 1103 1229 μὲν
1141 1161 1267 1214 οὔτε
1312 1160 1477 1223 αὐτὸς
1522 1159 1780 1229 μετέσχεν

47 1263 99 1303 7
118 1248 146 1303 ὁ
183 1248 189 1318 Ι
226 1251 579 1319 συγγραφεὺς
609 1255 686 1320 τῷ
718 1251 967 1320 συλλόγῳ
999 1251 1120 1301 τότε
1150 1249 1480 1318 παρατυχὼν
1511 1249 1638 1302 οὔτε
1668 1257 1782 1300 τῶν

101 1337 450 1406 διαθεμένων
489 1337 690 1400 αὐτοὺς
722 1336 1036 1406 Ἀθηναίων
1073 1337 1105 1405 ἢ
1145 1339 1384 1406 Μηλίων
1420 1338 1683 1405 ἤκουσεν,
1725 1334 1780 1400 ἐξ

102 1421 182 1479 ὧν
220 1425 384 1488 αὐτὸς
417 1425 478 1478 ἐν
508 1434 571 1496 τῇ
611 1426 717 1496 πρὸ
750 1427 948 1494 ταύτης
977 1426 1164 1497 βύβλῳ
1200 1424 1325 1495 περὶ
1358 1426 1529 1478 αὑτοῦ
1559 1426 1780 1495 γράφει,

43 1529 98 1569 8
116 1513 336 1585 μαζθεῖν
360 1513 573 1585 ῥᾴδιον,
606 1515 690 1568 ὅτι
714 1517 846 1584 μετὰ
876 1515 977 1583 τὴν
1008 1514 1069 1567 ἐν
1091 1512 1417 1583 Ἀμφιπόλει
1448 1517 1781 1584 στρατηγίαν
1803 1533 1847 1565 15

45 1652 52 1659 .
102 1601 379 1668 ἐξελαθεὶς
409 1610 506 1671 τῆς
534 1605 800 1674 πατρίδος
829 1605 1009 1656 πάντα
1039 1604 1139 1656 τὸν
1177 1604 1375 1656 λοιπὸν
1405 1611 1504 1656 τοῦ
1535 1602 1780 1671 πολέμου

100 1695 305 1763 χρόνον
351 1691 412 1744 ἐν
461 1690 647 1763 Θρᾴκῃ
695 1691 954 1763 διέτριψε.
1031 1694 1272 1745 λείπεται
1320 1693 1387 1760 δὴ
1435 1700 1684 1758 σκοπεῖν,
1731 1692 1780 1744 εἰ

99 1789 215 1843 τοῖς
253 1800 310 1834 τε
348 1781 628 1849 πράγμασι
665 1782 1014 1850 προσήκοντα
1050 1779 1142 1833 καὶ
1181 1789 1296 1843 τοῖς
1335 1781 1782 1848 συνεληλυθόσιν

6 1915 11 1923 .
101 1869 179 1931 εἰς
209 1869 307 1921 τὸν
339 1869 614 1936 σύλλογον
643 1869 958 1939 προσώποις
982 1869 1321 1939 ἁρμόττοντα
1351 1868 1589 1923 πέπλακε
1612 1869 1781 1937 <τὸν>

7 1927 11 1956 Ι
101 1958 366 2025 διάλογον
406 1956 682 2026 ’ἐχόμενος
719 1957 792 2018 ὡς
837 1958 1060 2024 ἔγγιστα
1104 1965 1199 2025 τῆς
1239 1957 1525 2026 συμπάσης
1562 1957 1782 2025 γνώμης
1804 1975 1849 2007 20

7 2082 9 2106 s
102 2055 213 2099 τῶν
259 2045 482 2114 ἀληθῶς
529 2043 878 2113 λεχθέντων’,
933 2046 1006 2107 ὡς
1056 2045 1220 2107 αὐτὸς
1275 2044 1335 2098 ἐν
1380 2052 1456 2117 τῷ
1508 2048 1780 2116 προοιμίῳ

102 2143 196 2203 τῆς
237 2136 480 2204 ἱστορίας
516 2135 856 2203 προείρηκεν.
914 2129 998 2203 ἆρ’
1039 2129 1142 2186 οὖν
1181 2134 1355 2203 ὥςπερ
1394 2142 1509 2195 τοῖς
1540 2136 1783 2201 Μηλίοις

222 2285 277 2323 14
309 2279 358 2323 cf
378 2279 507 2322 Thuc
530 2278 594 2322 IV
621 2282 865 2322 104—108.
898 2277 940 2322 V
965 2283 1020 2321 26
1142 2283 1198 2322 20
1230 2279 1250 2321 Ι
1276 2283 1330 2321 22

3 2451 5 2461 A
223 2417 244 2454 1
279 2408 418 2466 ἤδη
394 2428 454 2455 αν
477 2407 733 2466 τεταγμένα
756 2410 848 2453 ΜΡ
877 2412 882 2468 Ι
909 2408 1262 2468 περιγίγνεσθαι
1290 2412 1330 2454 Θ
1356 2412 1362 2468 Ι
1390 2426 1441 2482 γε
1465 2410 1604 2454 MPf:
1636 2426 1683 2454 τε
1714 2411 1776 2469 ΘΙ

32 2474 34 2479 '
101 2471 240 2527 ἀλλογ
243 2468 324 2514 ίαν
354 2469 389 2512 Ρ
510 2475 535 2512 2
568 2468 818 2526 παρέχεται
848 2471 902 2513 ut
925 2475 950 2513 3
985 2470 1247 2527 γνώσεσθαι
1278 2474 1304 2514 6
1336 2469 1596 2527 τρέψεσθαι
1625 2470 1662 2512 Ρ

2 2552 5 2566 ι
38 2581 43 2587 ²
103 2534 130 2572 3
161 2529 282 2586 ἡμᾶς
312 2528 426 2573 MP:
461 2527 566 2586 [ἔτι]
598 2527 718 2583 ἡμᾶς
748 2527 772 2570 f
798 2541 854 2571 ex
882 2529 922 2572 Θ
949 2531 954 2586 Ι
982 2527 1091 2572 ἄλλό
1122 2546 1166 2573 τι
1189 2529 1238 2572 Μ
1439 2535 1465 2572 5
1497 2529 1783 2584 ἀνθρώπους

0 2598 3 2607 ’
110 2602 186 2633 om
207 2588 244 2631 P
408 2593 433 2631 6
466 2587 703 2645 αἰσχύνειν
735 2587 782 2629 Μ
810 2589 815 2644 Ι
843 2586 1170 2645 προορωμένης
1191 2588 1258 2632 P?
1378 2593 1404 2632 8
1437 2587 1635 2644 δυνάμει
1665 2587 1689 2630 f
1698 2589 1737 2631 Θ
1772 2589 1776 2645 Ι

104 2645 454 2691 ἐπεσπάσασατο
479 2646 515 2688 Ρ
611 2651 636 2689 9
668 2646 926 2720 ξυμφοραῖς
956 2647 980 2689 f
1002 2650 1007 2703 Ι
1037 2646 1240 2702 ὁρῶντας
1264 2647 1379 2692 MP:
1413 2646 1606 2698 ἑκόντας
1636 2647 1659 2689 f
1668 2648 1708 2691 Θ

194 2704 384 2762 μελλίων
416 2705 452 2748 Ρ
635 2710 689 2747 14
721 2701 756 2748 ὦ
779 2705 816 2748 Ρ
844 2707 849 2761 Ι
877 2706 966 2760 πρὸ
998 2707 1142 2762 αὐτῆς
1164 2706 1306 2750 MPf:
1340 2720 1441 2750 corr
1471 2707 1733 2764 Kruegerus
1770 2707 1774 2763 Ι

103 2763 243 2823 βίβλω
274 2765 381 2820 ΜΡ,
399 2764 422 2806 f
445 2764 451 2824 Ι
478 2765 621 2808 αὐτοῦ
653 2763 793 2809 MPf:
827 2778 930 2808 corr
958 2764 1116 2822 Krueg
1118 2778 1221 2809 erus
1345 2770 1398 2809 15
1430 2765 1494 2821 ἀμ
1497 2765 1656 2822 φιπόλι
1685 2765 1720 2807 Ρ

106 2828 160 2867 17
193 2826 257 2879 θρ
260 2822 363 2867 άκει
387 2823 423 2866 Ρ
516 2828 569 2866 19
601 2822 683 2866 τὸν
716 2822 808 2866 add
834 2823 1040 2868 Sadaeus
1071 2839 1102 2880 p
1126 2828 1212 2867 218
1304 2829 1360 2868 20
1393 2824 1613 2882 ἐχόμενον
1637 2822 1778 2867 MPf:

0 2883 1 2886 ’
24 2927 27 2933 ,
106 2895 209 2925 corr
230 2882 448 2984 Reiskfius
476 2882 480 2940 Ι
513 2881 694 2939 ἔγγιστα
720 2881 866 2927 idem:
900 2882 943 2926 ει
963 2899 1031 2934 τις
1052 2881 1111 2926 τὰ
1132 2883 1258 2926 MPf
1285 2842 1511 2940 ἐγγύτατα
1540 2885 1579 2926 Θ
1621 2884 1627 2939 Ι
1670 2896 1781 2936 συμ-

105 2939 259 2992 πάσας
282 2956 338 2998 pr
