1958 3192
138 64 206 117 18
297 60 309 73 ⁴
554 65 896 108 ΔιοΝΤΣῙοΤ
925 62 1392 105 ΑΛΙΚΑΡΝΑΣΕῼΣ

137 199 302 267 ἐάσω,
356 202 488 269 μιάν
534 196 594 252 δὲ
641 198 839 269 ἀρετὴν
885 199 964 250 ἔτι
1009 203 1110 248 τοῦ
1165 195 1394 267 ῥήτορος
1443 195 1813 266 ἀποδείξομαι,

135 290 328 357 κρίνας
354 290 650 355 καλλίστην
680 306 737 338 τε
767 283 857 338 καὶ
888 285 1231 354 κυριωτάτην
1259 283 1350 337 καὶ
1381 286 1559 354 μόνην
1585 282 1590 356 Ι
1619 284 1793 353 αὐτὴν

137 378 368 446 μάλιστα
405 385 518 429 τῶν
556 377 739 428 ἄλλων
777 375 873 427 τὸν
905 374 1120 425 Λυσίου
1157 380 1468 444 χαρακτῆρα
1499 371 1815 442 δυναμένην
1899 388 1903 390 ·

137 469 458 534 βεβαιῶσαι,
510 464 581 531 ἣν
624 463 987 532 ὑπερεβάλετο
1033 457 1135 529 μὲν
1181 459 1364 524 οὐδεὶς
1408 471 1520 514 τῶν
1564 461 1815 531 ὕστερον,

93 578 115 612 5
140 553 469 623 ἐμιμήσαντο
510 549 570 604 δὲ
608 549 803 604 πολλοὶ
847 548 938 602 καὶ
975 547 1106 619 παρ’
1146 548 1279 602 αὐτὸ
1325 558 1487 603 τοῦτο
1534 553 1815 620 κρείττους
1897 531 1909 543 ᾗ

139 640 339 711 ἑτέρων
391 640 587 704 ἔδοξαν
639 636 780 692 εἶναι
824 639 927 706 τὴν
972 639 1146 706 ἄλλην
1191 639 1431 708 δύναμιν
1476 636 1650 692 οὐθὲν
1697 639 1815 691 δια·
1901 665 1906 675 »

139 729 423 799 φέροντες·
484 725 622 797 ὑπὲρ
678 723 778 794 ὧν,
833 725 911 778 ἂν
965 725 1198 796 ἐγχωρῇ,
1258 728 1395 779 κατὰ
1453 727 1552 779 τὸν
1609 727 1815 779 οἰκεῖον
1900 738 1908 757 ⁵

139 817 453 886 διαλέξομαι
492 819 676 869 τόπον.
753 818 835 877 τίς
874 813 924 867 δ’
965 812 1115 867 ἐστὶν
1159 815 1255 882 ἥδε
1300 815 1333 883 ἡ
1375 814 1564 886 ἀρετῆς
1609 815 1642 884 ἡ
1684 815 1813 884 [τις]
1899 820 1914 850 ³

138 915 306 959 πᾶσιν
380 905 700 958 ἐπανθοῦσα
774 912 890 966 τοῖς
959 903 1191 972 ὀνόμασι
1257 901 1384 956 κάπ’
1454 894 1574 973 ἴσης
1641 905 1814 980 χάρις,
1900 972 1912 982 Α,

75 1020 117 1052 10
140 1003 360 1063 πρᾶγμα
397 994 600 1055 παντὸς
637 1001 886 1063 κρεῖττον
928 990 932 1062 Ι
976 995 1146 1060 λόγου
1187 990 1278 1044 καὶ
1322 993 1793 1063 θαυμασιώτερον.
1816 1015 1872 1054 47
1899 988 1918 1031 ³⁸³

142 1082 343 1153 ῥᾷστον
402 1079 502 1150 μὲν
561 1082 664 1151 γάρ
729 1080 878 1134 ἐστιν
939 1081 1186 1150 ὀφθῆναι
1246 1079 1337 1133 καὶ
1389 1079 1554 1134 παντὶ
1615 1081 1816 1150 ὁμοίως
1865 1107 1915 1149 ⁴3

142 1171 328 1239 ἰδιώτῃ
368 1190 425 1222 τε
462 1168 552 1222 καὶ
594 1172 809 1240 τεχνίτῃ
849 1172 1111 1240 φανερόν,
1151 1171 1533 1238 χαλεπώτατον
1572 1166 1632 1222 δὲ
1671 1171 1816 1241 λόγῳ
1900 1155 1917 1207 ·'

139 1260 457 1326 δηλωθῆναι
503 1256 594 1310 καὶ
634 1255 764 1311 οὐδὲ
803 1267 917 1320 τοῖς
962 1259 1222 1329 κράτιστα
1268 1260 1442 1312 εἰπεῖν
1487 1257 1818 1327 δυναμένοις

140 1347 392 1415 εὔπορον.

56 1446 119 1497 11
250 1436 386 1487 ὥστε
433 1440 487 1487 εἴ
526 1455 608 1497 τις
654 1434 831 1504 ἀξιοίη
885 1437 1030 1508 λόγῳ
1086 1437 1420 1505 διδαχθῆναι
1465 1436 1671 1504 ταύτην
1716 1436 1818 1503 τὴν

76 1549 117 1579 16
142 1523 403 1591 δύναμιν,
442 1524 476 1591 ἥ
514 1523 753 1586 τίς”ποτ’
794 1523 966 1593 ἐστίν,
1006 1523 1107 1577 οὐκ
1145 1523 1215 1577 ἂν
1253 1525 1464 1593 φθάνοι
1502 1523 1592 1577 καὶ
1633 1525 1818 1577 ἄλλων

140 1616 360 1664 πολλῶν
396 1610 486 1664 καὶ
523 1617 707 1665 καλῶν
743 1613 1078 1683 πραγμάτων
1116 1614 1534 1681 δυσεκλαλήτων
1572 1612 1818 1665 ἀπαιτῶν

142 1702 336 1766 λόγον·
398 1699 535 1767 λε’γω
592 1698 652 1753 δὲ
707 1699 794 1753 ἐπὶ
847 1702 1082 1764 κάλλους
1135 1698 1236 1770 μὲν
1290 1703 1578 1770 σωμάτων,
1640 1704 1699 1754 τί
1748 1702 1817 1770 δή

140 1806 270 1840 ποτε
305 1788 310 1858 Ι
345 1788 492 1841 τοῦτ’
533 1788 698 1857 ἐστίν,
738 1789 767 1842 ὃ
799 1794 1074 1859 καλοῦμεν
1112 1791 1279 1860 ὥραν,
1320 1788 1407 1843 ἐπὶ
1438 1792 1702 1858 κινήσεως
1732 1786 1791 1842 δὲ
1816 1782 1945 1849 474”’

76 1900 118 1932 20
142 1880 321 1944 μελῶν
359 1875 448 1928 καὶ
478 1881 681 1945 πλοκῆς
713 1880 1000 1947 φθόγγων,
1038 1881 1096 1931 τί
1121 1877 1334 1946 λέγεται
1364 1879 1425 1930 τὸ
1459 1877 1816 1948 εὐάρμοστον,
1921 1879 1946 1943 ἶ,

143 1962 230 2015 ἐπὶ
284 1968 611 2034 συμμετρίας
665 1963 726 2018 δὲ
778 1969 1027 2037 χρόνων,
1079 1968 1163 2029 τίς
1214 1966 1247 2035 ἡ
1301 1966 1450 2031 τάξις
1501 1965 1593 2019 καὶ
1647 1970 1705 2019 τί
1753 1967 1814 2019 τὸ
1894 1951 1899 1959 ⁴

142 2052 443 2121 εὔρυθμον,
482 2052 571 2105 καὶ
611 2053 699 2106 ἐπὶ
736 2057 940 2118 παντὸς
976 2053 1037 2108 δὲ
1070 2057 1386 2124 συλλήβδην
1424 2057 1591 2126 ε”ργου
1629 2075 1687 2108 τε
1724 2053 1816 2108 καὶ

141 2140 470 2209 πράγματος,
510 2144 591 2204 τίς
623 2142 651 2195 ὁ
684 2146 976 2212 λεγόμενος
1006 2145 1194 2215 καιρὸς
1222 2142 1313 2196 καὶ
1344 2151 1454 2197 ποῦ
1485 2145 1544 2197 τὸ
1578 2143 1817 2213 μέτριον.

264 2333 284 2370 1
335 2325 386 2372 δὲ
430 2342 505 2371 om
543 2329 600 2371 F1
650 2332 655 2385 Ι
708 2330 994 2388 ἐπιδείξομαι
1032 2332 1326 2376 FssMPBGv
1455 2338 1480 2375 2
1527 2329 1817 2388 κυριωτάτην

143 2386 468 2430 Marklandus:
500 2387 775 2444 κοινοτάτην
803 2393 808 2445 1
837 2392 1002 2451 αὐτὴν]
1033 2392 1118 2449 τὴν
1149 2391 1260 2435 libri
1283 2407 1312 2435 v
1358 2390 1386 2448 ἢ
1418 2391 1725 2434 Marklandus

145 2449 171 2486 3
202 2451 283 2487 τοῦ
306 2443 462 2507 λυσίου
487 2446 545 2488 F1
621 2452 645 2489 5
677 2446 911 2502 κρείσσους
934 2450 1044 2495 libri
1067 2466 1098 2495 v
1173 2456 1199 2495 6
1232 2448 1372 2494 οὐδὲν
1397 2450 1474 2494 Gv
1549 2454 1575 2493 8
1609 2447 1659 2494 δὲ
1686 2448 1727 2492 G
1752 2451 1758 2506 1
1785 2448 1814 2505 ἡ

144 2502 473 2569 ἀρετήΜΡΒε
506 2505 645 2559 ἀρετή
676 2506 798 2550 FGv
848 2508 852 2566 Ι
902 2509 929 2565 ἡ
965 2509 1258 2566 Sylburgius:
1290 2509 1389 2567 ἥτις
1495 2513 1519 2552 9
1560 2506 1676 2553 κάπ’
1716 2506 1818 2564 ἴσης

147 2575 307 2617 scripsi
355 2563 647 2607 adsentiente
687 2564 987 2612 Buechelero:
1032 2570 1111 2612 καὶ
1149 2566 1218 2619 τίς
1253 2568 1282 2625 ἡ
1353 2568 1493 2624 iunge
1532 2568 1559 2624 ἡ
1602 2565 1678 2611 ἐπ’
1716 2565 1817 2622 ἴσης

146 2618 278 2722 χάρις
398 2626 452 2663 10
483 2624 870 2677 θαυμασιώτατον
902 2626 1205 2672 Marklandus
1337 2633 1389 2671 11
1424 2625 1593 2688 ῥᾷστον
1624 2625 1816 2682 Taylor:

181 2693 334 2733 ριστον
362 2680 367 2735 Ι
396 2679 486 2723 ἐστι
510 2681 546 2723 Ρ
640 2686 691 2724 12
724 2697 770 2725 τε
804 2684 897 2726 add
928 2685 987 2727 F2
1030 2702 1077 2729 τε
1108 2685 1136 2743 ἢ
1171 2686 1248 2730 Ga
1275 2687 1280 2743 Ι
1308 2684 1445 2743 λόγον
1477 2685 1554 2730 Ga
1650 2689 1703 2728 13
1735 2685 1817 2728 δυ-

147 2735 264 2793 ναμέ
281 2734 436 2793 μένοις
467 2739 501 2780 F
609 2745 661 2782 15
696 2738 755 2790 ὥς
785 2739 828 2783 τ’
858 2742 905 2784 Μ
947 2746 952 2799 Ι
995 2745 1120 2797 ἀξιοῖ
1146 2744 1174 2802 ἢ
1207 2745 1293 2788 FG
1394 2751 1446 2789 16
1479 2743 1507 2801 ἢ
1538 2742 1607 2795 τίς
1637 2743 1672 2786 F
1718 2742 1818 2800 ἥτις

147 2796 230 2839 ΒΡ
308 2797 312 2854 Ι
342 2795 507 2855 φθάνῃ
527 2797 566 2840 G
628 2804 680 2842 17
708 2800 1344 2860 δυσεκλαλήτων-σωμάτων
1362 2805 1488 2848 omP
1563 2807 1615 2846 19
1644 2801 1816 2846 ἕὲστινᾙἸ
1943 2805 1949 2842 ἔ

150 2859 205 2898 20
236 2856 402 2913 μελῶν]
433 2859 646 2913 μελισμοῦ
680 2857 756 2900 Gv
1944 2871 1949 2883 ⁸
