2004 3202
197 132 305 185 258
612 134 953 177 ΔΙοΝΤΣΙοΤ
983 133 1450 176 ΑΛΙΚΑΡΝΑΣΕῼΣ

197 267 291 321 ἵνα
324 267 330 336 Ι
365 266 397 336 ἢ
437 268 538 336 τὴν
576 267 743 332 δόξαν
779 269 850 337 ἣν
886 269 1156 338 πρότερον
1193 266 1356 330 αὐτὸς
1391 269 1552 337 ἔσχον
1582 266 1855 336 <ἀφείην>
1874 281 1956 321 ’121

198 359 431 426 βεβαίως
468 355 668 425 μαθὼν
705 357 789 410 ὅτι
826 363 1155 426 προτεροῦσι
1192 365 1303 408 τῶν
1340 354 1743 425 Δημοσθένους
1780 357 1871 408 λό-

197 465 314 512 γων
358 445 415 497 αἱ
445 443 854 515 Ἀριστοτέλους
898 442 1107 511 τέχναι,
1153 442 1186 510 ἢ
1233 444 1331 496 τὸν
1377 443 1550 506 οὕτως
1597 443 1872 511 ἐγνωκότα

197 532 289 586 καὶ
334 534 540 603 γράψαι
586 553 647 601 γε
691 529 1226 602 παρεσκευασμένον,
1271 530 1406 602 πρὶν
1451 533 1529 594 εἰς
1574 533 1742 600 ὄχλον
1788 530 1871 584 ἐκ-

153 640 175 673 5
203 624 400 676 δοῦναι
446 622 506 675 τὸ
554 621 857 689 σύνταγμα,
904 622 1229 688 μεταβαλεῖν
1265 621 1511 689 πείσαιμι
1548 621 1650 688 τὴν
1688 618 1872 684 δόξαν.

315 710 431 763 Οὐκ
474 709 759 778 ἐλαχίστην
797 707 864 760 δέ
896 728 991 780 μοι
1027 705 1118 760 καὶ
1158 708 1226 760 σὺ
1263 706 1540 778 παρέσχου
1579 709 1756 779 ῥοπὴν
1794 709 1874 771 εἰς

198 801 260 852 τὸ
314 801 386 868 μὴ
431 796 714 868 παρέργως
761 795 1002 860 ἐξετάσαι
1047 797 1148 864 τὴν
1194 795 1486 864 ἀλήθειαν,
1540 802 1873 867 παρακαλῶν

200 888 474 956 φανεροὺς
517 892 740 953 ποιῆσαι
784 886 914 946 τοὺς
959 886 1182 952 λόγους,
1237 877 1320 946 οἷς
1367 884 1602 954 ἐμαυτὸν
1645 884 1874 939 πέπεικα

198 973 600 1044 Δημοσθένους
630 972 960 1042 ἀκμάζοντος
990 974 1094 1041 ἤδη
1125 971 1217 1025 καὶ
1248 975 1378 1035 τοὺς
1410 972 1874 1043 ἐπιφανεστάτους

134 1082 177 1115 10
201 1064 479 1134 εἰρηκότος
525 1061 740 1129 ἀγῶνας
777 1063 899 1114 τότε
936 1061 1044 1114 ὑπὸ
1074 1059 1486 1132 Ἀριστοτέλους
1523 1063 1619 1125 τὰς
1658 1062 1872 1133 ῥητορι-

198 1153 296 1213 κὰς
340 1151 656 1221 γεγράφθαι
694 1149 900 1219 τέχνας.
978 1149 1184 1213 ἐδόκεις
1222 1148 1285 1202 τέ
1318 1171 1412 1219 μοι
1449 1149 1540 1203 καὶ
1579 1158 1741 1204 τοῦτο
1781 1150 1873 1221 ὀρ-

197 1245 315 1301 θῶς
351 1236 679 1311 παΙραινεῖν,
726 1239 797 1308 μὴ
838 1241 1080 1308 σημείοις
1130 1235 1266 1308 μηδὲ
1316 1240 1488 1292 εἰκόσι
1533 1237 1656 1308 μηδ’
1696 1238 1856 1292 ἀλλο-
1874 1251 1962 1292 722

198 1330 373 1398 τρίαις
403 1328 463 1380 τὸ
495 1335 717 1397 πρᾶγμα
747 1327 1130 1380 πιστώσασθαι
1160 1330 1502 1398 μαρτυρίαις,
1535 1327 1719 1396 ἐπειδὴ
1747 1327 1873 1381 τού-

198 1435 310 1468 των
363 1415 591 1484 οὐδεμία
643 1424 753 1469 τῶν
805 1418 1043 1468 πίστεων
1096 1414 1165 1468 δι’
1217 1415 1532 1483 ἀναγκαίων
1578 1417 1873 1483 συνάγεται

133 1523 176 1556 15
199 1504 514 1573 λημμάτων·
568 1502 684 1557 ἀλλ’
740 1503 909 1556 αὐτὸν
944 1502 1291 1574 Ἀριστοτέλη
1344 1502 1725 1574 παρασχέσθαι
1778 1505 1873 1557 διὰ

199 1601 310 1644 τῶν
357 1593 515 1645 ἰδίων
559 1601 767 1660 τεχνῶν
812 1591 1188 1660 ὁμολογοῦντα
1225 1589 1461 1660 τάληθὲς
1500 1591 1674 1655 οὕτως
1711 1594 1873 1661 ἔχειν.

200 1687 363 1733 τοῦτο
402 1680 469 1747 δὴ
508 1683 792 1749 πεποίηκα,
830 1679 1072 1747 βέλτιστε
1102 1678 1344 1749 Ἀμμαῖε,
1382 1688 1477 1749 τῆς
1514 1700 1570 1733 τε
1610 1679 1875 1749 ἀληθείας

200 1768 632 1838 προνοούμενος,
677 1767 748 1835 ἣν
794 1766 881 1820 ἐπὶ
926 1769 1130 1830 παντὸς
1177 1773 1360 1837 οἰόμαι
1401 1770 1520 1821 δεῖν
1556 1769 1873 1838 πράγματος

203 1854 566 1924 ἐξετάζεσθαι,
612 1854 702 1907 καὶ
747 1862 842 1923 τῆς
887 1855 1145 1908 ἁπάντων
1186 1865 1296 1909 τῶν
1333 1855 1460 1926 περὶ
1497 1859 1627 1919 τοὺς
1664 1861 1874 1910 πολιτι-

136 1964 179 1995 20
200 1945 332 2006 κοὺς
363 1946 562 2011 λόγους
595 1943 1012 1997 ἐσπουδακότων
1042 1945 1284 2014 χάριτος·
1324 1945 1417 1997 ἵνα
1446 1946 1519 2014 μὴ
1550 1944 1708 1998 τοῦθ’
1738 1946 1874 1998 ὑπο·

202 2033 461 2101 λάβωσιν,
502 2033 585 2085 ὅτι
621 2033 798 2085 πάντα
836 2036 1189 2103 περιείληφεν
1226 2033 1259 2101 ἡ
1294 2035 1684 2103 περιπατητικὴ
1717 2039 1874 2103 φιλο-

322 2226 344 2264 1
377 2219 405 2277 ἢ
425 2248 479 2253 -
498 2226 523 2264 3
551 2219 782 2278 ἐγνωκότα
805 2221 1031 2266 Lambino
1057 2224 1245 2266 auctore
1271 2221 1472 2266 edissores
1498 2221 1564 2266 sic
1587 2222 1874 2279 interpolata

204 2280 432 2323 dederunt
469 2279 497 2336 ἢ
537 2281 706 2336 μαθὼν
746 2280 815 2325 ὅτι
853 2288 1127 2337 προτεροῦσι
1156 2289 1247 2325 τῶν
1279 2279 1614 2353 Δημοσθένους
1644 2281 1791 2338 λόγων
1823 2281 1874 2326 αἱ

195 2336 523 2393 Ἀριστοτέλους
553 2337 732 2396 τέχναι,
773 2339 890 2384 ἑκὼν
929 2339 1243 2396 μεταδοξάσω·
1284 2338 1312 2396 ἢ
1345 2339 1621 2385 τούναντίον
1643 2339 1876 2415 φωράσας

202 2397 287 2453 τὴν
330 2397 473 2449 δόξαν
511 2396 569 2453 ἣν
609 2414 643 2440 π
674 2398 831 2454 ότερον
871 2399 1009 2449 αυτὸς
1050 2399 1181 2457 ἔσχον
1219 2400 1270 2457 βε
1304 2399 1453 2443 αιώσω
1493 2399 1572 2443 καὶ
1609 2399 1690 2444 τὸν
1730 2399 1875 2450 ἄλλως

204 2454 436 2510 ἐγνωκότα
557 2461 579 2499 1
615 2471 634 2499 ε
656 2474 739 2514 χον
771 2417 1122 2501 Ηθτπθῑᾶθῑιυεχ
1133 2460 1138 2516 Ι
1173 2459 1346 2532 ἀφειην
1377 2456 1590 2524 βεβαίως]
1623 2459 1874 2516 βεβαιωθῶ

203 2513 333 2556 MOs
401 2515 633 2571 βεβαιωτῶ
675 2516 756 2558 BP
825 2515 1019 2574 βεβαίως
1057 2515 1347 2573 μεταθοίμην
1377 2516 1576 2560 Weilius
1713 2522 1738 2559 2
1786 2533 1872 2572 μα-

204 2575 308 2616 θῶν
340 2572 420 2614 ΒΡ
539 2578 566 2616 4
599 2589 648 2628 γε
682 2588 722 2618 s:
754 2590 801 2617 τε
834 2575 943 2618 libri
1035 2581 1059 2619 6
1091 2574 1317 2651 παρέχου
1325 2575 1410 2619 ΒΡ
1533 2580 1555 2618 7
1587 2573 1800 2646 παρέργω
1834 2574 1871 2618 Ο

293 2635 319 2673 8
353 2630 590 2732 ἐμαυτῶν2
583 2631 641 2674 P¹
669 2634 674 2688 Ι
701 2630 887 2704 πέπηκα
912 2633 948 2678 O
1042 2639 1096 2678 10
1121 2633 1352 2693 ριτορικὰς
1374 2634 1423 2677 Μ
1515 2638 1566 2676 11
1584 2631 1659 2705 τέ]
1685 2631 1737 2677 δέ
1759 2633 1874 2677 Her-

205 2689 445 2732 werdenus
650 2689 752 2746 ηδὲ
778 2691 824 2733 Μ
885 2691 994 2748 μηδ’
1025 2708 1044 2736 s
1138 2699 1192 2737 13
1225 2693 1403 2750 ἐπειδη]
1430 2692 1528 2736 ἐπεὶ
1551 2689 1601 2735 δὲ
1630 2699 1764 2736 τοῦτο
1797 2692 1873 2749 ὀρ-

206 2751 325 2798 θῶς·
361 2747 458 2790 ἐπεὶ
490 2695 559 2791 ὃὲ1
566 2694 676 2791 εθᾶη
688 2749 858 2792 ἐπεὶ-
877 2751 1030 2805 ὀρθῶς
1061 2751 1246 2796 lineolis
1279 2751 1506 2808 adpositis
1540 2750 1716 2794 deleuit
1746 2751 1783 2794 B

209 2811 263 2850 14
310 2804 397 2863 δι’]
431 2805 701 2861 μαρτυρίαις
733 2806 795 2851 δι’
824 2809 895 2851 Μ1
1023 2816 1075 2854 16
1123 2812 1304 2867 τάληθῆ
1338 2810 1374 2854 Ο
1504 2814 1555 2852 17
1603 2816 1738 2854 τοῦτο
1769 2824 1873 2866 per-

205 2879 366 2921 peram
396 2864 537 2908 iterat
560 2866 596 2907 B
625 2867 630 2924 Ι
657 2864 696 2908 τ’
719 2881 741 2908 r
832 2872 886 2910 20
917 2867 1120 2927 χάριτος]
1152 2868 1309 2927 χρείας
1339 2868 1647 2924 Kiesslingius
1677 2870 1682 2925 Ι
1710 2867 1872 2927 τοῦθ’]

205 2922 344 2968 τοῦθ’
371 2924 486 2979 ὑπερ
518 2925 576 2967 Ρ1
