2004 3202
293 104 568 147 TABVLAE
602 104 882 146 CRITIOAE
915 103 1271 147 ORATIONVM
1302 103 1646 145 ATTICARVM
1699 101 1808 155 295

250 237 455 298 Ττεὺῑαθ,
493 235 651 280 uerbis
698 235 850 280 lucem
897 234 1092 279 adhibet
1130 234 1437 292 Hermogenis
1483 234 1807 279 testimonium

130 310 236 366 περὶ
274 310 411 354 ἰδεῶν
441 309 486 354 II
510 314 537 352 3
567 325 599 366 p
624 314 724 365 308,
751 314 807 354 14
822 309 897 353 W.
934 308 1147 354 τοιοῦτόν
1186 307 1281 352 ἐστι
1317 308 1398 352 καὶ
1428 308 1479 352 τὸ
1512 307 1564 353 ἐν
1594 313 1656 367 τῷ
1687 308 1808 353 κατὰ

132 381 342 440 Νεαίρας
373 381 679 442 ὠβελισμὲνον
710 383 801 428 ὑπό
832 400 972 428 τινων
1001 383 1053 428 τὸ
1088 382 1200 427 *ἀπὸ
1227 390 1366 439 τριῶν
1393 380 1701 439 τρυπημάτων
1723 382 1808 439 τὴν

130 455 352 514 ἐργασίαν
382 458 690 515 πεποιῆσθαι’
725 456 888 515 λέγειν.
944 456 1051 502 λίαν
1074 456 1161 515 γὰρ
1187 454 1363 508 εὐτελές
1387 456 1494 513 ἐστι,
1524 457 1605 502 καὶ
1630 457 1671 500 εἰ
1695 471 1808 514 σφο-

130 532 245 588 δρὸν
285 528 409 577 εἶναι
448 533 599 576 δοκεῖε
639 531 689 575 in
727 531 951 589 exemplis
983 531 1155 576 nostris
1194 530 1280 574 illa
1317 530 1544 575 iam-’non
1574 530 1805 588 leguntur.

131 606 187 651 de
219 605 426 663 Antiopa
456 605 626 662 Lysiae
657 620 751 650 non
782 608 982 662 constat,
1023 605 1074 650 cf
1099 604 1332 662 Sauppius
1365 619 1428 649 or.
1454 606 1552 649 Att.
1578 605 1621 648 Π
1650 621 1681 662 p
1706 609 1805 648 212.

926 695 1012 739 XII

39 801 96 840 24
236 785 659 838 HARPOCRATIO
699 805 733 854 p
770 787 853 854 72,
888 787 953 837 11
995 788 1110 838 ἔστι
1149 783 1210 838 δὲ
1248 784 1339 838 καὶ
1379 788 1540 854 λόγος
1578 804 1660 847 τις
1692 783 1805 837 ε’πι-

127 876 476 943 γραφόμενος
508 872 932 942 (Δημοσθένους
967 874 1105 944 πρὸς
1142 877 1380 944 Κριτίαν
1416 871 1542 943 περὶ
1581 880 1681 926 τοῦ
1721 871 1806 925 ε’ν-

127 962 564 1031 επισκήμματος’,
603 961 670 1014 ὃν
708 965 1059 1031 Καλλίμαχος
1089 958 1190 1031 μὲν
1222 961 1528 1031 ἀναγράφει
1566 962 1639 1023 ὡς
1675 963 1806 1029 γνή-

127 1064 268 1118 σιον,
300 1051 604 1112 Διονύσιος
635 1047 695 1102 δὲ
727 1050 756 1104 ὁ
779 1048 1203 1120 Ἁλικαρνασεὺς
1234 1051 1307 1113 ὡς
1337 1051 1804 1119 ψευδεπίγραφον.

12 1209 26 1258 ἴ
914 1210 1021 1253 XIII

0 1293 92 1372 3225
236 1301 550 1354 DIONYSIVS
600 1301 662 1353 de
709 1301 859 1354 Dem.
898 1302 971 1354 44
1024 1321 1058 1370 p
1100 1301 1229 1370 228,
1272 1302 1339 1354 16
1392 1301 1803 1369 πανηγυρικοὺς
1848 1318 1869 1351 5

12 1378 30 1445 [-
122 1386 224 1458 μὲν
286 1386 390 1443 οὖν
451 1392 652 1458 λόγους
714 1390 815 1443 οὐκ
876 1392 1072 1459 ἔχομεν
1124 1390 1296 1443 αὐτοῦ
1351 1386 1802 1461 (Δημοσθένους)

120 1477 515 1547 παρασχέσθαι.
587 1479 796 1541 πάντας
834 1480 938 1548 γὰρ
980 1481 1149 1546 ἔγωγε
1187 1480 1317 1541 τοὺς
1355 1476 1803 1548 ἀναφερομένους

123 1567 200 1628 εἰς
255 1566 425 1619 αὐτὸν
478 1566 804 1638 ἀλλοτρίους
854 1564 996 1620 εἶναι
1042 1571 1307 1637 πείθομαι
1352 1566 1443 1620 καὶ
1491 1563 1621 1620 οὐδὲ
1666 1568 1803 1619 κατὰ

122 1655 321 1724 μικρὸν
375 1658 598 1724 ἔχοντας
651 1658 750 1710 τὸν
804 1656 1019 1710 ἐκείνου
1065 1663 1375 1727 χαρακτῆρα
1422 1654 1534 1709 οὔτ’
1581 1655 1642 1708 ἐν
1687 1664 1802 1717 τοῖς

120 1745 392 1812 νοήμασιν
438 1743 587 1813 (οὔτ’
634 1744 695 1798 ἐν
739 1754 855 1808 τοῖς
902 1745 1192 1815 ὀνόμασι),
1238 1752 1334 1813 τῆς
1380 1742 1441 1798 δὲ
1488 1743 1802 1807 συνθέσεως
1826 1765 1868 1796 10

121 1832 230 1903 ὅλῳ
268 1831 359 1885 καὶ
398 1840 472 1905 τςῖ
510 1832 675 1886 παντὶ
713 1833 1085 1903 λειπομένους.
1148 1829 1227 1886 ὧν
1267 1833 1416 1886 ἐστιν
1455 1834 1484 1887 ὅ
1522 1854 1580 1886 τε
1611 1853 1802 1903 φορτι-

12 1920 29 1983 ἦ
119 1921 214 1982 κὸς
260 1920 351 1973 καὶ
397 1925 553 1984 κενὸς
598 1920 689 1974 καὶ
731 1923 1108 1992 παιδαριώδης
1148 1922 1434 1991 ἐπιτάφιος
1471 1921 1561 1975 καὶ
1599 1924 1661 1976 τὸ
1701 1931 1800 1976 τοῦ

121 2018 447 2077 σοφιστικοῦ
508 2012 683 2080 λήρου
743 2012 944 2079 μεστὸν
1000 2011 1271 2080 ἐγκώμιον
1324 2013 1402 2073 εἰς
1455 2014 1799 2064 Παυσανίαν.

118 2099 215 2160 τὰς
270 2096 330 2151 δὲ
383 2097 509 2168 περὶ
563 2099 775 2151 τούτων
829 2099 1132 2164 ἀποδείξεις
1180 2099 1280 2168 οὐχ
1327 2095 1487 2161 οὗτος
1535 2099 1563 2153 ὁ
1610 2100 1800 2169 καιρὸς

19 2203 31 2237 π
120 2186 315 2255 λέγειν.
906 2183 910 2187 ’
1822 2207 1864 2239 15

20 2278 25 2282 ’
230 2276 371 2328 idem
418 2276 544 2328 ibid.
578 2276 648 2327 23
695 2296 729 2345 p
767 2277 893 2344 180,
930 2277 995 2328 13
1046 2284 1246 2328 τοῦτον
1292 2276 1359 2343 δὴ
1406 2280 1799 2346 παραλήψομαι

0 2362 36 2492 ζ
119 2364 218 2416 τὸν
255 2366 426 2432 λόγον
466 2362 589 2434 (τὸν
629 2363 689 2417 ἐν
727 2372 803 2436 τῷ
834 2363 1125 2435 Μενεξένῳ
1166 2363 1500 2436 ἐπιτάφιον),
1539 2363 1630 2417 καὶ
1664 2364 1791 2435 παρ’

0 2462 32 2549 ἒ
118 2452 289 2505 αὐτὸν
330 2452 558 2517 ἐξετάσω
598 2452 1002 2522 Δημοσθένους
1042 2452 1211 2517 λέξεις
1248 2454 1419 2521 τινάς,
1459 2453 1561 2506 οὐκ
1600 2453 1658 2506 ἐκ
1699 2462 1798 2507 τοῦ

17 2549 32 2585 t
117 2539 505 2610 <ἐπιταφίου>·
550 2549 751 2594 τοῦτον
797 2539 898 2611 μὲν
943 2543 1048 2611 γὰρ
1095 2541 1196 2611 οὐχ
1240 2542 1479 2611 ἡγοῦμαι
1525 2542 1617 2596 ὑπ’
1665 2542 1798 2596 ἐκεί-

118 2647 222 2681 νου
260 2637 361 2682 τοῦ
401 2629 605 2699 ἀνδρὸς
644 2631 976 2699 γεγράφθαι.
1819 2652 1861 2683 20

227 2716 503 2770 LIBANIVS
535 2718 737 2788 proleg.
770 2718 1045 2771 Demosth.
1069 2738 1103 2788 p
1122 2722 1154 2773 6
1171 2718 1379 2771 Reiskii
1403 2719 1798 2782 ἐπιδεικτικοὺς

120 2802 179 2857 δὲ
227 2806 327 2858 οὐκ
373 2808 568 2875 ἔχομεν
613 2806 784 2860 αὐτοῦ
831 2810 1044 2875 λόγους.
1127 2810 1259 2870 τοὺς
1305 2810 1408 2878 γὰρ
1456 2808 1797 2878 φερομένους

120 2892 186 2944 οὐ
224 2894 545 2948 πιστευτέον
584 2892 725 2949 εἶναι
766 2895 1192 2966 Δημοσθένους,
1232 2898 1331 2950 τὸν
1370 2897 1661 2966 ἐπιτάφιον
1705 2895 1796 2949 καὶ
