2004 3202
754 169 1175 212 ΔΗΜΟΣΘΕΝΗΣ
1699 170 1803 222 129

32 318 117 360 954
143 302 500 371 ἀντήλλαξαν
538 310 601 373 τῇ
643 304 939 357 δικαιώσει.
1007 305 1179 372 τόλμα
1218 299 1318 371 μὲν
1363 305 1467 373 γὰρ
1517 303 1804 371 ἀλόγιστος

121 392 320 462 ἀνδρία
375 390 691 461 φιλέταιρος
747 391 1040 461 ἐνομίσθη,
1090 390 1353 461 μέλλησις
1403 389 1464 444 δὲ
1513 394 1804 461 προμηθὴς

122 483 299 534 δειλία
323 480 610 550 εὐπρεπής,
643 482 703 533 τὸ
730 478 790 533 δὲ
816 491 1044 551 σῶφρον
1066 488 1166 534 τοῦ
1190 479 1472 550 ἀνάνδρου
1503 483 1804 550 πρόσχημα.

119 568 209 622 καὶ
257 570 317 621 τὸ
356 570 494 639 πρὸς
541 570 687 622 ἅπαν
734 569 961 633 ξυνετὸν
1009 569 1208 623 ἐπίπαν
1255 558 1452 639 ἀργόν,
1507 570 1567 622 τὸ
1617 568 1668 622 δ’
1718 569 1806 638 ἐμ-

119 660 368 726 πλήκτως
409 656 503 721 ὀξὺ
545 657 748 728 ἀνδρὸς
787 662 953 729 μοίρᾳ
983 656 1308 727 προσετέθη,
1348 657 1619 727 ἀσφάλεια
1651 656 1711 711 δὲ
1743 660 1803 711 τὸ
1851 678 1872 710 5

120 745 641 815 ἐπιβουλεύσασθαι,
682 746 994 816 ἀποτροπῆς
1033 749 1309 816 πρόφασις
1341 747 1582 814 εὔλογος.
1643 746 1732 799 καὶ
1775 747 1802 800 ὁ

118 833 220 905 μὲν
274 838 620 904 χαλεπαίνων
681 837 872 898 πιστὸς
927 835 1037 902 ἀεί,
1101 835 1128 889 ὁ
1185 833 1244 888 δὲ
1300 835 1602 904 ἀντιλέγων
1657 836 1805 907 αὐτῷ

117 924 374 986 ὕποπτος.
445 923 839 992 ἐπιβουλεύσας
879 922 945 976 δέ
986 944 1068 986 τις
1115 925 1298 992 τυχών
1317 917 1427 1008 [τε]
1447 922 1668 987 ξυνετὸς
1713 923 1804 977 καὶ

117 1013 432 1081 ὑπονοήσας
494 1015 572 1065 ἔτι
633 1014 955 1083 δεινότερος.
1040 1013 1455 1081 προβουλεύσας
1509 1012 1597 1080 δέ,
1660 1013 1806 1076 ὅπως

118 1099 290 1170 μηδὲν
330 1101 477 1173 αὐτῷ
518 1102 718 1169 δεήσει,
758 1109 852 1169 τῆς
886 1121 942 1154 τε
976 1099 1216 1171 ἑταιρίας
1257 1102 1516 1169 διαλυτὴς
1554 1100 1643 1154 καὶ
1675 1104 1804 1164 τοὺς
1830 1122 1872 1153 ιο

120 1189 404 1253 ἐναντίους
460 1189 910 1259 ἐκπεπληγμένος.
996 1190 1180 1253 ἁπλῶς
1233 1187 1293 1242 δὲ
1348 1190 1376 1243 ὁ
1433 1191 1654 1258 φθάσας
1707 1192 1806 1242 τὸν

117 1278 386 1347 μέλλοντα
439 1281 609 1331 κακόν
654 1298 707 1330 τι
756 1279 897 1348 δρᾶν
944 1277 1194 1348 ἐπῃνεῖτο
1241 1276 1329 1330 καὶ
1379 1278 1406 1331 ὁ
1456 1277 1805 1342 ἐπικελεύσας

116 1369 214 1420 τὸν
253 1368 325 1436 μὴ
366 1368 783 1436 διανοούμενον.
861 1365 950 1419 καὶ
998 1367 1108 1435 μὴν
1155 1365 1244 1419 καὶ
1292 1368 1351 1419 τὸ
1400 1365 1656 1435 ξυγγενὲς
1706 1375 1804 1421 τοῦ

117 1454 395 1526 ἑταιρικοῦ
435 1455 872 1526 ἀλλοτριώτερον
919 1455 1156 1523 ἐγένετο,
1208 1457 1301 1508 διὰ
1347 1457 1408 1508 τὸ
1458 1454 1806 1526 ἑτοιμότερον

0 1532 112 1599 ⁷955
140 1541 280 1597 εἶναι
322 1545 762 1614 ἀπροφασίστως
801 1548 1022 1612 τολμᾶν.
1095 1544 1160 1596 οὐ
1208 1546 1312 1614 γάρ
1364 1546 1495 1613 μετὰ
1542 1554 1653 1596 τῶν
1698 1565 1805 1597 κει-
1832 1563 1874 1596 15

116 1631 298 1702 μένων
330 1636 518 1702 νόμων
550 1634 816 1702 ὠφελείας
848 1635 904 1686 αἱ
935 1641 1183 1686 τοιαῦται
1218 1632 1459 1701 ξύνοδοι,
1493 1633 1630 1686 ἀλλά
1659 1635 1805 1702 παρὰ

116 1724 246 1783 τοὺς
283 1728 631 1784 καθεστῶτας
669 1720 970 1792 πλεονεξίᾳ.
1041 1720 1130 1774 καὶ
1171 1723 1266 1783 τὰς
1314 1720 1367 1783 ἐς
1414 1729 1556 1790 σφᾶς
1604 1720 1804 1783 αὐτοὺς

116 1813 324 1883 πίστεις
364 1809 430 1863 οὐ
470 1817 545 1882 τῷ
591 1813 730 1882 θείῳ
782 1809 871 1862 καὶ
919 1813 1131 1882 νομίμῳ
1181 1794 1392 1878 μᾶλλον
1440 1808 1804 1879 ἐκρατύνοντο

117 1898 148 1966 ἢ
190 1905 265 1970 τῷ
305 1907 462 1969 κοινῇ
503 1918 555 1951 τι
594 1906 1003 1968 παρανομῆσαι·
1043 1899 1109 1951 τά
1148 1918 1204 1951 τε
1245 1898 1349 1951 ἀπὸ
1390 1907 1501 1950 τῶν
1540 1897 1806 1951 ἐναντίων

114 1991 292 2049 καλῶς
318 1989 583 2056 λεγόμενα
608 1986 924 2055 ἐνεδέχοντο
950 1989 1130 2057 ἔργων
1155 1991 1390 2057 φυλακῇ,
1417 1988 1463 2039 εἰ
1487 1988 1804 2055 προῦχοιεν,
1831 2008 1873 2039 20

116 2074 205 2128 καὶ
253 2075 319 2128 οὐ
375 2077 733 2143 γενναιότητι.
812 2075 1361 2144 ἀντιτιμωρήσασθαί
1401 2073 1464 2126 τέ
1505 2094 1629 2127 τινα
1678 2074 1803 2144 περὶ

115 2166 370 2226 πλείονος
409 2160 478 2231 ἧν
516 2163 548 2231 ἢ
590 2163 760 2216 αὐτὸν
798 2164 869 2232 μὴ
908 2169 1235 2233 προπαθεῖν.
1305 2162 1394 2215 καὶ
1427 2164 1580 2233 ὅρκοι
1615 2169 1803 2216 εἵπου

115 2254 221 2321 ἄρα
253 2251 504 2320 γένοιντο
539 2251 895 2319 ξυναλλαγῆς,
929 2251 988 2304 ἐν
1012 2258 1087 2323 τῷ
1112 2251 1306 2304 αὐτίκα
1336 2253 1475 2322 πρὸς
1503 2253 1562 2304 τὸ
1590 2253 1801 2321 ἄπορον

118 2331 351 2412 ἑκατέρῳ
407 2342 688 2409 διδόμενοι
742 2345 937 2408 ἴσχυον
983 2340 1083 2393 οὐκ
1131 2329 1370 2408 ἐχόντων
1418 2342 1660 2393 ἄλλοθεν
1709 2342 1804 2393 δύ’

239 2506 260 2544 1
288 2499 564 2553 ἀντίλλαξαν
582 2502 617 2543 P
710 2506 734 2542 2
770 2497 1059 2554 φιλαίταιρος
1083 2513 1184 2543 corr
1208 2499 1258 2543 in
1283 2497 1546 2555 φιλέταιρος
1571 2501 1606 2543 Ρ
1634 2501 1639 2558 Ι
1670 2500 1801 2544 §vvo-

117 2557 262 2616 μίσθη
280 2560 316 2603 Ρ
389 2565 415 2603 3
441 2559 683 2617 πρόσχημα
700 2566 782 2603 τοῦ
800 2557 1041 2613 ἀνάνδρου
1056 2563 1097 2602 Δ
1113 2573 1143 2615 p
1157 2563 1243 2603 808
1321 2564 1349 2602 4
1371 2559 1422 2603 τὸ
1442 2558 1554 2609 εἰς
1524 2574 1653 2603 απαν
1670 2560 1801 2612 ξυνε-

115 2619 197 2663 τὸν
215 2618 394 2662 ibidem
410 2624 451 2663 A
528 2624 553 2663 5
575 2620 670 2675 ἀσφ
674 2616 852 2677 αλείᾳκ
824 2620 864 2662 Θ
888 2617 997 2661 libri
1018 2617 1191 2674 partim
1267 2623 1292 2662 9
1314 2616 1632 2673 ὃεικονότερος
1648 2619 1683 2662 Ρ

120 2683 174 2722 10
200 2679 353 2722 αὐτῶν
374 2680 414 2723 Θ
442 2678 447 2737 Ι
475 2693 522 2722 τε
548 2692 623 2722 om
649 2682 690 2722 A
714 2693 743 2734 p
762 2664 845 2721 889
875 2680 880 2733 Ι
908 2677 1124 2750 διαλύτης
1145 2678 1180 2720 Ρ
1267 2682 1317 2721 11
1346 2675 1747 2750 ἐκπεπληγμένους
1766 2678 1800 2720 Β

241 2741 293 2780 13
320 2725 589 2811 ξυνεγγενὲς
612 2737 647 2780 Ρ
673 2750 774 2780 corr
798 2736 848 2779 in
872 2733 1085 2792 ξυγγενες
1171 2741 1222 2780 15
1248 2734 1628 2792 ἀπροφασείστως
1649 2737 1683 2779 Ρ

123 2800 176 2838 16
205 2794 406 2851 ὠφελίας
427 2798 466 2840 Θ
551 2801 604 2839 17
632 2796 696 2847 εἰς
720 2796 812 2838 ΜΡ
899 2799 953 2839 18
976 2799 1038 2854 τῷ
1062 2793 1179 2852 θείῳ
1206 2795 1330 2855 νόμῳ
1351 2798 1390 2840 Θ
1418 2798 1423 2851 Ι
1453 2794 1748 2850 ἐκρατίνοντο
1771 2796 1801 2837 Ρ

239 2859 295 2898 20
335 2855 377 2899 εἰ
414 2855 561 2912 προῦχ
566 2871 662 2899 οιεν
688 2855 756 2898 M:
799 2854 906 2898 εἰπα
939 2854 1021 2911 οὔχ
1025 2869 1123 2898 οιεν
1147 2842 1182 2897 Β
1240 2855 1280 2898 εἰ
1314 2870 1410 2905 πως
1442 2854 1524 2911 οὔχ
1528 2870 1625 2898 οιεν
1651 2855 1686 2897 Ρ

123 2916 175 2954 21
209 2872 623 2984 ἀντιμωρήσασθαί
654 2914 690 2957 Ρ
811 2918 865 2956 22
899 2908 976 2986 ἦν]
1014 2908 1041 2969 ἦ
1073 2914 1109 2956 Ρ
1152 2917 1156 2970 Ι
1200 2912 1226 2970 ἢ
1262 2928 1337 2957 om
1369 2913 1450 2956 ΡΒ
1573 2918 1627 2955 24
1661 2912 1802 2955 uerba

122 2967 387 3031 ἑκατέρῳ-
398 2971 599 3017 ἄλλοθεν
632 2986 708 3016 om
739 2973 774 3015 P
818 2976 822 3029 Ι
867 2973 1067 3017 ἀλλοθεν
1091 2972 1128 3015 Β

209 3053 416 3086 Di.onE
1512 3050 1536 3087 9
