2004 3202
208 119 316 171 272
620 120 960 164 ΔΙοΝΤΣΙοΤ
990 120 1458 163 ΑΛΙΚΑΡΝΑΣΕΩΣ
1954 0 2000 207 Ἰ

201 274 309 307 νυν
346 252 635 323 μέλλοντες
673 252 774 324 μὲν
802 255 1178 323 ὑπισχνεῖσθε,
1215 257 1491 318 παθόντες
1522 251 1583 308 δὲ
1614 252 1879 327 ἀφαιρεῖΙ-

202 348 321 396 σθε.
389 342 479 396 καὶ
517 344 684 396 πάλιν
720 344 857 414 πρὸς
895 344 955 395 τὸ
996 343 1089 395 διὰ
1131 346 1390 411 Θηβαίων
1429 342 1629 396 διὶέναι
1665 346 1862 397 Φίλιπ-
1881 361 1966 401 740

202 449 313 484 πον
350 433 428 494 εἰς
465 432 566 500 τὴν
597 430 861 499 Ἀττικήν,
902 431 985 483 ὅτι
1024 432 1072 484 εἰ
1101 429 1236 501 πρὶν
1266 434 1540 500 βοηθῆσαι
1571 431 1720 501 <εἰς>
1757 435 1878 485 Φω-

202 528 314 582 κεῖς
344 519 519 588 ἠξίου,
549 519 851 588 ὑπέσχοντο
884 520 974 571 ἄν·
1015 520 1221 572 ἄτοπον
1252 515 1355 572 οὖν
1386 521 1450 588 εἰ,
1483 521 1625 573 διότι
1655 530 1876 591 προεῖτο

159 606 292 661 ὁκαὶ
332 607 664 675 ἐπίστευσεν,
703 608 774 676 μὴ
814 607 1139 675 διήσουσιν.’
1200 607 1229 660 ὁ
1270 604 1331 660 δὲ
1367 610 1566 678 χρόνος
1601 605 1777 677 οὗτος,
1817 609 1878 662 ε’ν

204 689 247 767 ᾧ
297 699 569 757 Φίλιππος
621 695 779 763 ἠξίου
829 698 1106 763 Θηβαίους
1159 694 1247 748 ε’πὶ
1295 696 1397 764 τὴν
1434 694 1683 765 Ἀττικὴν
1728 698 1877 769 αὑτῷ

202 785 398 837 δοῦναι
446 785 638 836 δίοδον
675 775 1107 852 ὑπομιμνήσκων
1145 791 1239 851 τῆς
1279 783 1338 837 ἐν
1375 791 1451 856 τῷ
1487 786 1624 855 πρὸς
1667 790 1876 848 Φωκεῖς

200 871 416 944 πολέμῳ
471 871 765 941 γενομένης
811 874 1098 942 βοηθείας,
1155 872 1212 924 ἐκ
1258 880 1352 940 τῆς
1397 881 1585 941 κοινῆς
1629 877 1875 941 γίγνεται

110 995 112 997 v
200 962 439 1031 φανερὸς
466 962 720 1031 ἱστορίας.
775 956 883 1030 εἶχε
914 962 1018 1031 γὰρ
1051 960 1244 1023 οὕτως·
1277 963 1408 1030 μετὰ
1439 962 1540 1029 τὴν
1563 960 1874 1015 Ὀλυνθίων

134 1072 178 1103 10
201 1051 408 1102 ἅλωσιν
467 1050 730 1119 ἄρχοντος
796 1049 1225 1118 Θεμιστοκλέους
1286 1056 1562 1118 συνθῆκαι
1619 1053 1874 1122 Φιλίππῳ

197 1139 334 1207 πρὸς
364 1137 697 1206 Ἀθηναίους
736 1137 990 1206 ἐγένοντο
1029 1137 1154 1209 περὶ
1195 1141 1384 1207 φιλίας
1421 1138 1512 1192 καὶ
1549 1142 1875 1208 συμμαχίας·

198 1222 358 1278 αὗται
403 1225 684 1295 διέμειναν
723 1225 947 1294 ἑπταετῆ
987 1229 1192 1296 χρόνον
1231 1229 1357 1297 ἄχρι
1395 1228 1739 1296 Νικομάχου·
1787 1225 1875 1279 ἐπὶ

197 1311 259 1366 δὲ
300 1315 659 1385 Θεοφράστου
701 1323 800 1368 τοῦ
839 1317 972 1384 μετὰ
1010 1317 1333 1384 Νικόμαχον
1372 1314 1635 1385 ἄρξαντος
1675 1314 1875 1384 ἐλύθη-

198 1417 318 1471 σαν,
353 1401 667 1471 Ἀθηναίων
705 1400 806 1472 μὲν
849 1407 1129 1456 Φίλιππον
1168 1403 1508 1472 αἰτιωμένων
1547 1405 1736 1474 ἄρχειν
1773 1411 1872 1456 τοῦ

133 1512 172 1545 15
195 1495 461 1560 πολέμου,
521 1494 802 1545 Φιλίππου
857 1489 917 1544 δὲ
956 1491 1272 1560 Ἀθηναίοις
1319 1491 1694 1559 ἐγκαλοῦντος.
1777 1494 1873 1554 τὰς

198 1576 259 1631 δὲ
299 1581 474 1641 αἰτίας
513 1578 583 1632 δι’
627 1580 633 1649 Ι
669 1580 731 1642 ἃς
770 1582 846 1643 εἰς
883 1581 982 1633 τὸν
1019 1582 1260 1648 πόλεμον
1290 1579 1625 1647 κατέστησαν
1657 1580 1959 1635 ἀδικεῖ-,741

199 1673 334 1720 σθαι
380 1667 630 1735 λέγοντες
676 1668 1000 1738 ἀμφότεροι,
1046 1667 1136 1720 καὶ
1182 1669 1280 1720 τὸν
1325 1669 1529 1738 χρόνον
1576 1668 1636 1720 ἐν
1684 1661 1726 1740 ᾧ
1771 1670 1872 1737 τὴν

198 1757 424 1824 εἰρήνην
469 1758 672 1809 ἔλυσαν
718 1756 955 1826 ἀκριβῶς
1001 1758 1159 1824 δηλοῖ
1202 1758 1505 1826 Φιλόχορος
1545 1755 1605 1809 ἐν
1642 1765 1706 1827 τῇ
1746 1754 1871 1827 ἕκτῃ

197 1851 291 1911 τῆς
322 1842 575 1907 Ἀτθίδος
618 1845 819 1917 βύβλῳ.
894 1848 1050 1913 θήσω
1093 1844 1139 1897 δ’
1181 1845 1233 1909 ἐξ
1274 1845 1439 1912 αὐτῆς
1477 1846 1543 1897 τὰ
1581 1844 1873 1913 ἀναγκαιό-

131 1952 175 1985 20
197 1949 351 1984 τατα·
398 1933 771 2003 (Θεόφραστος
802 1932 1068 1995 Ἁλαιεύς;
1117 1932 1203 1986 ἐπὶ
1249 1934 1451 1986 τούτου
1493 1936 1764 1996 Φίλιππος
1809 1935 1870 1986 τὸ

197 2017 299 2088 μὲν
349 2030 567 2091 πρῶτον
620 2022 963 2084 ἀναπλεύσας
1009 2025 1273 2094 Περίνθῳ
1323 2020 1685 2092 προσέβαλεν,
1740 2022 1872 2075 ἄπο-

197 2110 378 2178 τυχὼν
426 2108 472 2162 δ’
513 2109 775 2163 ἐντεῦθεν
814 2112 1119 2175 Βυζάντιον
1159 2110 1467 2180 ἐπολιόρκει
1505 2109 1594 2162 καὶ
1633 2113 1871 2180 μηχανή-

316 2229 371 2267 20
403 2224 705 2269 Philochorus
737 2225 779 2268 fr
805 2231 887 2269 135
920 2225 1060 2282 (FHG
1083 2227 1104 2269 I
1135 2241 1166 2282 Ρ
1190 2229 1294 2283 406)

317 2333 340 2370 1
389 2343 472 2383 μεν
513 2325 598 2384 <εὖ
630 2327 858 2402 πάσχειν)
898 2330 940 2373 ci
974 2329 1196 2373 Morellus
1250 2332 1256 2387 Ι
1305 2327 1652 2387 ὑπισχνείτεσθε
1685 2328 1721 2370 Β
1782 2329 1869 2372 ὑπ-

201 2390 506 2443 ισχνεῖτεσθαι
528 2387 564 2429 Ρ
593 2388 598 2442 Ι
625 2387 861 2439 παθόντες
891 2390 1191 2445 δϊαφερεῖσθε
1215 2390 1282 2444 (αι
1304 2403 1388 2445 pro
1413 2403 1434 2431 ε
1464 2390 1558 2444 mg)
1589 2388 1625 2430 P
1653 2388 1658 2445 Ι
1687 2385 1729 2430 δ’
1761 2401 1780 2430 s

203 2450 225 2487 1
260 2449 284 2487 2
326 2445 633 2500 ἀφαιρεῖσθαι
663 2447 700 2488 Β
820 2452 845 2490 2
886 2448 1001 2503 πρὸς
1030 2447 1081 2491 τὸ
1117 2446 1353 2521 Θηβαίους
1384 2444 1555 2491 διεῖναι
1585 2446 1626 2488 Α
1746 2451 1770 2488 3
1805 2445 1870 2496 εἰς

199 2517 258 2547 ex
288 2504 329 2544 A
361 2503 597 2558 suppleuit
629 2505 857 2576 Sauppius
983 2512 1011 2549 4
1060 2506 1101 2550 εἰ
1131 2505 1251 2550 διότι
1282 2507 1374 2549 As:
1408 2506 1449 2549 εἰ
1479 2505 1609 2549 δόντι
1639 2504 1750 2547 libri

200 2567 227 2604 5
262 2560 519 2605 ἐπίστευσεν
544 2564 605 2607 A:
639 2561 904 2609 διέσπευσεν
934 2565 1046 2609 libri
1074 2567 1079 2622 Ι
1108 2565 1347 2621 διήσουσιν
1370 2565 1431 2609 A:
1464 2565 1689 2607 δώσουσιν
1720 2562 1831 2606 libri
1858 2563 1862 2620 Ι

198 2623 306 2679 post
346 2621 569 2665 δώσουσιν
600 2621 851 2666 fenestram
881 2624 988 2667 XIII
1018 2624 1099 2668 litt
1129 2624 1197 2680 M,
1236 2624 1364 2667 XXV
1397 2623 1432 2667 O
1466 2621 1707 2666 exhibent:
1747 2621 1868 2665 nihil

200 2681 360 2723 deesse
391 2679 627 2735 perspexit
659 2680 864 2724 Sadaeus
894 2698 925 2738 Ρ
951 2687 1004 2726 67
1109 2688 1133 2727 6
1158 2681 1381 2757 θηβαίοις
1410 2681 1493 2724 ΒΡ
1521 2683 1526 2737 Ι
1554 2682 1676 2724 αὐτῶ
1704 2679 1866 2723 BOPs

319 2743 342 2780 7
375 2738 756 2813 ὑπερμιμνήσκων
787 2740 818 2781 11
938 2746 964 2783 8
996 2749 1154 2799 κοικῆς
1177 2742 1213 2784 Ρ
1241 2750 1245 2792 Ι
1273 2740 1448 2799 γίνεται
1479 2755 1498 2782 S
1613 2744 1667 2782 10
1715 2742 1866 2796 συνθῆ

201 2798 281 2842 καὶ
296 2797 378 2839 ΒΡ
455 2802 508 2839 12
531 2793 669 2840 αὗται
685 2796 735 2840 δὲ
755 2797 870 2854 διέμ.
891 2798 1049 2856 ἑπτετῆ
1070 2801 1403 2844 Herwerdenus
1468 2804 1520 2841 13
1539 2796 1814 2854 θοφράστου
1831 2798 1866 2840 Ρ

320 2860 373 2899 15
406 2857 455 2899 et.
487 2861 538 2900 16
587 2854 630 2899 δ’
659 2871 681 2898 1·
773 2862 826 2899 19
857 2864 936 2914 τῆς
968 2872 1042 2901 om
1075 2874 1094 2902 s
1138 2861 1142 2915 Ι
1185 2859 1335 2917 βύβλω
1366 2858 1469 2901 BP:
1502 2855 1640 2914 βίβλω
1672 2856 1782 2912 ΜΟ,
1809 2871 1828 2900 s
1858 2858 1862 2915 Ι

201 2913 251 2959 δὲ
285 2930 304 2959 s
433 2918 488 2958 20
519 2916 730 2966 ἀλλαιεύς
760 2915 890 2961 libri:
924 2931 1024 2960 corr
1056 2918 1285 2974 Sauppius
1313 2918 1319 2974 Ι
1346 2916 1536 2967 τούτους
1566 2916 1601 2959 Ρ

1992 606 1998 662 ἑ
