2004 3202
90 1081 130 1112 10

91 1962 133 1994 20

152 133 262 186 204
581 93 922 178 ΔΙοΝΤΣΙοΤ
953 132 1419 181 ΑΛιΚΑΡΝΑΣΕΩΣ
1979 102 2004 301 ΙΙ

153 269 354 338 ὁμοίως
383 267 678 339 παρέπεται
709 267 798 321 καὶ
832 268 945 320 ἔστι
975 266 1179 328 παντὸς
1211 268 1380 334 λόγου
1403 270 1833 335 Δημοσθενικοῦ

153 358 442 426 μηνύματα
480 357 938 428 χαρακτηριστικὰ
980 353 1071 407 καὶ
1110 354 1464 425 ἀνυφαίρετα.
1533 355 1832 424 ὑπομνήσω

155 443 216 499 δὲ
247 455 468 517 πρῶτον
492 444 609 515 μέν,
643 445 675 497 ἃ
706 452 819 505 τοῖς
852 445 1039 504 ἄλλοις
1070 443 1383 511 πλάσμασιν
1407 445 1548 512 ἔφην
1561 483 1832 496 ........

230 576 241 587 .
267 576 278 586 .
320 535 464 596 ἰδίας
511 534 704 603 ἀρετὰς
744 529 1145 600 συμβεβηκέναι
1183 539 1299 592 τοῖς
1329 529 1732 600 Λημοσθένους
1772 531 1828 600 [ἢ

155 623 419 692 Λυσίου],
466 620 540 674 ἵν’
569 620 905 681 εὐσύνοπτος
943 623 1154 687 μᾶλλον
1192 617 1419 687 γένηταί
1453 640 1545 688 μοι
1585 619 1613 672 ὁ
1653 621 1832 687 λόγος.

155 713 306 764 δοκεῖ
351 712 419 777 δή
465 730 558 778 μοι
603 717 715 761 τῶν
760 704 862 777 μὲν
903 708 1089 778 υὑψηλῇ
1141 705 1231 759 καὶ
1276 716 1499 777 περιττῇ
1545 706 1635 760 καὶ
1683 707 1833 776 ε’ξηλ-

155 798 394 869 λαγμένῃ
448 797 587 861 λέξει
641 794 990 866 κεχρημένων
1043 797 1179 848 κατὰ
1233 796 1294 848 τὸ
1350 795 1689 865 σαφέστερον
1741 794 1832 848 καὶ

153 890 470 955 κοινότερον
508 894 571 956 τῇ
614 884 872 956 ἑρμηνείᾳ
917 890 1219 955 κεχρῆσθαι
1265 884 1606 954 προῦχεινὸ
1646 889 1833 953 Δημο-

156 976 369 1044 σθένης.
431 973 657 1045 τούΙτων
695 974 799 1043 γὰρ
842 972 901 1026 ἐν
931 974 1076 1042 πάσῃ
1116 980 1420 1043 κατασκευῇ
1462 973 1771 1041 στοχάζεται
1805 986 1918 1025 1061

154 1064 388 1134 μέγεθος
428 1063 624 1132 ἐχούσῃ
665 1060 755 1114 καὶ
794 1062 1017 1124 ταύταις
1062 1060 1317 1131 κέχρηται
1363 1062 1835 1132 ’χαρακτηρικωτά-

155 1174 271 1215 ταις
310 1153 526 1222 ἀρεταῖς
565 1149 654 1203 ε’πὶ
692 1157 788 1218 τῆς
832 1150 1047 1218 ὑψηλῆς
1092 1148 1182 1203 καὶ
1231 1149 1599 1220 ξενοπρεποῦς
1637 1149 1835 1219 ὀνομα-

156 1244 275 1304 σίας
321 1242 393 1303 ὥς
448 1260 509 1308 γε
563 1240 809 1309 μάλιστα.
886 1248 998 1291 τῶν
1043 1236 1105 1291 δὲ
1151 1240 1252 1307 τὴν
1299 1239 1456 1306 λιτὴν
1501 1237 1592 1290 καὶ
1641 1239 1836 1307 ἰσχνὴν

154 1328 243 1382 καὶ
305 1327 597 1399 ἀπέριττον
653 1327 1089 1396 ἐπιτηδευόντων
1145 1328 1352 1397 φράσιν
1405 1334 1481 1398 τῷ
1541 1329 1683 1398 τόνῳ
1740 1334 1836 1394 τῆς

155 1417 345 1483 λέξεως
394 1417 570 1470 ε’δόκει
616 1437 709 1485 μοι
756 1416 1103 1468 διαλλάττειν
1149 1414 1239 1468 καὶ
1293 1423 1368 1487 τῷ
1423 1416 1580 1484 βάρει
1633 1413 1723 1467 καὶ
1769 1423 1834 1485 τῇ

111 1521 130 1552 5
156 1508 510 1577 στριφνότητι
550 1503 640 1557 καὶ
679 1511 755 1575 τῷ
792 1506 1105 1574 πικραίνειν
1137 1505 1209 1566 ὡς
1242 1503 1328 1556 ἐπι
1359 1505 1420 1556 τὸ
1459 1504 1627 1556 cmlv·
1665 1511 1835 1555 ταῦτα

155 1596 259 1664 γάρ
308 1594 457 1646 ἐστιν
505 1593 720 1645 ἐκείνου
769 1594 1138 1662 χαρακτηρικὰ
1185 1600 1284 1644 τοῦ
1337 1592 1650 1681 πλάσματος
1701 1590 1826 1661 παρ’

156 1682 303 1735 αὐτω
349 1680 439 1734 καὶ
479 1683 543 1734 τα
589 1683 940 1750 παραπλήσια
978 1680 1207 1741 τούτοις.
1277 1688 1387 1732 τῶν
1426 1676 1486 1732 δε
1525 1666 1626 1748 τὴν
1664 1679 1836 1749 με’σην

156 1737 444 1823 διάλεκτον
490 1770 823 1837 ἠσκηκότων,
869 1768 939 1836 ἣν
982 1769 1049 1835 δὴ
1096 1771 1392 1837 κρατίστην
1439 1767 1834 1837 ἀποφαίνομαι,

156 1860 290 1911 κατὰ
338 1856 493 1910 ταυτὶ
541 1856 828 1926 διαφέρειν
875 1856 1045 1908 αὐτὸν
1089 1856 1504 1925 ὑπελάμβανον·
1554 1859 1690 1910 κατὰ
1735 1849 1846 1926 τὴν

157 1949 453 2013 ποικιλίαν,
499 1947 634 1997 κατὰ
680 1945 781 2012 τὴν
820 1947 1174 2014 συμμετρίαν,
1220 1946 1355 1997 κατὰ
1393 1946 1495 2013 τὴν
1533 1945 1834 2015 εὐκαιρίαν,

158 2038 237 2087 ἔτι
277 2035 413 2104 πρὸς
452 2034 668 2095 τούτοις
706 2033 841 2085 κατὰ
880 2034 940 2085 τὸ
973 2035 1284 2101 παθητικόν
1314 2053 1372 2086 τε
1409 2032 1499 2086 καὶ
1533 2033 1836 2101 ἐναγώνιον
1870 2055 1873 2058 ·

277 2228 300 2266 1
337 2220 503 2279 ὁμοίως
533 2219 791 2276 παρέπεται
821 2221 902 2266 καὶ
933 2221 1009 2265 ἐπὶ
1040 2222 1213 2273 παντὸς
1244 2221 1382 2279 λόγου
1413 2222 1528 2267 MB:
1563 2222 1681 2280 ἔφην
1713 2221 1837 2274 ἰδίας
1982 2254 1987 2280 Ι

158 2282 325 2335 ἀρετὰς
357 2279 695 2339 συμβεβηκέναι
718 2288 813 2331 τοις
829 2281 903 2324 PV
932 2282 937 2338 Ι
952 2282 1310 2356 δημοσθενικοῦ
1335 2282 1438 2325 BP:
1472 2282 1530 2354 δὴ
1556 2283 1836 2338 δημοσθενι-

158 2346 243 2385 κοῦ
263 2342 311 2383 Μ
381 2347 405 2384 2
434 2341 538 2397 lege
563 2339 880 2397 χαρακτηρικὰ
907 2341 912 2397 Ι
941 2338 1235 2396 ἀναφαίρετα
1256 2341 1327 2384 Μ1
1358 2338 1622 2396 ἀνυφέρετα
1645 2342 1728 2384 ΒΡ
1753 2341 1835 2385 sed

158 2397 447 2455 ἀνυφαίρετα
479 2414 558 2454 mg
578 2399 615 2441 B
737 2403 762 2441 3
790 2398 1008 2442 lacunam
1038 2398 1246 2442 indicaui
1364 2404 1392 2442 4
1426 2398 1610 2454 ἔφεινΡ
1652 2401 1658 2456 Ι
1698 2400 1834 2457 τ[οῖς]

160 2473 264 2501 cum
294 2472 369 2501 ras
401 2458 449 2500 M
491 2460 497 2513 Ι
539 2455 873 2513 Δημοσθένους
906 2471 981 2500 om
1011 2457 1049 2500 B
1085 2459 1090 2515 Ι
1129 2456 1157 2513 ἢ
1190 2455 1363 2502 Λυσίου
1396 2457 1587 2502 seclusit
1616 2458 1833 2502 Reiskius

277 2521 301 2559 5
342 2533 387 2559 ιν
427 2516 560 2560 εὕνεῦ
601 2515 820 2559 σύνοπτοὶ
850 2517 887 2558 Β
931 2518 936 2573 Ι
980 2516 1030 2561 ἐν
1067 2524 1129 2560 τῶ
1167 2518 1323 2572 ἀνδρῶ
1358 2516 1392 2575 (1
1423 2515 1578 2575 ἁδρῷ)
1605 2531 1685 2573 mg
1708 2517 1745 2559 B

161 2580 186 2618 6
219 2573 499 2632 ἐξηλαγμένῃ
524 2574 561 2616 Β
684 2579 737 2617 10
723 2574 1256 2674 Βχαρακτηρικωτάτους
1279 2576 1316 2619 Β
1363 2573 1835 2646 χαρακτηριστικωτά-

157 2650 259 2684 ταις
289 2649 318 2676 v
439 2638 490 2676 11
525 2631 759 2687 ἀρετὰςΒ
795 2639 801 2688 Ι
835 2635 861 2677 ὑ
865 2637 975 2690 ψιλ
948 2652 1003 2691 ης
1032 2635 1069 2678 Ρ
1172 2640 1227 2679 12
1259 2634 1352 2692 ἰσχ
1334 2651 1391 2690 ην
1414 2633 1452 2676 Β
1559 2639 1613 2677 13
1638 2632 1835 2689 ἀπεριπ-

158 2709 241 2737 τον
263 2692 300 2735 Β
329 2693 334 2748 Ι
369 2691 418 2734 in
448 2706 528 2747 mg
558 2692 696 2734 rubro
730 2691 779 2735 ἐν
811 2700 871 2735 τῶ
865 2644 977 2751 ψίση
977 2701 1042 2738 νῶ
1062 2693 1099 2736 Β
1222 2698 1277 2737 14
1299 2652 1560 2737 διαλάττειν
1583 2692 1620 2735 Β
1682 2691 1833 2751 βάρει]

161 2750 280 2809 βάρυ
311 2751 347 2794 Ρ
401 2748 626 2821 βαρβάρει
656 2750 693 2791 Β
845 2755 898 2794 15
946 2751 1252 2809 στρυφνότητι
1281 2767 1310 2795 v
1367 2753 1373 2808 Ι
1432 2751 1503 2809 τὸ]
1542 2759 1603 2795 τῶ
1681 2752 1717 2794 Ρ

162 2815 215 2854 16
242 2807 629 2884 χαρακτηριστικὰ
659 2823 689 2850 v
725 2809 729 2863 Ι
763 2807 1006 2864 πλάσματα
1038 2812 1074 2854 Ρ
1197 2815 1251 2854 18
1277 2809 1587 2866 ἐσκηκότωνΒ
1626 2810 1835 2867 ἠσκητων

160 2883 262 2913 corr
291 2884 340 2911 1n
372 2866 636 2924 ἠσκηκότων
667 2866 737 2922 ΡΙ
766 2866 815 2910 ἐν
847 2876 907 2911 τῶ
939 2867 1057 2924 μέσω
1082 2870 1119 2912 Β
1151 2870 1200 2912 in
1230 2884 1310 2926 mg
1340 2869 1478 2912 rubro
1599 2873 1651 2911 19
1683 2870 1834 2927 ταυτὶ]

159 2928 332 2984 ταυτην
355 2927 494 2970 ΜΒΡ
541 2930 685 2970 ταῦτα
719 2925 990 2982 Sylburgius
1097 2933 1150 2971 21
1184 2929 1251 2986 τε]
1283 2943 1326 2971 τι
1356 2928 1393 2970 Β
