2004 3202
14 0 77 199 F
646 117 792 159 ΠΕΡΙ
822 116 1225 160 ΘΟΤΚΤΔΙΔΟΤ
1678 116 1781 170 351

26 203 55 323 ἓ
102 258 202 304 τοῦ
255 250 616 320 Περικλέους,
671 251 756 304 ὅτι
811 251 931 319 ετὴν
990 253 1155 304 πόλιν
1217 249 1491 319 ἐφύλασσε
1559 250 1650 304 καὶ
1704 251 1776 304 δι’

32 396 38 420 z
100 338 329 408 ἡσυχίας
378 340 612 408 μάλιστα
666 340 799 393 ὅσον
854 339 1085 393 ἐδύνατο
1133 334 1300 408 εἶχεν·
1357 337 1549 402 ἱππέας
1595 338 1783 409 μέντοι

32 428 39 482 .’
100 429 255 490 τινὰς
295 426 587 497 ἐξέπεμπεν
619 427 703 481 ἀεὶ
741 436 842 482 τοῦ
865 429 944 510 μὴ
975 429 1328 499 προδρόμους
1359 426 1464 480 ἀπὸ
1497 435 1592 495 τῆς
1624 442 1783 499 στρα-

100 523 219 578 τιᾶς
273 515 633 579 ἐσπίπτοντας
685 518 762 580 εἰς
823 520 953 580 τοὺς
1014 516 1219 586 ἀγροὺς
1280 515 1629 583 τοὺςηέγγὺς
1688 524 1783 585 τῆς

98 606 306 667 πόλεως
358 606 734 675 κακουργεῖν’,
787 604 879 658 καὶ
936 607 1271 675 ἱππομαχίαν
1325 602 1461 674 φησὶ
1521 603 1783 672 γενέσθαι
1829 624 1851 656 5

15 758 18 765 1
99 695 362 763 βραχεῖαν
408 692 497 746 εἐν
554 697 824 764 Φρυγίοις
876 703 987 747 τῶν
1039 713 1097 747 τε
1134 692 1450 762 Ἀθηναίων
1502 691 1645 746 τέλει
1700 691 1782 746 ἑνὶ

99 790 210 834 τῶν
265 780 474 834 ἱππέων
531 781 623 835 καὶ
689 785 989 845 Θεσσαλοῖς
1042 780 1152 851 μετ’
1214 781 1398 835 αὐτῶν
1456 782 1594 852 πρὸς
1654 783 1783 844 τοὺς

98 872 362 923 Βοιωτῶν
403 870 616 934 ἱππέας·
658 871 718 924 ἐν
748 864 783 942 ᾗ
816 871 918 924 οὐκ
957 874 1184 925 ἔλαττον
1215 872 1379 940 ἔσχον
1417 871 1471 923 οἱ
1513 868 1782 923 Θεσσαλοὶ

97 956 186 1011 καὶ
218 957 526 1027 Ἀθηναῖοι,
565 959 722 1030 μέχρι
762 956 829 1013 οὗ
867 960 1416 1030 προσβοηθησάντων
1453 967 1569 1021 τοῖς
1607 962 1781 1012 Βοιω-

97 1055 212 1110 τοῖς
249 1057 362 1100 τῶν
393 1047 634 1101 ὁπλιτῶν
663 1050 836 1119 τροπὴ
870 1047 1084 1116 ἐγένετο
1117 1048 1317 1115 αὐτῶν,
1363 1045 1455 1100 καὶ
1494 1045 1781 1100 ἀπέθανον
1805 1068 1848 1099 ιο

69 1154 90 1192 1
111 1145 222 1189 τῶν
264 1139 561 1190 Θεσσαλῶν
598 1135 689 1190 καὶ
729 1135 1061 1209 ἈθηΙναίων
1107 1137 1174 1190 οὐ
1219 1139 1438 1190 πολλοί·
1493 1135 1779 1188 ἀνείλοντο

95 1223 284 1293 μέντοι
324 1225 526 1288 αὐτοὺς
556 1225 880 1296 αὐθημερὸν
911 1226 1247 1288 ἀσπόνδους·
1285 1223 1378 1278 καὶ
1410 1225 1463 1278 οἱ
1496 1228 1780 1277 Πελοπον-

95 1315 277 1382 νήσιοι
328 1317 592 1383 τρόπαιον
630 1322 695 1384 τῇ
741 1315 1004 1386 ὑστεραίᾳ
1049 1313 1318 1383 ἕστησαν.’
1395 1313 1456 1366 ἐν
1495 1310 1556 1366 δὲ
1593 1321 1657 1383 τῇ
1697 1332 1779 1366 τε-

43 1389 45 1393 ’
94 1403 262 1472 τάρτῃ
294 1403 481 1474 βύβλῳ
515 1404 568 1456 οἱ
599 1404 732 1472 μετὰ
763 1402 1168 1472 Δημοσθένους
1198 1401 1324 1473 περὶ
1358 1402 1553 1455 Πύλον
1580 1401 1778 1469 ἀγωνι-

96 1491 323 1560 σάμενοι
360 1492 498 1561 πρὸς
538 1493 992 1561 Λακεδαιμονίων
1038 1492 1278 1560 δύναμιν
1323 1489 1414 1543 καὶ
1454 1490 1512 1543 ἐκ
1550 1498 1650 1558 γῆς
1687 1488 1776 1542 καὶ
1802 1509 1845 1542 15

96 1579 153 1633 ἐκ
185 1580 463 1648 θαλάττης
492 1579 583 1633 καὶ
614 1582 935 1650 νικήσαντες
968 1580 1028 1633 ἐν
1059 1578 1394 1650 ἀμφοτέραις
1417 1588 1535 1642 ταῖς
1565 1579 1778 1647 μάχαις,

95 1667 165 1720 δι’
206 1667 303 1731 οὓς
341 1668 373 1736 ἡ
412 1671 573 1732 πόλις
611 1669 922 1738 αὐχήματος
959 1668 1281 1739 ἐπληρώθη,
1331 1672 1518 1739 πολλῷ
1555 1670 1779 1729 πλείους

94 1775 150 1809 τε
196 1755 286 1808 καὶ
332 1759 613 1827 κρείττους
658 1754 800 1826 ἦσαν
847 1757 1086 1811 ἐκείνων.
1163 1760 1220 1810 τί
1254 1758 1324 1825 δή
1368 1774 1501 1809 ποτε
1547 1751 1650 1809 οὗν
1689 1754 1778 1808 ἐπὶ

94 1842 195 1914 μὲν
231 1853 347 1907 τοῖς
378 1845 588 1913 ὀλίγοις
621 1847 843 1900 ἱππεῦσι
873 1845 965 1899 καὶ
997 1846 1262 1916 οὐδεμίαν
1293 1846 1418 1899 οὔτε
1451 1844 1620 1909 δόξαν
1651 1845 1777 1897 οὔτε

95 1933 336 2003 δύναμιν
382 1942 446 2004 τῇ
497 1936 653 1988 πόλει
706 1933 1065 2004 κτησαμένοις
1111 1935 1207 1997 τάς
1255 1954 1312 1987 τε
1350 1935 1526 2003 ταφὰς
1565 1933 1776 2000 ἀνοίγει
1801 1952 1843 1984 20

94 2023 188 2084 τὰς
243 2023 510 2092 δημοσίας
556 2022 586 2076 ὁ
634 2025 987 2093 συγγραφεὺς
1039 2021 1130 2076 καὶ
1184 2023 1283 2075 τὸν
1343 2021 1775 2091 ἐπιφανέστατον

0 2098 3 2117 ¹
94 2119 205 2164 τῶν
267 2112 610 2180 δημαγωγῶν
673 2110 946 2181 Περικλέα
1013 2113 1114 2180 τὴν
1182 2111 1403 2179 ὑψηλὴν
1462 2110 1775 2181 τραγῳδίαν

0 2197 4 2255 ῗ
95 2197 310 2267 ἐκείνην
349 2200 554 2267 εἰσάγει
593 2199 1003 2269 διατιθέμενον·
1051 2198 1139 2253 ε’πὶ
1178 2197 1239 2252 δὲ
1278 2207 1394 2262 τοῖς
1430 2202 1644 2252 πλείοσι
1683 2197 1773 2251 καὶ

215 2364 270 2402 14
296 2358 346 2402 cf
366 2358 495 2403 Thuc
519 2358 582 2401 IV
614 2363 771 2404 9—23.
806 2363 980 2402 26—40

215 2511 236 2549 1
271 2506 356 2559 τήν
388 2521 435 2549 τε
467 2506 603 2550 πόλιν
637 2508 677 2550 Θ
856 2510 882 2548 3
913 2505 1044 2557 τινὰς
1065 2505 1158 2548 ΜΡ
1191 2505 1339 2565 [τινὰς
1382 2507 1421 2552 f:
1454 2521 1529 2550 om
1556 2508 1597 2551 Θ

95 2569 123 2607 4
148 2562 452 2616 ἐσπίπτοντας
468 2565 568 2609 ΜΘ
601 2563 876 2615 ἐπίπτοντας
900 2565 957 2610 P:
982 2563 1312 2617 ἐπιπίπτοντας
1381 2568 1386 2623 Ι
1415 2566 1478 2617 εἰς
1501 2566 1607 2611 MP:
1633 2565 1679 2616 ἐς
1702 2565 1725 2608 f
1732 2567 1772 2610 Θ

246 2629 269 2667 7
306 2622 479 2675 ἱππέως
502 2624 550 2667 Μ
586 2626 591 2680 Ι
626 2624 706 2667 καὶ
741 2625 1119 2675 Θεσσαλοῖς...8
1152 2623 1320 2676 ἱππέας
1351 2639 1426 2669 om
1449 2626 1519 2668 M1
1668 2630 1694 2668 8
1728 2624 1772 2668 οἱ

98 2684 331 2739 Αθηναῖοι
362 2684 442 2727 καὶ
477 2683 700 2732 Θεσσαλοὶ
735 2684 775 2727 Θ
896 2689 920 2727 9
953 2681 1084 2741 μέχρι
1112 2683 1137 2726 f
1158 2686 1164 2742 Ι
1191 2684 1634 2744 προσβοηθήσαντες
1657 2684 1705 2727 Μ
1714 2683 1767 2741 ΡΙ

95 2748 191 2792 τοῖς
222 2743 433 2817 βοιωτοῖς
463 2749 559 2793 τοῖς
591 2743 772 2816 βιωτοῖς
801 2741 955 2799 priore
988 2742 1141 2818 delefo
1172 2743 1208 2786 P
1360 2749 1415 2819 19
1448 2743 1645 2820 ῥπλιτῶν
1678 2743 1768 2786 m:

95 2801 444 2915 532‘3522013139'
455 2801 712 2916 (ssssssssffi
738 2806 834 2903 ΜΙΡ2
860 2802 1151 2920 αὐῗέἶῖἓξςῗῖ,
1166 2802 1231 2906 113:
1265 2807 1405 2921 ἒῗβῖζῖ
1427 2817 1654 2904 ιῖῗῖεραέῗ
1672 2802 1768 2903 ἷπῗῖἑ

96 2916 443 2973 ταφανέστατον
474 2934 529 2975 pr
552 2918 587 2961 P
679 2923 733 2962 23
766 2917 941 2964 πλείοσί
960 2919 1079 2979 <τε>
1104 2921 1183 2964 καὶ
1216 2921 1421 2965 Sadaeus
1446 2935 1477 2976 p
1495 2925 1578 2964 205
1605 2920 1654 2963 cf
1672 2919 1687 2960 l
1715 2923 1767 2961 18

5 2985 42 3202 &muer-*⁵
10 2790 33 2970 may-2⁵⁸5·
0 2699 2 2702 ’
0 2631 1 2634 ⁴
0 2588 4 2602 ’
0 2560 4 2567 ’
