1958 3192
853 117 1086 159 ΛΤΣΙΑΣ
1735 116 1807 169 49

132 259 392 319 σικακεῖν,
432 249 592 313 δέους
631 247 692 303 δὲ
732 252 891 313 ὄντος
929 251 1000 319 μὴ
1040 251 1208 304 πάλιν
1245 251 1306 302 τὸ
1345 254 1560 318 πλῆθος
1596 249 1650 312 ἐς
1681 254 1810 314 τοὺς

132 339 403 409 εὐπόρους
447 339 640 409 ὑβρίζῃ
687 340 788 407 τὴν
832 339 1066 409 ἀρχαίαν
1112 338 1364 403 ἐξουσίαν
1416 337 1811 407 κεκομισμένον

131 426 221 481 καὶ
260 432 481 481 πολλῶν
517 424 655 498 ὑπὲρ
696 428 897 480 τούτου
935 426 1243 496 γινομένων
1282 429 1463 494 λόγων
1509 429 1810 496 Φορμίσιός

130 535 213 579 τις
273 526 384 569 τῶν
445 518 938 584 συγκατελθόντων
994 517 1127 585 μετὰ
1187 523 1286 568 τοῦ
1347 516 1525 584 δήμου
1585 516 1810 584 γνώμην

132 606 454 674 εἰσηγήσατο
495 606 623 667 τοὺς
654 601 756 673 μὲν
787 605 1093 673 φεύγοντας
1130 602 1392 671 κατιέναι,
1431 604 1532 672 τὴν
1563 601 1624 656 δὲ
1654 609 1809 658 πολι·
1855 623 1876 655 5

131 697 283 747 τείαν
305 695 376 763 μὴ
400 702 585 760 πᾶσιν,
618 693 756 746 ἀλλὰ
781 702 895 755 τοῖς
921 693 1067 762 [τὴν]
1101 700 1206 761 γῆν
1235 694 1421 761 ἔχουσι
1444 693 1809 762 παραδοῦναι,

131 781 487 852 βουλομένων
502 790 671 834 ταῦτα
695 781 955 849 γενέσθαι
972 779 1061 834 καὶ
1080 782 1544 850 Λακεδαιμονίων.
1581 782 1811 850 ἔμελλον

131 868 191 924 δὲ
230 879 330 924 τοῦ
368 873 717 939 ψηφίσματος
755 870 956 923 τούτου
994 869 1343 939 κυρωθέντος
1380 873 1810 938 πεντακισχίλιοι

132 961 329 1029 σχεδὸν
358 958 673 1027 Ἀθηναίων
712 958 1161 1026 ἀπελαθήσεσθαι
1197 967 1307 1010 τῶν
1337 967 1555 1011 κοινῶν.
1616 959 1709 1010 ἵνα
1741 959 1808 1026 δὴ

131 1050 202 1118 μὴ
243 1057 405 1102 τοῦτο
444 1047 685 1115 γένοιτο,
733 1048 933 1117 γράφει
979 1047 1077 1099 τὸν
1123 1049 1293 1114 λόγον
1330 1047 1490 1099 τόνδε
1529 1046 1558 1099 ὁ
1599 1049 1810 1109 Λυσίας
1834 1068 1877 1099 10

131 1147 242 1190 τῶν
290 1136 568 1205 ἐπισήμων
620 1134 730 1188 τινὶ
784 1134 874 1187 καὶ
927 1134 1382 1204 πολιτευομένων.
1459 1137 1508 1188 εῑ
1558 1132 1658 1203 μὲν
1707 1131 1811 1188 οὖν

133 1225 342 1296 ἐρρήθη
382 1227 530 1292 τότε,
571 1225 803 1292 ἄδηλον·
844 1224 1121 1291 σύγκειται
1160 1231 1300 1291 γοῦν
1338 1224 1410 1286 ὡς
1448 1224 1585 1293 πρὸς
1623 1223 1811 1291 ἀγῶνα

132 1314 461 1382 ἐπιτηδείως.
532 1315 645 1364 ἔστι
685 1309 746 1364 δὲ
787 1312 904 1364 ὅδε·

242 1400 391 1454 εὍτε
424 1401 757 1469 ἐνομίζομεν,
790 1397 831 1453 ὦ
864 1400 1132 1470 <ἄνδρες>
1164 1398 1470 1468 Ἀθηναῖοι,
1502 1402 1597 1463 τὰς
1628 1421 1776 1469 γεγε-
1801 1399 1804 1473 ἡ
1827 1406 1898 1460 33

42 1508 127 1547 527
152 1489 388 1560 νημένας
450 1490 737 1558 συμφορὰς
800 1489 959 1541 ἱκανὰ
1019 1497 1254 1557 μνημεῖα
1310 1497 1373 1558 τῇ
1435 1490 1591 1541 πόλει
1651 1509 1811 1542 κατα·
1835 1510 1877 1543 15

130 1584 445 1648 λελεῖφθαι,
499 1579 637 1631 ὥστε
689 1576 816 1646 μηδ’
864 1576 933 1629 ἂν
978 1579 1106 1639 τοὺς
1158 1575 1573 1645 ἐπιγινομένους
1628 1575 1811 1648 ἑτέρας

129 1669 405 1729 πολιτείας
446 1665 755 1735 ἐπιθυμεῖν,
795 1667 916 1718 τότε
956 1667 1022 1734 δὴ
1060 1662 1213 1718 οὗτοι
1245 1667 1375 1727 τοὺς
1406 1675 1581 1728 κακῶς
1612 1683 1811 1720 πεπον-

129 1758 301 1818 θότας
323 1753 413 1808 καὶ
439 1754 766 1824 ἀμφοτέρων
789 1753 1220 1824 πεπειραμένους
1245 1753 1570 1822 ἐξαπατῆσαι
1593 1757 1810 1823 ζητοῦσι

130 1853 245 1906 τοῖς
284 1844 470 1906 αὐτοῖς
507 1846 872 1912 ψηφίσμασιν,
913 1835 1102 1913 οἷσπερ
1142 1841 1232 1895 καὶ
1271 1845 1543 1913 πρότερον
1573 1842 1659 1906 δὶς
1690 1846 1810 1913 ἤδη.

130 1932 219 1986 καὶ
251 1933 462 1985 τούτων
485 1928 586 2000 μὲν
610 1931 676 1985 οὐ
700 1932 980 2000 θαυμάζω,
1011 1931 1167 2000 ὑμῶν
1199 1928 1259 1984 δὲ
1291 1940 1402 1984 τῶν
1426 1931 1808 2002 ἀκροωμένων,
1833 1951 1876 1983 20

131 2022 216 2075 ὅτι
260 2022 482 2074 πάντων
529 2017 647 2072 ἐστὲ
694 2019 1209 2088 ἐπιλησμονέστατοι
1253 2019 1284 2087 ἢ
1325 2021 1554 2088 πάσχειν
1601 2019 1810 2089 ἑτοιμό-

131 2130 282 2163 τατοι
327 2118 503 2170 κακῶς
548 2108 656 2161 ὑπὸ
703 2108 972 2161 τοιούτων
1018 2107 1263 2178 ἀνδρῶν,
1319 2111 1377 2161 οἳ
1416 2117 1480 2178 τῇ
1527 2105 1629 2176 μὲν
1673 2110 1808 2180 τύχῃ

130 2208 240 2251 τῶν
281 2202 533 2267 Πειραιεῖ
569 2197 902 2266 πραγμάτων
941 2195 1226 2265 μετέσχον,
1265 2204 1328 2266 τῇ
1370 2194 1430 2249 δὲ
1469 2197 1658 2267 γνώμῃ
1698 2207 1809 2250 τῶν

251 2392 272 2430 1
298 2386 349 2431 τὸ
377 2386 500 2430 omF
530 2387 535 2444 ᾖ
565 2386 610 2436 ἐς
627 2386 681 2429 F:
709 2385 1016 2437 εἰςΜΒΡΟτν
1092 2390 1117 2428 2
1142 2385 1399 2441 ἀπόρουςΕ
1428 2388 1434 2443 Ι
1461 2385 1808 2443 κεκοσμημένον

131 2445 258 2488 F¹B¹
347 2451 374 2489 4
406 2454 496 2490 τῶν
529 2459 605 2490 om
635 2445 693 2488 F²
785 2450 810 2487 5
843 2444 1111 2501 εἰσηγήσητο
1144 2445 1180 2488 Ρ
1207 2446 1214 2503 Ι
1278 2452 1486 2501 υγῶντας
1517 2445 1575 2488 F¹
1667 2450 1691 2489 6
1724 2446 1810 2502 τὴν

133 2504 226 2549 secl
253 2504 414 2549 Baiter
444 2505 504 2549 ab
538 2504 596 2547 F¹
634 2503 830 2560 posthac
861 2503 1088 2548 inserfium
1187 2509 1210 2547 7
1267 2506 1395 2559 μελλε
1428 2504 1486 2546 F¹
1585 2508 1610 2547 8
1643 2519 1809 2548 πεντα-

130 2561 366 2622 κισχιλίοις
398 2564 456 2607 F²
547 2569 572 2607 9
606 2563 806 2621 σχεσθὸν
832 2562 871 2606 G
964 2567 1018 2606 10
1050 2560 1228 2619 γένοιτο
1262 2577 1367 2606 cum
1396 2577 1472 2606 ras
1506 2577 1643 2620 super
1667 2581 1692 2620 γ
1717 2564 1765 2606 Μ
1798 2565 1802 2617 Ι

131 2622 301 2679 γράφει
340 2637 444 2667 cum
482 2637 557 2666 ras
597 2625 705 2666 ante
738 2640 764 2679 γ
796 2622 831 2665 F
953 2627 1006 2665 11
1044 2620 1381 2677 πολιτευμένων
1413 2622 1472 2665 F²
1594 2626 1647 2665 12
1687 2622 1807 2680 τότε]

131 2688 265 2726 τοῦτο
298 2682 356 2724 F¹
397 2684 403 2738 Ι
447 2679 492 2739 γ’
523 2678 608 2726 οὖν
640 2682 674 2724 F
791 2685 845 2724 14
876 2680 1045 2737 ἄνδρες
1080 2681 1174 2725 add
1205 2681 1393 2737 Usener,
1425 2681 1539 2725 item
1570 2680 1691 2725 infra

135 2744 187 2783 17
221 2740 510 2799 ἐπι[θυμε]ῖν
542 2754 647 2784 cum
678 2754 752 2783 ras
779 2740 813 2782 F
907 2745 960 2783 19
992 2740 1065 2791 δὶς
1096 2739 1198 2797 ἤδη.
1243 2741 1322 2784 καὶ
1346 2740 1607 2785 Dobraeus:
1641 2740 1715 2784 διὸ
1748 2741 1806 2796 δὴ

134 2798 212 2842 καὶ
264 2811 273 2827 ·
311 2804 364 2843 21
400 2797 495 2843 ἐστὲ
527 2799 718 2855 Taylor:
753 2799 867 2843 εἰσὶν
910 2803 917 2854 Ι
957 2797 1006 2857 ἢ]
1040 2798 1084 2843 οἱ
1114 2799 1157 2842 Η
1182 2799 1443 2856 Stephanus
1542 2804 1595 2843 22
1631 2799 1674 2842 οἳ
1708 2798 1805 2842 Gv:

136 2854 204 2900 ὅτι
235 2857 417 2901 FMPB
508 2863 564 2901 23
595 2866 814 2914 πειραιῶς
846 2857 885 2901 G
934 2860 1165 2914 Πειραιοῖ,
1210 2859 1335 2913 quod
1372 2859 1548 2902 Usener
1586 2857 1806 2913 restituit,

135 2928 245 2958 num
273 2915 523 2972 Dionysius
555 2917 723 2974 legerit
754 2931 847 2961 non
879 2919 1062 2961 constat

222 2997 334 3030 mon.
356 2998 553 3032 naucum.
588 2999 632 3032 v,
1514 2995 1542 3032 4
