2004 3202
426 667 531 727 DE
578 667 983 728 ISOORATIS
1030 665 1565 726 ORATIONIBVS

982 810 1004 854 I

19 924 24 925 ff
64 920 120 961 10
261 900 351 955 Ps.
386 901 778 955 PLVTARCHVS
819 902 881 954 de
918 901 1048 954 uitis
1079 901 1130 954 X
1169 904 1299 954 orat.
1338 920 1373 970 p
1407 896 1542 952 838‘1
1581 897 1832 970 (Photius

149 989 278 1042 bibl.
320 991 418 1043 cod
451 991 559 1044 260
604 1010 639 1060 p
672 990 806 1045 486¹>
830 989 888 1061 5)
945 989 1210 1061 φέρονται
1264 987 1312 1042 δ’
1367 988 1539 1042 αὐτοῦ
1585 990 1743 1056 λόγοι
1787 974 1833 1051 ξ

150 1074 231 1132 ὧν
268 1081 374 1133 εἰσι
412 1082 632 1149 γνήσιοι
669 1082 806 1133 κατὰ
844 1077 946 1149 μὲν
976 1081 1288 1133 Διονύσιον
1318 1081 1396 1147 ᾗ,
1434 1079 1569 1131 κατὰ
1601 1074 1663 1130 δὲ
1693 1079 1831 1129 Και-

148 1170 331 1222 κίλιον
368 1171 462 1237 ἦ,
502 1170 556 1222 οἱ
595 1167 644 1221 δ’
683 1170 842 1222 ἄλλοι
879 1166 1322 1237 κατεψευσμένοι.
1384 1209 1395 1220 .
1421 1208 1431 1219 .
1456 1208 1468 1220 .
1491 1208 1504 1220 .
1544 1164 1650 1220 εἰσὶ
1690 1163 1738 1218 δ’
1778 1166 1836 1218 οἳ

149 1255 241 1309 καὶ
279 1256 470 1327 τέχνας
507 1257 679 1310 αὐτὸν
718 1256 943 1326 λέγουσι
975 1255 1435 1327 συγγεγραφέναι,
1475 1258 1533 1309 οἳ
1560 1253 1608 1308 δ’
1642 1254 1708 1308 οὐ
1740 1273 1831 1323 με·
1876 1274 1898 1307 5

149 1346 331 1417 θόδῳ,
371 1344 487 1398 ἀλλ’
527 1344 751 1414 ἀσκήσει
788 1347 1115 1416 χρήσασθαι.

270 1446 438 1491 Suidas
477 1446 558 1490 καὶ
594 1445 759 1503 λόγους
796 1443 1000 1503 γέγραφε
1035 1435 1105 1503 {R
1167 1445 1304 1489 nobis
1335 1443 1555 1489 Isocratis
1596 1444 1832 1489 orationes

151 1523 365 1565 seruatae
398 1523 507 1565 sunt
536 1520 654 1564 XXI.

951 1638 1026 1682 H*

25 1748 116 1787 211
261 1729 512 1783 ZOSIMVS
567 1730 710 1781 uitae
763 1728 1014 1782 Isocratis
1058 1749 1093 1799 p
1134 1729 1238 1782 257
1259 1748 1322 1798 sq
1345 1729 1628 1782 Wes’oerm.
1675 1731 1723 1783 εἰ
1770 1727 1837 1782 δέ

149 1837 295 1881 τινες
334 1817 721 1886 ἐπεισάγουσιν
759 1820 960 1882 ἄλλους
998 1821 1152 1881 τινὰς
1191 1821 1392 1887 λόγους
1431 1819 1504 1881 ὡς
1539 1820 1703 1880 ὄντας
1734 1817 1831 1870 αὐ-

149 1914 274 1975 τοῦ,
321 1906 388 1960 οὐ
434 1906 801 1977 προσδεκτέον
841 1907 1084 1970 ἐκείνους
1121 1909 1269 1978 παρὰ
1307 1910 1438 1970 τοὺς
1475 1905 1831 1978 φερομένους.

150 1994 258 2048 εἰσὶ
290 1994 338 2048 δ’
370 1997 423 2049 οἱ
455 1994 906 2066 ἐπεισφερόμενοι
937 1992 1111 2049 οὗτοι·
1145 1995 1604 2065 συμβουλευτικοὶ
1634 1986 1681 2049 {3
1703 1992 1831 2065 περὶ
1855 2015 1898 2046 10

149 2091 517 2155 παρασκευῆς,
557 2083 896 2153 Ἱππομέδων
933 2083 1059 2154 περὶ
1099 2084 1454 2154 αὐτονομίας,
1498 2086 1830 2152 Σινωπικός,

150 2175 520 2242 Νησιωτικός,
575 2173 867 2242 σύμμικτοι
919 2176 978 2241 γ,
1023 2171 1506 2242 Ἀμφικτυονικός,
1558 2171 1684 2243 περὶ
1730 2178 1830 2224 τοῦ

150 2269 506 2331 κατοικισμοῦ
534 2264 846 2330 Μιλησίοις.
908 2260 1260 2314 ε’πιδεικτικοὶ
1289 2252 1329 2326 7ζὴ
1340 2262 1831 2330 Κλυταιμνήστρας

151 2349 447 2419 ἐγκώμιον,
487 2352 837 2419 Πηνελόπης,
876 2351 1249 2420 Μενεκράτης,
1290 2349 1576 2419 ἐπιτάφιος
1614 2357 1730 2411 τοῖς
1770 2347 1831 2401 ἐν

157 2438 363 2510 Θυρέα,
410 2441 817 2507 Νεοπτόλεμος,
859 2441 1166 2508 Παριακός,
1207 2460 1233 2487 *
1310 2437 1620 2507 <δικανικοὶ
1660 2459 1686 2487 *
1713 2458 1739 2486 *
1766 2437 1830 2506 *>
1854 2453 1896 2488 15

154 2531 457 2598 συνηγορία
509 2529 648 2598 πρὸς
700 2528 801 2595 τὴν
851 2526 1144 2596 ἐπιστολὴν
1189 2535 1288 2580 τοῦ
1336 2527 1650 2595 ἐπιστάτου,
1704 2524 1830 2596 περὶ

152 2625 253 2671 τοῦ
298 2619 555 2687 ὄρτυγος,
604 2613 743 2686 ὑπὲρ
799 2614 1097 2685 Τιμοθέου,
1146 2616 1517 2687 έπιτροπικός,
1563 2614 1689 2686 περὶ
1734 2621 1858 2683 τῆς.

153 2707 361 2777 ὑδρίας.
424 2707 713 2775 σύμμικτοι
751 2707 780 2757 ἒ
808 2703 934 2774 περὶ
966 2708 1315 2775 φιλοσοφίας,
1353 2704 1479 2776 περὶ
1512 2706 1829 2772 Πλάτωνος,

153 2794 277 2865 περὶ
316 2795 522 2864 ἔριδος,
560 2795 975 2863 προτρεπτικός,
1014 2795 1327 2865 καταδρομὴ
1368 2804 1662 2863 σοφιστῶν.

275 2943 328 2982 10
363 2944 414 2982 11
448 2939 554 2994 περὶ
585 2945 878 2995 παρασκευῆς
910 2938 1201 2996 ἱππομεδῶν,
1231 2939 1338 2994 περὶ
1370 2939 1573 2983 edebant-
