2004 3202
127 532 194 584 10

215 126 322 179 338
637 128 976 172 ΔῐοΝΤΣῙοΤ
1006 127 1474 170 ΑΛΙΚΑΡΝΑΣΕῼΣ
1941 0 2001 333 Ἰ

212 261 471 331 γραφέων
524 265 768 332 θερείαις
820 260 910 314 καὶ
964 269 1189 330 χειμῶσι
1244 262 1411 314 διεῖλε
1465 262 1565 330 τὴν
1615 248 1889 332 ἱστορίαν.

213 349 351 403 ἀλλὰ
388 351 587 412 πάντες
632 351 727 412 τὰς
774 347 1128 418 τετριμμένας
1166 347 1367 416 <ὁδοὺς
1404 347 1494 401 καὶ
1541 349 1888 419 δυναμένας>
1966 342 1997 407 ,’·

212 440 367 506 ἄγειν
407 437 494 491 ἐπὶ
532 439 633 506 τὴν
672 439 978 506 σαφήνειαν
1015 441 1307 506 μετῆλθον.

323 529 622 580 Αῑτιῶνται
662 524 722 578 δὲ
760 524 850 578 καὶ
890 526 990 594 τὴν
1028 527 1181 589 τάξιν
1227 525 1397 579 αὐτοῦ
1437 546 1604 595 τινες,
1652 527 1890 602 ὡςιοῦτε

166 643 186 675 5
212 616 385 686 ἀρχὴν
438 623 532 684 τῆς
590 617 829 684 ἱστορίας
885 615 1174 683 εἰληφότος
1226 614 1297 682 ἣν
1351 613 1516 684 ἐχρῆν
1562 615 1687 668 οὔτε
1736 614 1890 678 τέλος

143 1084 183 1115 10
207 1079 367 1111 νοιαν
423 1058 593 1110 αὐτὸν
645 1063 982 1126 πεποιῆσθαι
1036 1058 1136 1126 τὴν
1196 1059 1596 1127 προσήκουσαν.
1673 1059 1774 1126 τὴν
1827 1055 1888 1111 δὲ

141 1525 181 1557 15

139 2406 179 2437 25

138 1968 157 1997 ‘2
203 1944 304 2011 τὴν
334 1941 650 2011 Ἀθήνηθεν
689 1942 1090 1996 ἀποσταλεῖσαν
1121 1946 1489 2013 Κερκυραίοις
1521 1943 1654 1995 κατὰ
1678 1945 1881 2013 Κοριν-
1959 1949 1961 1954 ’

211 705 584 775 ἐφηρμοκότος
639 703 774 774 αὐτῇ
829 704 889 755 τὸ
944 702 1183 774 πρέπον,
1239 702 1339 755 οὐκ
1388 702 1673 772 ἐλάχιστον
1726 703 1890 774 μέρος

210 790 351 846 εἶναι
391 792 642 860 λέγοντες
683 787 998 861 οἰκονομίας
1038 791 1253 860 ἀγαθῆς
1289 791 1461 862 ἀρχήν
1491 811 1549 844 τε
1580 795 1787 861 λαβεῖν,
1825 788 1889 860 ἧς

209 882 309 935 οὐκ
334 881 403 934 ἂν
435 886 517 949 εἴη
550 901 602 933 τι
632 883 921 951 πρότερον,
946 879 1037 932 καὶ
1069 879 1211 934 τέλει
1241 883 1561 950 περιλαβεῖν
1592 881 1693 949 τὴν
1716 899 1888 950 πραγ-

207 973 456 1039 ματείαν,
506 962 548 1040 ᾧ
596 969 742 1033 δόξει
799 966 972 1038 μηδὲν
1027 968 1230 1022 ἐνδεῖν·
1292 964 1370 1021 ὧν
1417 967 1712 1039 οὐδετέρου
1756 971 1889 1039 πρό-

206 1147 464 1217 ἀφορμὴν
494 1146 728 1214 <αὐτὸς>
760 1146 947 1209 αὐτοῖς
977 1153 1072 1214 τῆς
1102 1149 1431 1216 κατηγορίας
1461 1147 1660 1214 ταύτης
1692 1146 1720 1200 ὁ
1758 1160 1887 1215 συγ-

205 1237 449 1305 γραφεὺς
472 1234 824 1305 παρέσχηται·
861 1235 866 1303 Ι
900 1235 1183 1305 προειπὼν
1218 1235 1340 1304 γάρ,
1373 1235 1445 1296 ὡς
1476 1233 1728 1303 μέγιστος
1759 1234 1871 1303 ἐγέ-
1889 1227 1993 1302 831}¹

205 1344 328 1377 νετο
368 1333 479 1376 τῶν
512 1324 619 1394 πρὸ
661 1323 832 1376 αὐτοῦ
864 1322 1118 1392 πολέμων
1149 1323 1178 1376 ὁ
1213 1325 1730 1391 Πελοποννησιακὸς
1761 1325 1886 1394 χρό-
1984 1319 1985 1322 “

205 1433 308 1466 νου
368 1433 426 1465 τε
487 1414 643 1481 μήκει
705 1411 796 1464 καὶ
857 1413 1200 1481 παθημάτων
1267 1416 1488 1465 πολλῶν
1551 1415 1885 1480 συντυχίαις,

205 1507 473 1554 τελευτῶν
511 1508 610 1554 τοῦ
656 1503 953 1570 προοιμίου
999 1502 1095 1563 τὰς
1142 1502 1318 1563 αἰτίας
1365 1500 1620 1568 βούλεται
1665 1509 1885 1569 πρῶτον

205 1592 402 1656 εἰπεῖν,
450 1588 541 1658 ἀφ’
590 1585 668 1642 ὧν
721 1590 822 1658 τὴν
870 1589 1044 1659 ἀρχὴν
1093 1591 1266 1657 ἔλαβε.
1344 1590 1528 1650 διττὰς
1578 1585 1640 1641 δὲ
1685 1590 1886 1651 ταύτας

203 1677 572 1746 ὑποθέμενος,
627 1680 727 1746 τήν
773 1697 830 1730 τε
877 1677 1057 1746 ἀληθῆ
1097 1677 1222 1746 μέν,
1272 1676 1372 1730 οὐκ
1418 1678 1495 1739 εἰς
1542 1677 1784 1740 ἅπαντας
1823 1673 1885 1730 δὲ

204 1766 521 1835 λεγομένην,
553 1767 653 1834 τὴν
684 1765 914 1834 αὔξησιν
944 1773 1038 1834 τῆς
1062 1764 1375 1835 Ἀθηναίων
1406 1768 1630 1833 πόλεως,
1661 1764 1752 1817 καὶ
1782 1766 1884 1832 τὴν

205 1854 304 1906 οὐκ
344 1853 523 1922 ἀληθῆ
554 1852 700 1926 Ιμέν,
739 1855 847 1907 ὑπὸ
890 1851 950 1906 δὲ
983 1856 1436 1924 Λακεδαιμονίων
1473 1853 1867 1923 πλαττομένην,
1885 1868 1939 1908 83

202 2035 349 2084 θίων
388 2034 722 2100 συμμαχίαν,
772 2031 872 2084 οὐκ
913 2031 1017 2084 ἀπὸ
1058 2039 1152 2100 τῆς
1192 2031 1435 2100 ἀληθοῦς
1473 2029 1564 2084 καὶ
1604 2030 1750 2102 αὐτῷ
1791 2032 1881 2084 δο-
1970 2046 1978 2108 J

203 2121 403 2188 κούσης
442 2121 542 2188 τὴν
583 2120 756 2190 ἀρχὴν
794 2123 1081 2188 πεποίηται
1121 2128 1215 2189 τῆς
1254 2121 1570 2188 διηγήσεως,
1611 2118 1726 2171 ἀλλ’
1774 2118 1878 2171 ἀπὸ
1971 2188 1975 2197 ν

204 2216 296 2276 τῆς
337 2207 537 2278 ἑτέρας,
575 2210 711 2262 κατὰ
751 2207 900 2273 λέξιν
944 2209 1115 2271 οὕτως
1151 2207 1155 2278 Ι
1191 2209 1443 2278 γράφων·
1491 2206 1757 2278 (ἤρξαντο
1805 2205 1865 2260 δὲ
1882 2206 1972 2260 833-

196 2295 484 2364 Ἀθηναῖοι
518 2296 688 2350 αὐτοῦ
711 2296 802 2349 καὶ
828 2298 1288 2365 Πελοποννήσιοι,
1320 2297 1582 2358 λύσαντες
1612 2297 1708 2358 τὰς
1731 2315 1879 2365 τρια-
1969 2327 1973 2362 -,

203 2386 514 2447 κοντούτεις
555 2386 812 2453 σπονδάς,
853 2388 913 2438 αἳ
948 2386 1134 2448 αὐτοῖς
1174 2384 1426 2453 ἐγένοντο
1466 2386 1599 2453 μετὰ
1637 2384 1879 2452 Εὐβοίας
1967 2375 1973 2462 Ξ

322 2518 375 2556 23
410 2513 536 2557 Thuc
560 2515 580 2557 I
606 2520 660 2558 23

324 2636 345 2673 1
380 2631 459 2673 καὶ
491 2645 565 2674 om
589 2631 647 2673 P¹
769 2638 792 2675 2
825 2633 1006 2677 hiatum
1030 2633 1246 2676 Reiskius
1269 2631 1517 2689 perspexit,
1552 2631 1631 2686 qui
1663 2631 1744 2675 καὶ
1775 2631 1876 2674 εἰω-
1935 2627 1969 2655 '³

203 2688 346 2740 θυίας
371 2689 619 2745 supplebat
722 2696 747 2734 8
781 2691 848 2748 εἴη
873 2693 935 2750 τι]
971 2692 1011 2736 εἰ
1040 2697 1084 2736 τί
1112 2696 1141 2748 ἥ
1165 2692 1200 2735 Ρ
1292 2696 1315 2735 9
1350 2689 1461 2746 δόξη
1486 2690 1634 2733 MP1f
1656 2691 1661 2748 Ι
1690 2687 1875 2748 μηδὲ[ν]

205 2762 308 2791 cum
339 2747 481 2791 litura
512 2748 547 2790 P
574 2750 580 2806 Ι
610 2747 853 2805 οὐδέτερον
883 2766 938 2807 pr
961 2751 996 2793 P
1089 2756 1143 2794 10
1176 2750 1314 2801 αὐτὸς
1339 2748 1551 2806 suppleui
1645 2754 1697 2792 17
1723 2748 1874 2792 ἅπαν-

203 2823 284 2858 τας
314 2823 395 2857 τας
425 2804 475 2850 δὲ
508 2807 566 2849 P1
703 2813 753 2850 21
789 2809 995 2864 ἀληθοῦς
1018 2810 1056 2854 f:
1089 2807 1314 2865 ἀληθείας
1345 2809 1436 2852 ΜΡ
1568 2812 1622 2851 23
1657 2805 1773 2851 οὕτω
1798 2807 1821 2850 f

204 2871 259 2909 24
291 2866 432 2909 αὐτοῦ
460 2862 702 2921 Ἀθηναῖοι
721 2868 760 2910 Θ
806 2869 1177 2922 τριακοντούτοις
1199 2868 1234 2910 Ρ
1355 2871 1409 2910 25
1436 2865 1547 2923 μετὰ
1571 2866 1736 2911 ΜΡΘε
1763 2864 1877 2922 μετὰ

203 2925 286 2981 τὴν
303 2925 347 2983 fl
369 2923 591 2983 Εὐβοίας]
625 2924 674 2968 ἐν
708 2923 759 2968 οῖ’
