2004 3202
683 147 828 189 ΠΕΡΙ
858 145 1260 189 ΘοΤΚΤΔῐΔοΤ
1703 147 1811 199 407

133 280 205 349 μὴ
253 278 442 351 ἐκείνῳ
490 281 973 348 καταδουλώσεως,
1020 283 1079 334 οἳ
1113 278 1162 333 δ’
1202 278 1291 333 ἐπὶ
1338 282 1608 334 δεσπότου
1654 301 1814 350 μετα-

70 359 71 362 “
132 371 268 439 βολῇ
309 367 411 421 οὐκ
449 367 871 440 ἀξυνετωτέρου,
908 367 1414 439 κακοξυνετωτέρου
1453 368 1548 422 δέ’
1601 369 1691 423 καὶ
1731 373 1812 423 ἔτι

75 475 131 516 36
148 458 209 510 τὸ
247 454 556 528 καῇτακορὲς
595 465 691 526 τῆς
720 466 1034 527 μεταγωγῆς
1057 458 1222 527 <τῆς>
1245 459 1304 511 ἔκ
1342 477 1399 511 τε
1429 466 1529 511 τοῦ
1559 463 1813 527 πληθυν-

131 552 287 598 τικοῦ
327 546 406 608 εἰς
442 547 503 599 τὸ
546 545 732 600 ἑνικὸν
769 546 859 600 καὶ
900 546 958 600 ἐκ
997 554 1097 600 τοῦ
1128 545 1254 616 περὶ
1292 543 1603 617 προσώπων
1642 549 1812 615 λόγου

132 635 209 696 εἰς
246 634 307 686 τὸ
347 642 447 688 τοῦ
486 634 744 703 λέγοντος
781 637 1099 705 πρόσωπον·
1146 633 1255 688 (καὶ
1296 640 1351 688 εἴ
1389 655 1463 707 τῳ
1503 636 1610 706 ἄρα
1646 635 1809 706 παρέ-

130 738 292 790 στηκε
342 723 442 776 τὸν
494 721 596 792 μὲν
648 726 1024 794 Συρακόσιον,
1080 721 1277 777 ἑαυτὸν
1330 722 1378 776 δ’
1425 723 1492 777 οὐ
1545 723 1812 793 πολέμιον

58 819 60 825 “
130 807 273 864 εἶναι
326 818 402 883 τῷ
447 810 726 884 Ἀθηναίῳ
779 811 870 864 καὶ
927 812 1115 864 δεινὸν
1166 812 1376 880 ἡγεῖται
1421 811 1560 883 ὑπέρ
1607 832 1669 880 γε
1714 820 1810 880 τῆς

131 899 259 969 ἐμῆς
297 901 664 968 κινδυνεύειν,
706 899 1075 969 ἐνθυμηθήτω
1117 900 1183 953 οὐ
1221 898 1347 970 περὶ
1382 907 1477 968 τῆς
1510 899 1639 969 ἐμῆς
1676 905 1811 970 μᾶλ-

129 993 246 1057 λον,
287 987 349 1042 ἐν
387 994 487 1061 ἴσῳ
528 985 590 1041 δὲ
627 987 717 1041 καὶ
762 996 858 1057 τῆς
908 987 1107 1042 ἑαυτοῦ
1154 989 1263 1058 ἅμα
1303 988 1364 1042 ἐν
1401 997 1465 1059 τῇ
1507 988 1605 1059 ἐμῇ
1644 991 1811 1058 μαχό-

127 1097 308 1147 μενος,
362 1078 605 1149 τοσούτῳ
662 1074 723 1130 δὲ
775 1076 866 1130 καὶ
913 1076 1337 1148 ἀσφαλέστερον,
1391 1077 1500 1149 ὅσῳ
1555 1076 1623 1130 οὐ
1675 1095 1808 1148 προ-

128 1165 546 1237 διεφθαρμένου
593 1166 743 1236 ἐμοῦ,
798 1168 939 1235 ἔχων
986 1163 1047 1219 δὲ
1094 1165 1375 1235 ξύμμαχον
1429 1163 1521 1235 ἐμὲ
1565 1164 1655 1219 καὶ
1707 1166 1809 1220 οὐκ

128 1257 328 1325 ἔρημος
366 1254 702 1323 ἀγωνιεῖται·
741 1257 840 1308 τόν
877 1275 934 1308 τε
966 1253 1266 1323 Ἀθηναῖον
1303 1255 1376 1324 μὴ
1415 1255 1517 1323 τὴν
1554 1263 1654 1308 τοῦ
1694 1259 1809 1308 Συ-

128 1346 393 1412 ρακοσίου
432 1346 642 1414 ἔχθραν
679 1344 1057 1397 κολάσασθαιῖ
1132 1351 1302 1396 ταῦτα
1339 1345 1445 1414 γὰρ
1492 1342 1582 1396 καὶ
1620 1364 1808 1416 μειρα-

126 1432 298 1500 κιώδη
345 1430 436 1484 καὶ
481 1435 742 1502 περίεργα
795 1431 886 1485 καὶ
940 1442 1051 1485 τῶν
1104 1431 1416 1501 λεγομένων
1468 1434 1807 1502 αἰνιγμάτων

127 1519 485 1591 ἀσαφέστερα.
538 1519 629 1573 καὶ
655 1520 835 1574 ἐκεῖνα
859 1523 938 1574 ἔτι
961 1522 1099 1592 πρὸς
1130 1521 1368 1583 τούτοις·
1403 1520 1511 1574 ‘noel
1543 1523 1591 1574 εἰ
1615 1523 1804 1593 γνώμῃ

127 1609 384 1679 ἁμάρτοι,
431 1618 546 1672 τοῖς
592 1609 764 1662 αὑτοῦ
809 1618 998 1672 κακοῖς
1035 1608 1375 1679 ὀλοφυρθεὶς
1412 1609 1526 1679 τάχ’
1566 1609 1636 1663 ἂν
1674 1616 1807 1674 ἴσως

124 1697 215 1750 καὶ
240 1708 354 1761 τοῖς
379 1697 529 1767 ἐμοῖς
560 1698 794 1766 ἀγαθοῖς
825 1717 956 1752 ποτε
980 1701 1283 1767 βουληθείη
1309 1694 1476 1761 αὖθις
1500 1705 1806 1768 φθονῆσαι·

126 1785 406 1839 ἀδύνατον
445 1783 506 1839 δὲ
543 1786 827 1858 προεμένῳ
859 1786 950 1839 καὶ
989 1788 1060 1856 μὴ
1100 1789 1230 1849 τοὺς
1268 1786 1469 1849 αὐτοὺς
1506 1788 1806 1851 κινδύνους

68 1892 123 1932 37
142 1875 209 1929 οὐ
247 1874 374 1946 περὶ
405 1885 516 1927 τῶν
547 1870 853 1944 ὀνομάτων,
893 1875 1031 1929 ἀλλὰ
1061 1874 1187 1946 περὶ
1219 1884 1329 1928 τῶν
1364 1875 1370 1943 Ι
1405 1875 1583 1945 ἔργων
1613 1875 1806 1945 ἐθελή-

126 1979 282 2018 σαντι
305 1964 677 2034 προσλαβεῖν.’
716 1957 799 2026 οἷς
823 1963 1138 2032 ἐπιτίθησιν
1162 1961 1292 2017 οὐδὲ
1316 1967 1576 2035 μειρακίῳ
1599 1972 1803 2033 προσῆ-

124 2073 226 2106 κον
267 2052 613 2121 ἐπιφώνημα·
653 2052 820 2124 ελόγῳ
860 2049 961 2121 μὲν
991 2054 1096 2122 γὰρ
1127 2053 1229 2120 τὴν
1259 2051 1525 2122 ἡμετέραν
1563 2052 1804 2121 δύναμιν

124 2139 286 2213 σῴζοι
327 2142 396 2193 ἄν
434 2161 534 2208 τις,
574 2142 716 2212 ἔργῳ
757 2137 818 2193 δὲ
856 2140 957 2208 τὴν
996 2139 1194 2193 ἑαυτοῦ
1235 2140 1544 2211 σωτηριάν.’

243 2291 268 2329 5
301 2285 430 2328 Thuc
453 2284 517 2328 VI
544 2289 596 2328 78
721 2289 774 2328 15
806 2284 870 2327 VI
903 2289 972 2341 78,
998 2289 1023 2328 3

122 2418 229 2462 kius
395 2423 419 2460 2
453 2415 918 2476 [κακοξυνετωτέρου]
944 2418 966 2460 f
1111 2422 1137 2460 3
1169 2424 1249 2474 τῆς
1281 2419 1390 2461 ante
1425 2417 1474 2462 ἐκ
1506 2417 1682 2462 inserui

122 2483 150 2520 4
183 2476 429 2530 πρόσωπον
460 2477 573 2521 MP:
605 2478 853 2531 προσώπου
881 2477 905 2519 f
1020 2481 1045 2521 8
1077 2474 1182 2532 πέρι
1214 2483 1317 2533 ετῆς
1347 2477 1430 2521 sed
1461 2494 1487 2533 y
1520 2491 1660 2534 supra
1692 2492 1714 2521 ε
1738 2477 1799 2534 (ie

43 2557 45 2564 ·
123 2540 191 2594 γε)
215 2536 276 2596 ΡΙ
304 2538 411 2592 post
443 2535 553 2591 ἐμῆς
590 2535 733 2579 iterat
764 2536 799 2579 P
842 2535 988 2580 uerba
1026 2536 1318 2580 κινδυνεύειν
1360 2533 1461 2580 ἐνθ’.
1497 2537 1550 2580 οὐ
1582 2536 1687 2591 περὶ
1718 2543 1800 2591 τῆς

125 2596 236 2652 ἐμῆς
407 2600 433 2638 9
467 2594 745 2653 μαχόμενος]
778 2595 1068 2652 μαχούμενος
1098 2595 1121 2637 f
1148 2608 1252 2638 cum
1278 2595 1366 2639 OG
1519 2600 1573 2638 10
1606 2594 1696 2639 ὅσω
1727 2595 1797 2640 M:

123 2653 234 2699 ὅσον
267 2654 333 2697 Pf
451 2659 502 2696 11
538 2654 775 2711 σύμμαχον
806 2654 842 2697 Ρ
959 2659 1010 2697 12
1046 2653 1215 2711 ἔρημον
1239 2654 1332 2697 ΜΡ
1438 2658 1492 2697 13
1528 2653 1760 2726 ἔχθραςρΡ
1787 2655 1794 2713 Ι

122 2716 231 2770 post
279 2711 571 2757 κολάσασθαι
610 2712 828 2756 Reiskius
869 2712 1004 2757 colon
1044 2726 1240 2769 sequens
1278 2720 1333 2771 τῇ
1366 2711 1410 2757 δ’
1434 2713 1518 2772 ἐμῇ
1564 2727 1798 2769 προφασει

122 2773 207 2829 τὴν
247 2770 428 2816 ἐκείνου
468 2769 684 2815 δουλείαν
730 2772 1078 2838 βεβαιώσασθαι
1117 2772 1370 2831 βούλεσθαι
1410 2786 1465 2815 ex
1508 2774 1548 2817 Θ
1601 2772 1798 2816 inseruit

123 2831 385 2875 sententiae
419 2844 530 2874 sane
561 2843 874 2874 necessanum
901 2833 906 2889 Ι
935 2833 1203 2888 μηρακιώδη
1229 2831 1264 2874 Ρ
1398 2837 1453 2874 14
1486 2829 1735 2888 αἰνίγματα
1759 2831 1797 2874 Ρ

243 2895 296 2934 16
330 2890 472 2934 αὑτοῦ
498 2889 565 2934 M:
594 2890 735 2933 αὐτοῦ
759 2889 829 2933 Pf
945 2895 998 2934 18
1030 2891 1268 2935 ἀδύνατον
1291 2890 1368 2934 fffi:
1394 2890 1597 2935 δυνατὸν
1613 2890 1706 2932 ΜΡ

124 2954 180 2992 20
206 2947 463 2993 ἐπιτίθεσιν
488 2949 523 2991 Ρ
615 2953 670 2991 22
702 2950 809 3005 post
833 2946 883 2992 δὲ
908 2963 1093 2993 uersum
1118 2949 1317 2994 eundem
1341 2948 1424 3005 τὴν
1456 2946 1681 3005 ἡμετέραν
1714 2948 1795 2992 δύ-

1856 656 1879 689 5

1833 1099 1878 1132 10

1831 1541 1875 1575 15

1825 1985 1872 2017 20
1912 2029 1924 2034 -
