1958 3192
800 159 1022 203 ..vm
1086 185 1140 190 ,-

139 297 267 367 gino
308 293 690 366 contaminata)
805 309 866 346 XI
903 293 1238 346 Minucianus
1287 294 1350 345 de
1390 295 1824 362 argumentorum

141 386 355 438 sedibus
447 399 529 436 XII
568 383 835 436 Maximus
876 382 1116 451 sophista
1155 381 1218 433 de
1258 381 1646 434 obiectionibus
1686 381 1824 432 inso-

138 473 401 526 lubilibus
514 487 618 524 XIII
659 489 952 540 anonymus
1001 471 1063 522 de
1111 470 1351 522 statibus
1431 470 1624 539 quibus
1663 487 1825 521 manu

145 555 357 614 diuersa
395 579 559 630 eaque
597 560 779 629 paullo
811 559 1104 611 uetustiore
1136 558 1316 626 potius
1350 577 1508 627 quam
1532 557 1827 610 recentiore

139 650 382 702 additum
439 653 519 701 est
572 664 672 700 XIV
727 647 1041 716 opusculum
1093 646 1155 699 de
1209 649 1450 699 ueterum
1505 647 1827 715 scriptorum

141 739 370 791 lectione
410 742 463 790 et
501 737 799 789 imitatione
839 755 902 787 ex
941 735 1191 803 Dionysii
1238 735 1300 787 de
1350 735 1650 787 imitatione
1687 735 1827 787 libro

145 827 311 879 altero
345 829 666 894 excerptum.
743 823 896 876 Hanc
935 824 1198 875 librorum
1238 823 1478 875 tabulam
1518 824 1610 892 qui
1647 822 1833 876 memi-

141 916 295 984 nerit,
335 913 655 984 apographis
695 912 923 980 exempli
955 911 1186 963 Parisini
1213 912 1542 964 excutiendis
1573 930 1679 963 non
1711 931 1827 980 per-

145 1004 234 1055 det
280 1021 525 1071 operam,
581 1002 722 1070 quod
773 1019 891 1052 cum
946 1000 1064 1052 aliis
1119 1000 1311 1052 accidit
1363 1003 1480 1052 tum
1518 999 1728 1052 Walzio
1776 1003 1832 1052 et

143 1090 271 1143 Iano
303 1091 486 1143 Bakio.
550 1107 647 1159 ego
688 1093 748 1141 ut
786 1090 842 1141 in
881 1107 987 1140 uno
1021 1106 1188 1158 genus
1227 1091 1402 1140 totum
1443 1106 1837 1158 cognoscerem,

146 1180 274 1232 satis
313 1179 475 1231 habui
511 1177 988 1246 Guelferbytanum
1021 1194 1097 1246 gr.
1134 1177 1202 1229 14
1242 1177 1371 1229 olim
1397 1175 1700 1229 Gudianum
1734 1174 1830 1248 (Gr)

152 1268 486 1320 chartaceum
539 1267 737 1335 partim
792 1266 1080 1318 contulisse
1134 1266 1330 1334 partim
1393 1266 1709 1334 inspexisse:
1768 1266 1833 1318 de

149 1375 253 1425 quo
287 1374 406 1408 cum
437 1356 638 1407 Bakius
678 1355 743 1407 ad
773 1354 1030 1423 Apsinem
1062 1374 1110 1423 p.
1129 1353 1251 1406 XLI
1270 1373 1344 1423 sq.
1385 1354 1592 1407 abunde
1625 1354 1835 1423 dixerit,

147 1445 272 1497 nolo
313 1448 430 1496 acta
469 1461 636 1513 agere.
715 1444 806 1495 sed
854 1443 945 1512 qui
993 1443 1235 1512 syllogen
1280 1443 1601 1496 rhetoricam
1638 1442 1833 1495 Parisi-

152 1551 275 1584 nam
322 1533 602 1602 iterarunt,
659 1549 841 1584 omnes
888 1531 1197 1584 Aristotelis
1245 1532 1565 1585 rhetoricam
1612 1535 1666 1584 et
1711 1549 1833 1600 poe-

151 1621 334 1690 ticam,
387 1619 611 1672 Maximi
652 1620 992 1689 opusculum,
1047 1624 1295 1689 excerpta
1345 1621 1407 1673 de
1454 1620 1725 1673 ueteribus
1762 1619 1834 1672 le-

152 1709 338 1778 gendis
361 1708 693 1777 Dionysiana
724 1727 969 1777 spreuere
994 1728 1165 1778 neque
1198 1710 1245 1761 ei
1278 1709 1334 1761 in
1365 1709 1626 1762 librorum
1652 1708 1836 1761 ordine

149 1796 418 1864 exemplar
471 1800 855 1864 expresserunt.
941 1816 1063 1848 nam
1112 1797 1361 1866 Dionysii
1423 1798 1622 1866 scripta
1684 1797 1835 1850 iuxta

151 1888 371 1954 ponunt,
404 1888 586 1953 artem,
611 1885 673 1937 de
698 1885 1004 1954 Thucydide
1038 1886 1338 1956 epistulam,
1370 1886 1568 1938 librum
1601 1886 1664 1938 de
1696 1903 1837 1939 com-

156 1973 421 2042 positione
462 1974 768 2042 uerborum,
815 1974 994 2042 eisque
1035 1975 1350 2027 continuant
1388 1975 1720 2027 Demetrium
1772 1975 1839 2026 de

153 2061 463 2114 elocutione.
517 2062 638 2113 hinc
669 2080 905 2131 propago
939 2063 994 2114 in
1035 2063 1166 2115 duos
1201 2063 1352 2132 quasi
1383 2082 1559 2116 ramos
1599 2063 1836 2116 discedit.
1939 2078 1944 2134 J.

154 2149 351 2202 omisso
399 2149 538 2200 enim
584 2147 886 2203 Alexandro
938 2150 1196 2220 Apsinem
1236 2151 1601 2204 Minucianum
1646 2150 1838 2203 Aristi·

155 2238 273 2290 dem
306 2237 654 2289 Menandrum
695 2238 964 2290 subiciunt
996 2240 1200 2292 codices
1235 2239 1523 2309 GudianUS,
1561 2239 1837 2292 Palatinus

160 2343 237 2394 gr.
269 2326 374 2376 277
418 2323 506 2395 (cf.
546 2325 587 2376 F
591 2326 685 2377 rid.
727 2324 1046 2396 Sylburgius
1093 2328 1322 2398 catalogi
1368 2348 1418 2397 p.
1452 2326 1569 2399 83),
1607 2328 1837 2380 Lauren-

157 2414 334 2466 tianus
380 2413 549 2482 plutei
597 2428 695 2464 LIX
731 2414 792 2464 11
845 2433 875 2465 a
919 2414 1209 2469 Nicodemo
1264 2417 1524 2469 monacho
1581 2435 1711 2469 saec.
1758 2399 1868 2468 XV*

158 2502 387 2570 scriptus
428 2500 516 2571 (cf.
558 2501 756 2553 Bakius
795 2521 844 2570 p.
869 2502 1019 2555 XXX
1046 2503 1171 2573 sq),
1210 2503 1598 2557 Ambrosianus
1639 2505 1702 2556 ‘B
1731 2504 1839 2556 164

161 2589 294 2657 sup.9
350 2589 513 2641 chart.
566 2589 762 2641 saeculi
802 2605 878 2641 XV
932 2591 1158 2644 fortasse
1214 2593 1445 2645 ineuntis
1501 2612 1566 2645 ex
1621 2591 1838 2660 Georgii

157 2677 393 2730 Merulae
440 2675 786 2729 Alexandrini
847 2678 1021 2747 libris,
1082 2681 1420 2749 eiusdemque
1466 2680 1837 2749 bybliothecae

158 2766 234 2817 <M
268 2766 337 2818 92
385 2766 518 2834 sup.'
558 2765 686 2817 olim
727 2764 1006 2818 Octauiani
1045 2767 1274 2821 Ferrarii
1322 2772 1374 2821 et
1414 2768 1470 2820 ‘J
1503 2769 1569 2820 81
1621 2768 1757 2835 sup.'
1798 2786 1838 2820 s,

159 2869 237 2906 XV
286 2852 400 2924 (sed
451 2854 505 2905 in
563 2853 663 2905 hoc
719 2872 783 2905 ex
837 2853 1181 2923 Dionysianis
1239 2857 1354 2909 sola
1403 2875 1488 2909 ars
1534 2855 1610 2908 rh.
1659 2855 1842 2926 inest),

171 2942 472 2995 Marcianus
520 2941 703 2994 classis
743 2957 845 2993 VIII
883 2942 949 2994 10
994 2945 1213 2997 membr.
1254 2963 1384 2997 saec.
1423 2959 1502 2997 XV
1549 2963 1579 2995 a
1619 2943 1840 2997 Caesare
