1958 3192
789 150 1129 194 -XXJ—

128 289 192 342 de
230 287 537 356 Thucydide
586 287 622 340 f.
663 286 990 356 881—1203
1042 286 1384 356 subiungitur
1428 285 1687 338 Demetrii
1741 287 1804 338 de

126 377 424 430 elocutione
463 375 778 445 opusculum
817 376 931 428 sine
967 374 1128 428 titulo
1167 375 1203 427 f.
1246 374 1576 428 1211—150.
1644 374 1806 427 maio-

125 484 239 519 rem
278 465 474 518 codicis
512 468 718 533 partem
757 464 879 517 inde
918 482 949 516 a
997 463 1033 517 f.
1073 463 1177 516 33v
1214 463 1446 517 Thomas
1486 463 1549 516 de
1587 462 1808 516 Zenote-

125 554 195 607 lis
240 553 326 607 vel
372 553 435 606 de
481 552 745 606 Zanetelis
784 552 1075 606 Feltrensis
1122 552 1384 621 exarauit‚
1422 544 1540 621 ‘fluo
1590 551 1808 604 librario

129 643 396 696 Barbarus
435 642 698 695 utebatur.
775 640 838 693 In
876 641 911 694 f.
954 642 1011 694 1v
1050 640 1181 694 haec
1218 640 1492 711 leguntur:
1544 639 1681 693 ‘Hoc
1718 657 1810 692 uo-

127 731 309 783 lumen
333 730 566 783 Diom‘sii
582 729 975 783 Halicarnassei
991 729 1357 799 Demetriique
1379 728 1627 782 Phalerei
1652 746 1812 797 opera

131 821 407 874 continens
473 819 903 872 doctissimorum
963 818 1203 871 uirorum
1255 817 1535 871 Hermolai
1587 816 1812 869 Barbari

130 907 351 961 Patricii
389 907 604 976 Veneti,
657 926 718 960 ac
768 906 1003 959 Thomae
1050 906 1270 975 Didymi
1315 906 1554 959 Zaneteli
1606 905 1812 958 Fertini

131 997 379 1049 manibus
418 995 800 1064 conscriptum,
853 995 1073 1063 puluere
1121 995 1366 1048 fortassis
1415 994 1507 1046 diu
1553 993 1813 1047 obtritum

134 1085 307 1155 ignari
337 1084 710 1137 homuncionis
742 1084 946 1136 incuria
976 1083 1043 1136 ad
1074 1083 1395 1137 euoluendas
1428 1083 1642 1136 uenales
1666 1100 1813 1135 escas

134 1173 345 1226 Fartori
390 1173 446 1224 in
492 1173 766 1224 tabernam
812 1172 1091 1241 traditum,
1144 1191 1172 1224 e
1217 1175 1367 1225 tanta
1414 1171 1646 1241 ingiuria
1692 1170 1811 1243 (sic)

135 1264 166 1314 a
203 1281 287 1314 me
319 1260 539 1313 Daniele
568 1260 850 1312 Tomitano
889 1260 994 1312 fuit
1033 1264 1295 1330 ereptum3
1336 1263 1616 1330 sugerente
1654 1259 1814 1312 Boni-

132 1350 269 1403 facio
299 1348 522 1402 Pasoleo
552 1348 732 1418 legum
763 1347 994 1401 Doctore
1025 1347 1293 1401 Francisci
1332 1348 1461 1416 filio,
1501 1352 1727 1418 cognato
1761 1351 1815 1401 et

134 1438 303 1491 amico
342 1437 638 1490 carissimo:
678 1435 844 1489 oeDC
891 1436 1110 1490 XXXV.
1171 1436 1273 1489 Die
1303 1436 1404 1488 Xla
1434 1437 1598 1505 Maij'.
1659 1435 1723 1488 In
1755 1454 1815 1488 ea

133 1530 284 1596 parte
342 1544 500 1595 quam
554 1525 610 1577 in
657 1525 898 1594 exemplo
945 1525 1243 1594 phototypo
1299 1525 1600 1578 examinare
1650 1524 1818 1594 licuit,

133 1615 220 1668 his
260 1615 424 1668 codex
463 1614 726 1683 discrepat
758 1633 788 1666 a
826 1617 1009 1666 nostra
1046 1612 1323 1667 lectione¹:

250 1747 295 1788 p.
332 1735 431 1784 128,
457 1734 509 1773 17
558 1730 703 1774 codex
740 1729 908 1786 incipit
947 1747 1012 1775 ων
1050 1731 1130 1774 καὶ
1161 1728 1240 1785 τὰ,
1287 1729 1336 1772 in
1381 1729 1594 1786 margine
1639 1729 1815 1786 legitur

135 1803 427 1850 θουκυδίδου
462 1803 715 1861 ἔκφρ(ασις)
744 1808 748 1859 Ι
776 1804 914 1861 π(ερὶ)
955 1801 1152 1854 στάσεως
1182 1818 1326 1859 κορκυ
1355 1804 1360 1861 Ι
1388 1801 1534 1859 ραίων
1620 1806 1674 1846 18
1705 1818 1819 1858 προ-

134 1877 403 1937 γενομήνων

258 1958 356 2008 129,
381 1957 407 1995 3
438 1952 583 1996 uerba
612 1952 662 1996 τὸ
696 1949 747 1996 δὲ
779 1965 926 2007 usque
958 1951 1019 1994 ad
1045 1956 1144 2007 129,
1168 1956 1225 1994 24
1257 1950 1482 2008 διδόμενα
1507 1950 1573 1994 sic
1598 1950 1818 1994 omittun-

136 2029 233 2071 tur:
267 2025 498 2083 εὐπρεπὴς
529 2025 578 2084 [l
603 2027 651 2084 3]
683 2025 846 2070 καὶτὰ
868 2027 1007 2070 λοιπα
1031 2022 1162 2083 μέχρι
1191 2031 1287 2082 τοῦ,
1321 2023 1479 2083 ἴσχυον
1512 2026 1596 2069 οὐκ
1621 2023 1820 2082 ἐχόντων

142 2100 343 2145 ἄλλοθεν
375 2100 578 2158 δύναμιν
709 2103 808 2155 130,
827 2104 855 2142 4
887 2097 980 2143 οὔτ’
1019 2098 1268 2155 ἐμιμησατο

260 2180 358 2230 131,
384 2180 408 2218 2
440 2181 661 2219 τοσοῦτον
690 2174 719 2230 ἡ
814 2178 836 2216 7
871 2171 959 2230 ἤδη
991 2175 1133 2216 vana
1225 2177 1276 2215 11
1311 2171 1339 2229 ἡ
1374 2169 1424 2216 δὲ
1457 2172 1566 2228 ἀσφ.
1662 2176 1715 2214 12
1748 2171 1816 2213 la-

140 2262 260 2292 cuna
293 2249 476 2292 circiter
505 2248 611 2292 XVI
641 2247 906 2292 litterarum
977 2251 1031 2290 13
1062 2246 1222 2290 hiatus
1252 2245 1349 2290 fere
1381 2245 1528 2288 XXIV
1558 2245 1822 2289 litterarum

143 2327 196 2366 15
238 2321 431 2378 ἑκάτερα
554 2327 606 2366 17
639 2322 668 2379 ἡ
700 2319 742 2366 δ’
780 2321 856 2365 ἐπὶ

261 2402 359 2453 132,
379 2402 401 2439 1
435 2398 589 2441 αὐτῶν
710 2400 735 2438 3
767 2395 949 2438 nullum
979 2394 1176 2438 lacunae
1207 2393 1434 2438 indicium
1541 2397 1594 2436 10
1626 2392 1819 2450 τούτων]

140 2474 340 2515 πλοῦτον
463 2475 516 2514 13
549 2467 927 2525 ἀποδεξαμένους
1048 2473 1102 2511 14
1135 2468 1175 2512 εἰ
1205 2468 1263 2525 δὴ
1295 2467 1439 2525 πηγή]
1472 2465 1500 2523 ἢ
1533 2465 1670 2521 λοιπή

144 2549 196 2588 17
231 2543 471 2600 δυνάμεως
502 2545 561 2596 ὡς
591 2541 642 2588 δὲ

263 2728 285 2765 1
322 2721 448 2775 Quae
494 2721 626 2765 uncis
672 2719 945 2764 inclusimus
992 2719 1041 2763 in
1087 2720 1176 2763 hac
1216 2719 1442 2774 editione,
1488 2731 1580 2761 non
1623 2714 1818 2772 respexi.

143 2809 252 2839 nam
284 2810 403 2851 quae
435 2795 636 2839 delenda
667 2794 992 2850 iudicauimuS‚
1025 2796 1191 2850 sponte
1222 2792 1513 2849 intellegitur
1542 2793 1595 2834 ut
1626 2791 1675 2833 in
1700 2791 1821 2834 cete-

145 2869 209 2912 ris
243 2869 479 2913 codicibus
512 2869 579 2912 sic
613 2869 662 2911 in
694 2869 781 2912 hoc
820 2881 1003 2923 quoque
1034 2867 1152 2924 legi3
1185 2879 1303 2922 quae
1339 2865 1699 2922 interposuimus
1732 2863 1819 2904 hoc

150 2942 282 2999 signo
316 2942 443 3002 <—>
474 2943 562 2998 usi,
594 2955 728 2986 nemo
761 2955 852 2985 non
883 2940 1068 2985 uidebit
1101 2940 1244 2984 etiam
1277 2953 1304 2982 a
1335 2939 1513 2983 Veneto
1548 2937 1721 2980 abesse.
