2004 3202
16 0 61 82 ’ξ

26 96 41 189 {³⁷
576 121 722 163 ΠΕΡΙ
752 119 1162 178 ΘοΤΚΤΔΙΔοἹῑ
1635 119 1742 172 349

883 254 907 274 Ἃ

61 256 327 324 δεχόμενα
365 253 484 323 μήτ’
524 253 837 325 ἀφαίρεσιν,
876 275 909 323 η
951 254 1215 326 ῥᾳθύμως
1255 253 1745 325 ἐπιτετροχασμένα

61 341 152 397 καὶ
185 339 316 396 οὐδὲ
354 343 456 411 τὴν
488 341 778 412 ἐλαχίστην
809 345 1048 414 ἔμφασιν
1079 345 1273 412 ἔχοντα
1303 350 1399 411 τῆς
1433 344 1745 411 δεινότητος

34 430 315 500 τέκείνης,
354 432 589 500 μάλιστα
628 429 676 483 δ’
712 431 773 484 ἐν
811 441 929 494 ταῖς
968 433 1326 502 δημηγορίαις
1360 431 1366 500 Ι
1401 417 1745 494 καῖώένκῖοῖς

62 521 343 588 διαλόγοις
380 518 471 572 καὶ
513 519 572 572 ἐν
603 529 721 583 ταῖς
753 521 944 583 ἄλλαις
979 520 1300 590 ῥητορείαις.
1363 515 1745 589 ὧτε-προνοού-

18 613 31 635 ··’
60 627 225 679 μενος
272 610 452 661 ἔοικεν
498 607 659 676 ἀτελῆ
707 609 809 677 τὴν
857 609 1107 678 ἱστορίαν
1150 611 1494 675 καταλιπεῖν,
1542 608 1615 670 ὡς
1653 607 1743 660 καὶ
1789 625 1810 657 5

15 687 30 755 ’ἦ
59 697 384 766 Κράτιππος
422 696 451 750 ὁ
493 698 843 765 συνακμάσας
882 696 1030 768 αὐτῷ
1068 695 1159 750 καὶ
1198 697 1264 750 τὰ
1293 695 1744 766 παραλειφθέντα

12 775 34 864 ,ξ’
58 783 155 839 ὑπ’
175 784 347 838 αὐτοῦ
377 786 706 854 συναγαγὼν
728 785 1022 856 γέγραφεν,
1047 785 1114 838 οὐ
1146 787 1321 854 μόνον
1343 793 1462 848 ταῖς
1483 786 1746 856 πράξεσιν

11 919 15 921 μ
61 873 231 937 αὐτὰς
263 873 518 943 ἐμποδὼν
546 879 880 942 γεγενῆσθαι
912 873 1106 942 λέγων,
1138 873 1277 927 ἀλλά
1307 872 1398 926 καὶ
1429 883 1543 937 τοῖς
1582 874 1744 928 ἀκού-

7 989 11 994 -
61 977 225 1016 ουσιν
263 963 499 1033 ὀχληρὰς
537 958 701 1015 εἶναι.
752 964 916 1015 τοῦτό
962 962 1029 1030 γέ
1069 982 1154 1016 τοι
1201 961 1437 1015 συνέντα
1475 962 1644 1016 αὐτὸν
1685 963 1744 1016 ἐν

59 1059 175 1114 τοῖς
213 1054 547 1114 τελευταίοις
584 1059 679 1119 τῆς
720 1052 962 1121 ἱστορίας
994 1050 1129 1120 φησὶ
1161 1052 1433 1120 μηδεμίαν
1463 1050 1617 1115 τάξαι
1650 1052 1744 1122 ῥη-
1769 1068 1811 1099 10

59 1143 306 1210 τορείαν,
360 1145 583 1193 πολλῶν
636 1137 737 1209 μὲν
798 1141 934 1193 κατὰ
987 1141 1089 1208 τὴν
1135 1138 1354 1192 Ἰωνίαν
1413 1139 1743 1210 γενομένων,

59 1233 283 1282 πολλῶν
321 1227 369 1282 δ’
410 1228 471 1282 ἐν
508 1237 625 1292 ταῖς
660 1227 949 1297 Ἀθήναις,
990 1229 1092 1282 ὅσα
1128 1228 1293 1297 <διά>
1333 1229 1609 1297 διαλόγων
1653 1229 1742 1283 καὶ

38 1318 416 1387 ’δημηγοριῶν
455 1317 718 1387 ἐπράχθη.
796 1322 851 1370 εἴ
884 1316 950 1385 γε’
983 1338 1067 1370 τοι
1108 1318 1209 1386 τὴν
1253 1318 1477 1386 πρώτην
1514 1317 1604 1370 καὶ
1643 1319 1745 1386 τὴν

60 1405 267 1474 ὀγδόην
297 1406 509 1474 βύβλον
548 1405 1018 1476 ἀντιπαρεξετάζοι
1056 1426 1138 1469 τις
1176 1406 1453 1474 ἀλλήλαις,
1493 1407 1619 1459 οὔτε
1650 1415 1744 1476 τῆς

60 1495 229 1564 αὐτῆς
252 1494 322 1547 ἂν
344 1493 714 1565 προαιρέσεως
739 1493 949 1558 δόξειεν
979 1494 1289 1565 ἀμφοτέρας
1319 1495 1587 1564 ὑπάρχειν
1619 1496 1743 1549 οὔτε
1770 1509 1810 1541 15

0 1606 2 1646 g
60 1591 156 1652 τῆς
194 1583 361 1651 αὐτῆς
400 1584 705 1652 δυνάμεως·
755 1582 788 1650 ἣ
828 1579 930 1652 μὲν
967 1585 1072 1653 γὰρ
1121 1583 1280 1651 ὀλίγα
1326 1584 1615 1653 πράγματα
1652 1584 1743 1638 καὶ

0 1729 2 1735 ,
62 1674 229 1743 μικρὰ
275 1671 605 1741 περιέχουσα
642 1672 883 1740 πληθύει
930 1682 1043 1725 τῶν
1090 1672 1414 1742 ῥητορειῶν,
1453 1673 1486 1740 ἢ
1520 1670 1581 1725 δὲ
1618 1671 1742 1742 περὶ

0 1789 3 1829 ς
60 1762 266 1824 πολλὰς
302 1759 394 1813 καὶ
432 1761 668 1829 μεγάλας
708 1767 1077 1830 συνταχθεῖσα
1107 1761 1327 1832 πράξεις
1359 1763 1746 1831 δημηγορικῶν

62 1853 306 1914 σπανίζει
345 1851 540 1916 λόγων.

121 1953 268 2021 ”Ηδη
309 1949 370 2004 δὲ
409 1953 578 2019 ἔγωγε
616 1951 707 2005 καὶ
748 1952 808 2005 ἐν
847 1952 1036 2015 αὐταῖς
1082 1952 1243 2017 ἔδοξα
1281 1962 1400 2016 ταῖς
1439 1953 1744 2022 ῥητορείαις
1765 1952 1828 2004 17

0 2027 2 2089 ἶ
62 2050 225 2096 τοῦτο
274 2039 673 2109 συμβεβηκέναι
727 2048 802 2112 τῷ
853 2040 1017 2111 ἀνδρὶ
1067 2043 1127 2094 τὸ
1174 2043 1385 2109 πάθος,
1440 2043 1571 2103 ὥςτε
1617 2039 1742 2110 περὶ
1768 2055 1809 2086 21

0 2143 1 2146 ’
61 2131 163 2199 τὴν
209 2130 380 2197 αὐτὴν
425 2129 701 2182 ὑπόθεσιν
745 2128 835 2182 καὶ
883 2129 943 2182 ἐν
988 2137 1064 2201 τῷ
1110 2129 1258 2201 αὐτῷ
1303 2136 1477 2201 καιρῷ
1526 2127 1743 2182 τιθέναι

62 2215 163 2289 μὲν
216 2218 279 2280 ἃς
332 2217 433 2271 οὐκ
488 2219 624 2285 ἔδει,
680 2223 1011 2287 παραλιπεῖν
1068 2215 1129 2271 δὲ
1185 2218 1248 2281 ἃς
1302 2219 1412 2271 ἔδει
1469 2216 1742 2285 λέγεσθαι.

63 2300 185 2360 οἷόν
223 2327 274 2359 τι
313 2305 403 2358 καὶ
442 2304 566 2375 περὶ
599 2313 694 2373 τῆς
726 2309 1123 2374 Μυτιληναίων
1160 2309 1368 2369 πόλεως
1399 2306 1460 2359 ἐν
1490 2314 1553 2375 τῇ
1587 2308 1742 2375 τρίτῃ

183 2456 206 2494 1
240 2449 485 2507 ἀφαίρεσις
515 2466 571 2507 pr
594 2450 628 2492 P
734 2455 759 2493 3
793 2448 844 2494 δὲ
877 2450 900 2492 f
1022 2457 1049 2494 4
1080 2458 1181 2502 ταῖς
1212 2449 1446 2507 διαλόγοις
1469 2450 1504 2493 Ρ
1533 2452 1538 2507 Ι
1566 2449 1630 2494 ὣν
1648 2450 1682 2493 Ρ

31 2558 35 2561 ,
66 2514 92 2554 6
125 2509 420 2567 συναγμάσας
444 2510 478 2552 Ρ
507 2511 512 2567 Ι
541 2510 664 2567 αὐτῷ
689 2512 927 2566 suspectat
951 2509 1224 2554 Schaeferus
1252 2510 1586 2567 Quellenkwnde
1615 2525 1646 2566 p
1664 2509 1743 2552 32⁴

31 2590 34 2596 ·
65 2569 209 2628 <σοὶ>
242 2570 366 2628 αὐτῷ
404 2568 481 2612 uel
521 2569 643 2627 αὐτῷ
677 2567 822 2627 <σοι>
854 2568 896 2611 ci
930 2569 1137 2612 Stahlius
1169 2569 1237 2613 De
1270 2569 1491 2626 Cratippo
1524 2569 1738 2626 (Monast.

28 2675 35 2679 .
68 2630 198 2685 1887)
231 2643 261 2685 p
296 2633 350 2671 14
378 2629 383 2685 Ι
412 2625 836 2685 παραλ[ει]φθέντα
870 2642 974 2671 cum
1004 2627 1147 2672 litura
1174 2628 1223 2671 M
1345 2633 1368 2672 7
1401 2635 1676 2685 συναγαγὼν
1707 2627 1742 2669 Ρ

4 2696 6 2698 ·
124 2691 149 2730 8
183 2687 346 2738 αὐταῖς
369 2686 509 2731 MPf:
542 2700 644 2730 corr
674 2685 889 2730 Reiskius
993 2692 1046 2730 12
1078 2686 1323 2746 ἀθήνα[ις]
1356 2701 1460 2731 cum
1490 2687 1634 2730 litura
1664 2686 1736 2744 ΜΙ

8 2752 25 2803 ἲς
67 2744 147 2789 διὰ
185 2746 413 2803 διαλόγων
452 2746 736 2802 Kruegerus:
784 2744 863 2789 διὰ
901 2743 1047 2803 λόγων
1078 2746 1164 2790 Mf
1204 2745 1435 2804 διαλόγων
1467 2746 1502 2789 Ρ
1546 2746 1594 2789 cf
1620 2745 1741 2788 infra

7 2808 27 2845 ιὲ
68 2817 93 2846 c
116 2808 288 2848 37—41
487 2810 540 2848 14
573 2805 742 2863 βύβλον
767 2804 822 2847 P:
863 2803 1021 2863 βίβλον
1044 2805 1125 2848 Mf
1293 2811 1346 2849 17
1385 2803 1599 2861 πληθείει
1634 2804 1681 2847 Μ

68 2866 123 2906 23
139 2866 394 2919 παραλιπεῖ
407 2864 464 2907 Pl
487 2861 790 2919 παραλείπειν
808 2862 1013 2908 Sadaeus
1030 2870 1156 2921 p216
1250 2869 1306 2908 24
1323 2863 1633 2921 μιτυληναίων
1652 2862 1711 2915 M,
1723 2861 1744 2903 f

68 2921 365 2975 μιτιλυναίων
389 2923 424 2965 Ρ
