1958 3192
28 2967 42 3057 ᾗ

28 3058 49 3093 ὅ.

28 3103 52 3192 ἒ

799 155 1094 199 -ΧῙ-

101 291 276 360 capita
314 290 468 344 XXV
514 290 634 343 inde
674 309 704 343 a
741 310 791 360 p.
836 290 1012 360 194‚5
1044 291 1106 344 R.
1154 295 1475 362 μυστηρίοις
1528 289 1630 362 μὲν
1684 290 1787 346 οὖν

101 383 155 433 et
167 377 350 432 XXVI
375 382 533 448 atque
558 379 732 448 operis
751 379 814 432 de
839 379 1073 449 antiquis
1091 380 1392 433 oratoribus
1416 381 1786 449 prohoemium

103 486 273 538 usque
313 469 379 520 ad
417 467 577 521 huius
618 468 867 521 editionis
906 487 955 537 p.
999 468 1045 538 7,
1081 469 1147 520 12
1189 467 1328 522 ἐάσω
1369 469 1555 522 desint.
1626 470 1788 522 etiam

105 556 198 626 qui
242 557 404 610 tertio
450 556 567 609 loco
618 557 837 625 ponitur
881 556 1095 610 libellus
1143 557 1206 610 de
1245 542 1516 610 Dinarcho
1563 558 1787 611 mutilus

104 648 188 698 est
201 689 216 715 ⁷
271 645 316 698 si
356 645 570 714 quidem
618 646 963 714 quaternione
1001 644 1134 698 XIII
1185 649 1421 699 extremo
1475 647 1511 699 f.
1555 647 1687 700 104v
1732 646 1788 699 in

105 733 281 786 medio
322 734 597 786 enuntiato
639 734 727 787 ὅτε
765 733 855 787 καὶ
1021 734 1377 803 abrumpitur:
1429 754 1588 804 quam
1627 736 1790 788 iactu-

101 841 215 874 ram
263 841 324 875 eo
373 822 583 894 aegrius
633 823 878 892 ferimus,
933 841 1037 892 quo
1084 823 1261 876 minus
1310 824 1422 892 spei
1468 823 1792 893 relinquitur

8 919 26 986 2
103 910 315 964 aliunde
361 911 673 964 restitutum
723 912 804 963 iri.
880 911 1119 980 priorum
1167 912 1307 964 enim
1353 912 1613 965 librorum
1665 913 1789 966 duo-

7 994 24 1050 5
104 1018 223 1051 rum
256 1018 377 1052 cum
410 1000 570 1052 etiam
604 1000 696 1052 alii
727 1004 891 1054 testes
923 1000 1206 1069 supersint,
1236 1000 1396 1053 huius
1428 1001 1599 1054 libelli
1625 1002 1790 1055 codex

12 1079 13 1114 3
99 1088 491 1141 Laurentianus
537 1089 658 1142 fons
706 1089 894 1142 unicus
945 1092 1038 1142 est.
1119 1088 1366 1142 Codicem
1417 1088 1789 1143 Constantino-

101 1176 213 1245 poli
253 1177 419 1229 altero
467 1177 658 1230 itinere
707 1176 906 1230 Graeco
954 1178 1233 1230 inuentum
1289 1197 1427 1231 anno
1472 1179 1609 1232 1491
1664 1197 1694 1231 a
1734 1197 1790 1231 se

16 1318 21 1323 ,
102 1268 446 1334 emptumque
507 1264 668 1318 Ianus
728 1265 974 1318 Lascaris
1036 1266 1266 1335 epistula
1327 1267 1393 1318 ad
1453 1267 1789 1320 Demetrium

16 1368 26 1390 -·
107 1352 523 1422 Chalcondylam
587 1354 710 1406 data
770 1354 1054 1423 testatur¹‚
1115 1355 1171 1406 in
1232 1354 1508 1408 Laurentii
1562 1355 1790 1409 Medicei

34 1436 40 1441 ’
101 1441 498 1510 bybliothecam
553 1442 780 1495 relatum
835 1443 941 1495 iam
997 1443 1270 1513 catalogus
1334 1444 1458 1496 anni
1517 1444 1658 1498 1495
1714 1445 1791 1496 in-

29 1548 33 1550 ·
100 1530 257 1582 dicat.

214 1618 581 1688 Apographon
629 1619 860 1689 exempli
896 1619 1243 1673 Laurentiani
1286 1621 1342 1672 in
1382 1621 1648 1691 farragine
1695 1621 1791 1674 mi-

102 1707 264 1760 scella
302 1707 499 1760 codicis
532 1707 782 1761 Vaticani
820 1726 897 1778 gr.
924 1709 996 1761 64
1034 1709 1199 1762 latere
1241 1708 1462 1762 Carolus
1504 1710 1791 1779 Diltheyus

10 1776 11 1812 3
102 1814 251 1848 meus
291 1796 575 1865 perspexit.
654 1797 746 1866 qui
794 1797 960 1850 codex
1006 1816 1144 1851 anno
1190 1799 1377 1850 mundi
1418 1800 1484 1852 67
1495 1795 1560 1852 78
1609 1798 1696 1852 uel
1742 1818 1792 1869 p.

102 1883 223 1937 Chr.
276 1885 508 1953 1269s70
563 1884 970 1939 Thessalonicae
1017 1887 1248 1956 scriptus
1294 1890 1418 1956 post
1463 1887 1634 1939 multa
1688 1887 1792 1939 alia

104 1992 238 2042 quae
285 1973 436 2026 Ferd.
478 1973 779 2027 Schultzius
827 1975 892 2027 ad
937 1974 1258 2028 Aeschinem
1304 1976 1468 2045 praef.
1519 1995 1569 2045 p.
1608 1974 1794 2028 XXIII

26 2092 36 2099 -
103 2062 374 2131 indicauit,
413 2081 512 2132 ego
552 2062 605 2115 in
645 2063 976 2117 Fleckeiseni
1016 2083 1133 2117 ann.
1174 2064 1206 2117 l.
1241 2082 1280 2117 s,
1311 2084 1362 2133 p.
1398 2064 1518 2133 146,
1547 2066 1574 2116 1
1616 2083 1791 2118 recen-

33 2154 38 2160 '
101 2149 240 2219 sui2‚
294 2151 416 2203 inde
470 2170 500 2203 a
553 2152 588 2204 f.
636 2152 744 2204 226
805 2153 1066 2221 quidquid
1120 2153 1174 2204 in
1228 2153 1586 2206 Laurentiano
1638 2153 1795 2222 inest,

221 2317 242 2354 1
277 2312 543 2368 Epistulam
583 2325 801 2370 graecam
841 2313 1052 2356 Lascaris
1085 2312 1267 2357 Aeneas
1299 2313 1602 2357 Piccolomini
1643 2312 1794 2356 edidit

101 2386 284 2430 Rivista
323 2387 373 2430 di
401 2387 604 2444 filoloyia
638 2391 752 2430 1874
783 2388 815 2430 t.
843 2387 884 2429 H
913 2402 958 2443 p.
985 2391 1070 2430 417
1098 2402 1212 2443 sqq.‚
1259 2387 1414 2430 locum
1462 2387 1519 2430 de
1566 2387 1792 2444 Dionysio

41 2519 43 2522 ι
99 2459 310 2503 inuenies
357 2475 399 2516 p.
422 2464 508 2504 419
550 2459 605 2503 cf.
653 2475 697 2516 p.
731 2465 830 2504 410.
926 2459 1140 2518 Catalogi
1193 2461 1515 2505 testimonium
1555 2461 1700 2504 habes
1744 2461 1794 2504 in

101 2532 223 2576 libro
255 2534 449 2579 Intorno
488 2534 576 2578 alle
614 2534 876 2579 condizioni
905 2535 960 2579 ed
990 2535 1078 2579 alle
1109 2535 1290 2580 vicende
1323 2535 1442 2579 della
1474 2536 1660 2580 libreria
1693 2536 1795 2579 Me-

99 2606 228 2651 dafeca
252 2609 442 2664 privata
471 2609 664 2653 ricerehe
703 2608 753 2652 da
783 2609 842 2652 Ε.
878 2609 1179 2654 Piccolomini
1216 2610 1449 2666 (Archivio
1488 2611 1652 2654 storico
1690 2611 1788 2653 Ita-

102 2681 228 2725 liano
262 2694 344 2725 ser.
378 2681 442 2724 ΠΙ
472 2683 504 2725 t.
540 2681 642 2740 XX)
677 2686 790 2726 1875
823 2698 867 2739 p.
897 2687 952 2726 82
984 2697 1028 2726 n.
1058 2687 1155 2726 367.

224 2760 248 2799 2
283 2755 464 2812 Operae
497 2756 702 2813 pretium
732 2756 941 2799 facturus
981 2757 1098 2800 mihi
1136 2757 1312 2812 uideor,
1353 2757 1391 2800 si
1434 2756 1702 2814 catalogum
1734 2756 1788 2798 li-

102 2828 291 2873 brorum
331 2831 535 2874 extremo
576 2830 736 2874 codice
779 2830 986 2887 positum
1025 2830 1136 2874 olim
1167 2830 1196 2874 l.
1225 2845 1257 2875 s.
1289 2846 1333 2887 p.
1363 2835 1461 2886 147,
1487 2836 1512 2874 2
1561 2843 1653 2873 non
1694 2829 1794 2872 sine

103 2903 334 2947 erroribus
354 2904 546 2959 editum,
579 2906 837 2947 correctum
869 2903 927 2947 ab
946 2904 1104 2948 Eltero
1130 2904 1410 2961 repetiuero:
1446 2904 1532 2948 εἰσὶ
1558 2903 1614 2947 τὰ
1638 2901 1794 2961 βιβλία

104 2974 221 3031 ἅπερ
264 2974 487 3034 κέκτημαι
526 2984 672 3021 ταῦτα
713 2976 763 3022 ἐν
798 2975 1133 3034 Θεσσαλονίκης
1182 2975 1592 3034 τετραευάγγελον,
1638 2992 1795 3031 τριμη-
