1958 3192
860 138 1134 180 -Χ-

154 293 282 328 eum
321 291 418 343 ego
459 273 672 343 quidem
711 273 766 325 in
804 273 942 327 libro
983 274 1045 326 de
1084 291 1254 342 comp.
1293 274 1455 342 uerb.,
1495 273 1624 325 artis
1656 273 1842 341 capiti-

157 364 260 416 bus
299 361 601 430 VIII—XI,
647 361 877 430 epistula
915 362 980 414 ad
1011 359 1327 414 Ammaeum
1360 361 1630 415 conlatum
1667 361 1839 413 habeo

156 471 191 504 a
220 451 472 520 Philippo
508 449 847 502 Kohlmanno
879 449 971 502 Dr.
1003 450 1121 502 uiro
1156 450 1347 502 studiis
1387 451 1443 502 in
1475 449 1648 502 Statio
1680 452 1841 518 poeta

155 539 450 593 conlocatis
480 538 705 591 notabili
735 538 964 592 Emdeni
996 556 1132 590 anno
1164 537 1214 590 h.
1240 556 1280 590 S.
1303 537 1580 590 LXXXIX
1610 540 1841 606 mortu0‚

159 630 215 680 in
261 631 373 680 arte
421 628 628 697 generis
676 627 1081 680 demonstratiui
1123 624 1275 696 (artis
1314 625 1545 698 I—VII)
1587 645 1617 678 a
1649 625 1838 678 Carolo

162 715 343 769 Graux
388 715 505 768 uiro
553 716 766 786 egregio
806 715 890 767 his
934 714 1124 767 studiis
1156 714 1463 784 patriaeque
1502 718 1839 783 praematura

160 806 333 856 morte
358 804 591 872 abrepto.
645 805 711 855 ad
727 804 957 872 primum
983 806 1160 855 autem
1183 803 1381 855 librum
1405 803 1734 872 insperatum
1759 822 1838 855 ac-

158 893 320 945 cessit
345 893 656 962 subsidium,
688 911 806 944 cum
840 911 904 944 ex
935 891 1087 944 libris
1120 910 1150 944 a
1181 890 1300 944 Chr.
1325 892 1606 945 Brandisio
1637 891 1838 944 relictis

159 980 447 1033 editionem
477 980 540 1033 R.
575 979 830 1049 Stephani
870 980 1130 1050 emissem,
1170 980 1237 1032 ad
1274 980 1423 1033 cuius
1455 981 1722 1050 margines
1753 979 1840 1032 uir

158 1069 347 1121 doctus
386 1069 562 1121 nescio
615 1069 733 1137 quis
784 1071 876 1120 aut
920 1068 1023 1121 hoc
1069 1069 1278 1121 saeculo
1329 1069 1545 1121 ineunte
1592 1071 1685 1120 aut
1720 1086 1839 1137 pro-

159 1157 303 1209 ximo
344 1157 410 1208 ad
439 1158 599 1209 finem
638 1160 890 1227 uergente
929 1157 1126 1210 codicis
1157 1156 1388 1209 Parisini
1417 1157 1701 1210 lectionem
1735 1156 1839 1208 dis-

158 1249 460 1314 crepantem
500 1245 630 1298 satis
676 1249 916 1298 accurate
966 1248 1290 1298 enotauerat.
1396 1263 1495 1316 ego
1534 1245 1837 1314 exemplum

159 1333 337 1386 nobile
387 1352 524 1386 anno
570 1334 620 1386 h.
661 1352 700 1386 S.
738 1333 958 1404 LXXX,
1007 1353 1127 1387 cum
1175 1334 1405 1387 Bonneti
1449 1334 1554 1386 mei
1599 1334 1836 1403 hospitio

159 1421 541 1474 iucundissimo
572 1425 765 1492 uterer,
797 1441 901 1491 qua
930 1423 1083 1491 potui
1116 1422 1393 1493 diligentia
1415 1423 1694 1492 praesidiis
1726 1423 1835 1475 illis

160 1509 417 1562 adhibitis
456 1528 563 1563 non
603 1511 715 1563 sine
753 1511 932 1563 fructu
971 1511 1150 1581 relegi.

270 1597 323 1650 II
359 1597 603 1651 Alterum
636 1599 936 1668 exemplum
959 1599 1399 1652 Florentinum
1431 1603 1513 1653 est
1543 1601 1598 1652 in
1629 1599 1836 1669 byblio-

156 1686 314 1738 theca
364 1686 720 1740 Laurentiana
771 1688 936 1757 plutei
984 1703 1084 1741 le
1130 1689 1294 1741 codex
1345 1687 1448 1741 XV
1496 1687 1584 1760 (F)
1640 1689 1836 1741 saeculi

159 1774 503 1828 duodecimi.l
571 1776 753 1828 insunt
798 1777 854 1828 in
901 1795 962 1829 eo
1008 1792 1029 1829 1
1060 1777 1307 1846 Dionysii
1347 1778 1410 1830 de
1449 1777 1833 1846 compositione

157 1863 443 1915 uerborum
483 1866 856 1918 commentatio
951 1881 993 1917 ΙΙ
1033 1866 1267 1918 eiusdem
1306 1866 1369 1918 de
1409 1866 1708 1919 oratoribus
1748 1884 1835 1918 an-

158 1950 326 2019 tiquis
365 1954 542 2004 tomus
580 1953 726 2020 prior
763 1953 826 2006 ie.
878 1954 940 2007 de
979 1954 1141 2023 Lysia
1178 1953 1411 2007 Isocrate
1450 1953 1600 2007 Isaeo
1641 1954 1835 2007 iudicia

159 2053 223 2089 111
269 2039 502 2091 eiusdem
550 2040 612 2092 de
650 2039 918 2095 Dinarcho
964 2043 1100 2095 liber
1211 2058 1271 2096 IV
1308 2043 1481 2095 Flauii
1518 2042 1834 2095 Philostrati

158 2126 303 2179 uitae
343 2126 723 2198 sophistarum,
769 2133 828 2182 ut
866 2134 1044 2184 tamen
1081 2132 1207 2184 libri
1236 2130 1290 2184 II
1329 2135 1597 2200 postrema
1636 2130 1834 2184 deside-

159 2219 344 2268 rentur
418 2230 454 2266 V
488 2213 778 2269 Callistrati
810 2218 1190 2288 descriptiones
1216 2218 1554 2291 (ἐκφράσεις)
1632 2235 1693 2271 VI
1715 2217 1835 2271 Ari-

158 2304 315 2358 stidis
353 2303 583 2356 rhetoris
622 2306 885 2358 orationes
925 2308 1158 2377 quinque
1193 2307 1270 2360 IX
1308 2307 1387 2360 VI
1425 2307 1451 2360 I
1487 2307 1646 2360 XVII
1683 2306 1832 2360 VIII.

162 2392 300 2445 Casu
339 2393 536 2447 infelici
573 2396 716 2447 inter
746 2396 970 2463 primam
1003 2401 1055 2449 et
1086 2397 1367 2450 secundam
1398 2396 1594 2450 codicis
1625 2400 1830 2465 partem

157 2481 246 2534 uel
286 2482 423 2534 inter
462 2483 705 2551 quintum
757 2486 809 2535 et
847 2487 1056 2536 sextum
1103 2485 1502 2554 quaternionem
1547 2485 1832 2538 fasciculus

158 2569 235 2621 ita
281 2570 505 2638 interiit,
557 2574 618 2622 ut
664 2572 767 2623 iam
814 2571 937 2624 libri
992 2573 1054 2625 de
1108 2574 1490 2642 compositione
1543 2573 1829 2626 uerborum

280 2793 302 2831 1
336 2787 404 2831 De
436 2788 582 2831 altero
626 2790 673 2832 et
704 2790 841 2833 tertio
885 2791 1096 2835 codicum
1126 2806 1294 2850 genere
1326 2793 1423 2836 dixi
1454 2792 1566 2836 olim
1596 2792 1645 2835 in
1669 2791 1830 2836 Fleck-

158 2861 306 2905 eiseni
338 2861 496 2904 annali
529 2875 567 2904 a.
605 2867 716 2905 1873
756 2879 798 2919 p.
835 2869 917 2906 145
944 2879 1056 2921 sqq.‚
1098 2867 1154 2908 de
1194 2866 1352 2910 codice
1383 2865 1650 2910 Florentino
1692 2866 1829 2922 plura

159 2935 308 2978 tradit
338 2934 545 2979 Sadaeus
578 2935 686 2979 libri
718 2936 838 2979 infra
870 2953 913 2993 p.
947 2937 1051 2981 XIII
1081 2939 1277 2984 indicati
1307 2955 1349 2996 p.
1385 2945 1439 2983 32
1466 2954 1563 2995 sqq.
