2004 3202
254 96 361 149 382
671 97 1012 142 AION‘eroT
1042 97 1510 139 ΑΛΙΚΑΡΝΑΣΕΩΣ

255 231 458 304 ἑκάστῳ
497 233 772 302 πράγματι
811 229 1135 302 παρατιθεὶς
1165 231 1263 283 τὸν
1302 233 1487 300 λόγον,
1528 232 1611 285 ὅτι
1642 231 1799 284 ταυτὶ
1830 229 1932 302 μὲν

253 321 354 374 οὐκ
392 317 462 389 ἦν
501 320 778 389 ἐπιτήδεια
819 320 878 372 ἐν
916 320 1091 390 τούτῳ
1131 326 1207 391 τῷ
1237 325 1410 391 καιρῷ
1440 318 1531 372 καὶ
1570 320 1678 372 ὑπὸ
1718 322 1931 374 τούτων

251 420 362 462 τῶν
392 410 702 480 προσώπων
733 409 1011 476 λέγεσθαι,
1043 406 1200 460 ταυτὶ
1233 406 1284 460 δ’
1317 407 1418 461 οὐκ
1450 407 1537 461 ἐπὶ
1567 409 1785 471 τούτοις
1815 419 1930 473 τοῖς
1984 435 1985 438 “

250 500 567 570 πράγμασιν
606 495 736 552 οὐδὲ
774 497 931 567 μέχρι
963 497 1181 565 τούτου,
1221 497 1698 567 δυσχεραίνουσιν,
1737 499 1932 567 ὅμοιόν

207 607 227 637 5
252 608 304 640 τι
355 589 655 656 πάσχοντες
701 595 815 648 τοῖς
861 585 1280 656 κεκρατημένοις
1332 584 1428 654 ὑφ’
1477 586 1596 649 οἵας
1649 588 1719 655 δή
1779 607 1930 665 τινος

251 678 426 740 ὄψεως
465 679 623 747 ἔρωτι
663 676 734 744 μὴ
766 677 909 728 πολὺ
942 673 1200 744 ἀπέχοντι
1239 677 1450 744 μανίας.
1505 674 1710 728 ἐκεῖνοί
1735 695 1794 728 τε
1824 678 1929 746 γὰρ

249 767 425 827 πάσας
484 766 579 826 τὰς
649 764 898 834 ἀρετάς,
939 764 1138 817 ὁπόσαι
1206 767 1457 831 γίνονται
1525 762 1650 833 περὶ
1711 767 1931 835 μορφὰς

250 851 577 925 εὐΙπρεπεῖς,
616 862 735 916 ταῖς
771 851 1349 922 καταδεδουλωμέναις
1388 853 1589 915 αὑτοὺς
1626 862 1913 923 προσεῖναι
1927 863 1958 903 8

249 946 556 1011 νομίζουσι,
602 941 693 994 καὶ
739 944 869 1004 τοὺς
916 941 1261 1006 ἐξονειδίζειν
1309 941 1742 1011 ἐπιχειροῦντας,
1790 948 1844 995 εἴ
1876 963 1928 996 τι

186 1051 225 1081 10
249 1029 373 1100 περὶ
421 1031 588 1094 αὐτὰς
632 1031 865 1101 ὑπάρχει
912 1034 1088 1099 σίνος,
1145 1032 1216 1093 ὡς
1265 1032 1576 1100 βασκάνους
1630 1029 1719 1083 καὶ
1768 1046 1930 1084 συκο-.

250 1121 460 1188 φάντας
498 1118 923 1190 προβέβληνται·
972 1116 1132 1173 οὗτοί
1165 1140 1222 1172 τε
1260 1121 1369 1173 ὑπὸ
1416 1128 1511 1188 τῆς
1557 1129 1684 1189 μιᾶς
1729 1121 1931 1189 ταύτης

249 1209 442 1278 ἀρετῆς
486 1207 854 1279 κεκαρωμένοι
895 1210 1002 1277 ,τὴν
1048 1210 1303 1262 διάνοιαν
1354 1210 1566 1262 ἅπαντα
1611 1207 1703 1262 καὶ
1749 1210 1815 1262 τά
1853 1210 1926 1278 μὴ

247 1299 526 1367 προσόντα
564 1304 639 1367 τῷ
679 1306 989 1368 συγγραφεῖ
1025 1306 1424 1368 μαρτυροῦσίν·
1473 1298 1506 1350 ἃ
1552 1299 1657 1368 γὰρ
1705 1297 1929 1361 ἕκαστος

249 1382 390 1439 εἶναι
436 1387 693 1455 βούλεται
739 1385 864 1457 περὶ
910 1387 971 1439 τὸ
1021 1387 1363 1456 φιλούμενόν
1411 1406 1468 1439 τε
1513 1385 1604 1439 καὶ
1650 1390 1929 1457 θαυμαζό-

181 1494 221 1525 15
246 1495 414 1544 μενον
459 1473 555 1544 ὑφ’
597 1474 819 1544 ἑαυτοῦ,
867 1483 1037 1528 ταῦτα
1083 1481 1267 1528 οἰέται.
1353 1476 1472 1529 ὅσοι
1528 1474 1575 1527 δ’
1623 1475 1926 1530 ἀδέκαστον

246 1566 363 1632 τὴν
385 1565 640 1618 διάνοιαν
679 1566 1026 1634 φυλάσσουσι
1061 1563 1151 1617 καὶ
1190 1565 1291 1632 τὴν
1323 1563 1564 1628 ἐξέτασιν
1602 1575 1712 1618 τῶν
1744 1567 1928 1632 λόγων

247 1652 334 1705 ἐπὶ
373 1656 501 1716 τοὺς
541 1653 750 1722 ὀρθοὺς
787 1655 1024 1715 κανόνας
1064 1652 1464 1723 ἀναφέρουσιν,
1505 1658 1560 1705 εἴ
1591 1673 1649 1706 τε
1688 1661 1926 1722 φυσικῆς

245 1762 395 1804 τινος
448 1745 678 1811 κρίσεως
731 1745 1115 1811 μετειληφότες
1170 1747 1224 1794 εἴ
1271 1762 1328 1794 τε
1389 1740 1480 1794 καὶ
1543 1743 1635 1794 διὰ
1697 1743 1924 1811 διδαχῆς

248 1831 443 1901 ἰσχυρὰ
497 1832 562 1882 τὰ
627 1833 879 1900 κριτήρια
939 1831 1461 1898 κατασκευάσαντες,
1524 1832 1649 1883 οὔτε
1710 1831 1931 1884 ἅπαντα

179 1938 220 1967 20
247 1918 570 1972 ἐπαινοῦσιν
610 1918 688 1971 ἐπ’
722 1925 842 1988 ἴσης
875 1920 1000 1972 οὔτε
1030 1921 1168 1990 πρὸς
1201 1920 1412 1972 ἅπαντα
1443 1921 1923 1990 δυσχεραίνουσιν,

245 2007 382 2060 ἀλλά
437 2018 550 2071 τοῖς
605 2006 705 2078 μὲν
758 2010 1147 2078 κατορθώμασι
1201 2010 1303 2077 τὴν
1354 2011 1744 2079 προσήκουσαν
1789 2029 1922 2079 μαρ-

243 2101 441 2167 τυριάν
487 2096 885 2166 ἀπονέμουσιν,
941 2099 987 2150 εἰ
1039 2096 1104 2150 δέ
1145 2117 1196 2149 τι
1245 2098 1604 2166 διημάρτηται
1651 2096 1814 2167 μέρος
1862 2096 1923 2149 ἐν

157 2186 454 2254 ἑῖἴωύτοῖς,
510 2186 609 2239 οὐκ
665 2185 1001 2239 ἐπαινοῦσιν.
1060 2187 1065 2255 Ι
1124 2186 1152 2239 ὁ
1201 2193 1341 2254 γοῦν
1388 2184 1475 2238 ἐπὶ
1521 2187 1745 2238 πάντων
1799 2185 1903 2253 ἐγὼ
1921 2203 1974 2244 89

243 2284 354 2326 τῶν
394 2275 631 2343 ἐμαυτοῦ
668 2276 1044 2345 θεωρημάτων
1082 2278 1319 2338 κανόνας
1356 2274 1755 2344 ὑποτιθέμενος
1796 2276 1924 2328 οὔτε·

179 2385 218 2414 27>
243 2365 512 2432 πρότερον
567 2366 783 2431 ὤκνησα
836 2366 902 2416 τὰ
958 2365 1228 2417 δοκοῦντά
1274 2385 1367 2433 μοι
1407 2362 1599 2434 φέρειν
1645 2363 1699 2425 ἐς
1751 2363 1924 2432 μέσον·

364 2556 385 2593 1
420 2554 676 2605 περιτιθεὶς
707 2554 754 2595 Μ
765 2554 846 2599 Pf:
883 2569 983 2598 corr
1016 2554 1289 2611 Sylburgius
1441 2558 1465 2596 2
1499 2552 1592 2596 fort
1612 2552 1767 2611 “corbulo
1801 2551 1918 2612 <τε>

243 2613 304 2666 τῷ
427 2615 452 2652 8
486 2613 654 2661 αὐτοὺς
685 2613 823 2658 MPf:
860 2628 959 2657 corr
993 2614 1199 2657 Sadaeus
1225 2629 1255 2669 p
1283 2617 1366 2656 186
1488 2617 1513 2655 9
1548 2609 1851 2665 ἐξουθενίζειν
1876 2610 1918 2670 οἱ

246 2667 519 2724 Sylburgius
549 2673 554 2724 Ι
581 2672 644 2728 τι]
670 2687 737 2720 τις
761 2672 885 2714 MPf
986 2678 1038 2715 10
1072 2681 1197 2724 σῐνος
1228 2671 1353 2715 MPf
1379 2670 1535 2721 σπίλος
1567 2669 1609 2714 ci
1643 2669 1916 2726 Sylburgius

363 2733 415 2770 15
463 2735 607 2771 ταῦτα
640 2730 787 2787 <καὶ>
830 2730 973 2774 οἴεται
1005 2731 1047 2774 ci
1079 2732 1341 2788 Kruegerus
1374 2731 1423 2774 cf
1448 2728 1684 2773 Demosbh.
1719 2742 1770 2771 01·
1794 2733 1833 2784 3,
1861 2733 1914 2771 19

242 2801 273 2842 p
300 2791 368 2841 34,
397 2793 417 2829 1
455 2786 626 2830 charit..
655 2788 717 2830 VI
742 2794 781 2843 5,
811 2795 830 2830 1
863 2791 867 2844 Ι
896 2787 946 2832 δὲ
979 2790 1002 2831 f
1193 2795 1246 2833 18
1279 2790 1359 2834 καὶ
1389 2788 1470 2833 διὰ
1499 2788 1613 2831 MP:
1647 2787 1726 2830 καὶ
1750 2787 1774 2829 f

245 2852 300 2890 20
335 2844 491 2901 ἐπίσης
516 2846 538 2887 f
625 2852 678 2888 23
714 2847 736 2890 ὁ
770 2849 902 2904 γοῦν]
939 2847 1034 2891 οὔτ’
1066 2847 1150 2892 οὖν
1174 2849 1299 2891 MPf
1327 2847 1468 2898 οὕτως
1501 2843 1584 2890 οὖν
1617 2845 1659 2888 ci
1683 2845 1914 2899 Reiskius,

246 2908 416 2950 οὐκοῦν
441 2905 702 2961 Kruegerus
735 2906 924 2956 τούτους
950 2905 1033 2951 οὖν
1058 2923 1137 2964 mg
1169 2908 1255 2950 eod
1279 2907 1409 2951 Bodl.
1505 2910 1559 2949 25
1593 2904 1638 2955 ἐς
1662 2905 1730 2949 M:
1757 2905 1821 2955 εἰς
1851 2903 1920 2947 Pf
