2004 3202
259 102 365 154 398
674 104 1012 147 AIONTZIOT
1042 103 1510 145 ΑΜΚΑΡΝΑΣΕῼΣ

258 235 319 288 ἐν
358 229 392 306 ᾗ
422 235 602 307 χρῄζει
634 240 939 306 συμμαχίας
971 239 1137 304 ἄλλης
1167 234 1256 289 καὶ
1290 237 1570 305 διαδόχου,
1609 237 1833 306 κάμνων
1871 236 1933 291 τὸ

257 334 410 394 σῶμα
455 325 563 378 ὑπὸ
610 328 802 379 νόσου·
850 323 939 377 καὶ
985 325 1086 392 τὴν
1130 325 1473 394 παράκλησιν
1518 333 1628 378 τῶν
1676 334 1934 396 στρατιωἀ

256 423 383 482 τῶν,
421 413 491 482 ἣν
531 413 819 481 ἐποιήσατο
847 413 963 483 Ιπρὸ
1003 420 1098 480 τῆς
1129 416 1440 475 τελευταίας
1478 401 1817 483 ναυμαχίαςῖ
1840 413 1932 467 καὶ
1963 411 1967 415 ’

256 503 354 555 τὸν
406 502 864 573 παραμυθητικὸν
933 503 1125 569 λόγον,
1189 501 1277 554 ὅτε
1336 504 1462 572 πεζῇ
1517 502 1617 570 τὴν
1672 503 1933 572 στρατιὰν

212 611 233 642 5
257 592 480 660 ἔμελλεν
534 590 786 658 ἀπάγειν,
848 589 1206 651 ἀπολωλεκὼς
1259 591 1354 651 τὰς
1407 592 1646 660 τριήρεις
1700 590 1930 652 ἁπάσας·

253 678 344 732 καὶ
385 684 439 732 εἷ’
470 678 614 741 τινές
653 679 794 731 εἰσιν
833 679 992 730 ἄλλαι
1031 685 1279 730 τοιαῦται
1318 678 1648 748 δημηγορίαι
1687 677 1929 748 καθαραὶ
1954 708 1957 709 ’
1985 662 1989 677 ’γ

253 767 343 820 καὶ
384 776 575 837 σαφεῖς
613 765 703 819 καὶ
743 767 819 828 εἰς
858 768 987 828 τοὺς
1026 765 1332 834 ἀληθινοὺς
1365 765 1579 833 ἀγῶνας
1618 765 1929 835 ἐπιτήδειοι.

253 853 391 926 ὑπὲρ
433 856 641 917 ἁπάσας
681 852 741 907 δὲ
780 856 875 917 τὰς
915 854 975 907 ἐν
1020 863 1139 917 ταῖς
1187 852 1318 907 ἑπτα
1357 838 1584 923 βύβλοῖς
1623 853 1929 926 φερομένας

252 946 353 1013 τὴν
379 943 702 997 Πλαταιέων
733 943 1037 1011 ἀπολογίαν
1067 943 1386 1012 τεθαύμακα
1409 939 1543 1012 παρ’
1568 934 1734 996 οὐδὲν
1758 944 1930 1006 οὕτως

187 1054 229 1083 10
253 1031 441 1103 ἕτερον
466 1034 538 1095 ὡς
562 1033 622 1085 τὸ
651 1033 723 1101 μὴ
755 1035 1159 1101 βεβασανίσθαι
1191 1028 1327 1101 μηδὲ
1357 1033 1928 1100 κατεπιτετηδεῦσθαι,
1987 1039 1989 1066 ³

251 1120 449 1194 ἀληθεῖ
480 1121 545 1173 δέ
572 1141 683 1174 τινι
714 1119 803 1174 καὶ
837 1128 1053 1192 φυσικῷ
1083 1125 1455 1189 κεκοσμῆσθαι
1491 1120 1496 1188 Ι
1532 1121 1789 1190 χρώματι.
1849 1122 1957 1174 τά9

249 1229 306 1262 τε
357 1211 460 1279 γὰρ
518 1209 874 1279 ἐνθυμήματα
920 1210 1138 1271 πάθους
1193 1207 1306 1261 ἐστὶ
1361 1210 1528 1277 μεστὰ
1573 1207 1664 1261 καὶ
1702 1209 1734 1278 ἡ
1788 1209 1929 1273 λέξις

251 1298 351 1350 οὐκ
376 1298 797 1368 ἀποστρέφουσα
828 1299 923 1360 τὰς
947 1297 1136 1360 ἀκοάς·
1168 1297 1202 1365 ἥ
1225 1317 1282 1350 τε
1306 1298 1410 1367 γὰρ
1445 1298 1707 1359 σύνθεσις
1735 1297 1929 1366 εὐεπὴς

250 1385 340 1439 καὶ
388 1388 453 1439 τα
500 1389 743 1456 σχήματα
789 1396 899 1439 τῶν
944 1387 1280 1457 πραγμάτων
1328 1387 1456 1438 ἴδια.
1532 1393 1702 1438 ταῦτα
1748 1386 1815 1454 δὴ
1861 1387 1927 1438 τὰ

186 1496 226 1526 15
255 1476 606 1528 Θουκυδίδου
660 1477 866 1543 ζηλωτὰ
914 1477 1069 1544 ἔργα,
1117 1473 1208 1527 καὶ
1256 1473 1359 1526 άπὸ
1407 1474 1619 1526 τούτων
1664 1475 1729 1526 τὰ
1767 1475 1927 1542 μιμή-

250 1582 390 1631 ματα
428 1572 542 1625 τοῖς
584 1564 1109 1633 ἱστοριογραφοῦσιν
1147 1563 1477 1630 ὑποτίθεμαι
1518 1562 1831 1630 λαμβάνειν.

160 1655 232 1706 43
368 1652 481 1719 Τὴν
512 1650 560 1703 δ’
594 1651 654 1704 έν
677 1660 740 1721 τῇ
775 1650 1002 1722 δευτέρα
1026 1651 1212 1722 βύβλῳ
1239 1649 1575 1719 Περικλέους
1608 1649 1927 1716 ἀπολογίαν,

250 1739 320 1807 ἣν
351 1737 488 1809 ὑπὲρ
522 1740 692 1792 αὑτοῦ
726 1741 998 1792 διετίθετο
1033 1737 1456 1809 τραχυνομένων
1480 1737 1811 1806 Ἀθηναίων,
1844 1737 1927 1789 ὅτι
1986 1751 1989 1773 ¹

251 1829 349 1880 τὸν
402 1830 642 1896 πόλεμον
703 1830 918 1880 ἔπεισεν
981 1827 1181 1890 αὐτοὺς
1243 1827 1567 1895 ἀναλαβεῖν,
1630 1826 1730 1895 οὐχ
1792 1826 1928 1893 ὅλην

183 1936 228 1967 20
254 1916 477 1970 ἐπαινῶ·
519 1914 647 1970 οὐδὲ
683 1918 777 1978 τὰς
808 1915 931 1987 περὶ
964 1924 1057 1984 τῆς
1093 1919 1489 1984 Μυτιληναίων
1519 1918 1727 1976 πόλεως
1759 1915 1927 1983 δημη-

251 2008 458 2074 γορίας,
498 2004 560 2066 ἃς
593 2002 845 2056 διέθεντο
878 2003 1075 2057 Κλέων
1106 2002 1196 2056 καὶ
1228 2005 1516 2071 Διόδοτος,
1559 2004 1723 2071 <τὰς>
1763 2002 1823 2055 ἐν
1860 2011 1923 2072 τῇ

250 2096 404 2163 τρίτῃ
447 2093 653 2164 βύβλῳ·
695 2089 825 2145 οὐδὲ
863 2093 964 2160 τὴν
996 2091 1399 2163 Ἑρμοκράτους
1438 2099 1537 2144 τοῦ
1571 2094 1924 2161 Συρακοσίου

249 2182 386 2251 πρὸς
410 2184 847 2250 Καμαριναίους·
880 2178 1010 2234 οὐδὲ
1034 2181 1136 2248 τὴν
1160 2180 1434 2249 Εὐφήμου
1457 2187 1556 2233 τοῦ
1587 2182 1924 2249 πρεσβευτοῦ

370 2345 393 2382 2
419 2340 547 2383 Thuc
573 2341 657 2383 VII
682 2346 855 2384 61—64
916 2346 943 2383 4
967 2341 1051 2383 VII
1070 2344 1122 2383 77
1187 2344 1211 2382 9
1237 2340 1488 2382 11153-59
1554 2344 1605 2382 17
1631 2339 1865 2382 1160—64

253 2403 308 2440 20
340 2399 402 2440 ΙΠ
434 2404 621 2442 37—40.
655 2404 828 2442 42--48
951 2405 1004 2442 22
1037 2399 1100 2442 Vl
1135 2402 1307 2442 76—80
1428 2403 1483 2441 23
1515 2397 1578 2441 VI
1604 2402 1775 2441 82—87

370 2549 395 2587 8
436 2542 609 2602 βίβλοις
648 2546 772 2588 MPf
962 2552 1015 2590 10
1055 2547 1527 2601 κατεπιτετηδεῦσθαι
1563 2544 1631 2588 M:
1681 2558 1921 2599 κατεπιτη-

251 2605 449 2647 δεῦσθαι
480 2603 548 2645 Pf
665 2608 715 2646 11
752 2612 917 2659 φισικῶ
949 2605 985 2647 Ρ
1108 2611 1160 2648 12
1195 2603 1306 2661 μετὰ
1338 2604 1373 2646 Ρ
1507 2608 1561 2646 14
1592 2603 1702 2660 τῶν]
1733 2600 1922 2652 πάθους
1958 2620 1965 2621 ff

250 2662 343 2706 ἐστι
373 2670 463 2706 τῶν
494 2677 549 2717 pr
579 2662 614 2703 P
654 2663 660 2720 Ι
715 2661 831 2719 ἴδια]
866 2664 1014 2707 οἰκεῖα
1048 2664 1089 2707 ci
1121 2662 1518 2707 Radermacherus
1551 2661 1593 2704 cl
1625 2675 1738 2704 mus„
1772 2660 1917 2705 Rhen.

249 2726 319 2776 48,
340 2725 422 2764 625
435 2735 487 2775 sq
595 2725 646 2762 15
668 2723 775 2775 post
794 2720 903 2776 ἔργα
925 2722 1128 2766 conicias
1155 2736 1178 2765 e
1201 2737 1223 2765 ο
1249 2722 1328 2766 καὶ
1344 2720 1469 2765 πάνυ
1488 2720 1764 2774 τεθαύμακα
1780 2718 1920 2763 inter-

249 2779 418 2823 cidisse
563 2783 616 2821 16
643 2778 919 2822 ὑποτίθεται
943 2780 1035 2822 ΜΡ
1045 2781 1069 2823 f
1074 2802 1083 2826 :
1118 2795 1219 2824 corr
1243 2780 1458 2824 Reiskius
1611 2782 1663 2820 17
1690 2778 1837 2843 βύβλω
1862 2778 1918 2822 P:

251 2837 389 2898 βίβλω
406 2838 467 2892 Μ,
483 2837 504 2878 f
562 2842 616 2879 20
634 2837 942 2893 μιτυληναίων
960 2839 1085 2881 MPf
1142 2845 1194 2882 21
1212 2837 1396 2882 διέθετο
1412 2837 1537 2880 MPf
1559 2841 1564 2892 Ι
1590 2835 1673 2886 τὰς
1689 2835 1859 2879 mserui

251 2903 305 2941 22
331 2895 470 2955 βίβλω
487 2896 627 2952 MP‚f
650 2898 654 2953 Ι
683 2895 960 2951 συρακοσίου
991 2897 1050 2942 P:
1085 2897 1389 2953 συρακουσίου
1414 2896 1493 2939 Mf
1579 2899 1634 2937 23
1661 2894 1867 2952 εὐφήβου
1884 2894 1919 2937 Ρ
