2004 3202
218 174 287 227 70
641 174 980 217 ΔΙοΝΤΣῙοΤ
1010 173 1476 216 ΑΛΙΚΑΡΝΑΣΕΩΣ
1956 0 1993 228 1

215 310 534 380 ἀνθρώποις
587 314 775 380 πολλῷ
823 317 1070 378 κρεῖττον
1124 307 1381 361 ἁπάντων
1434 310 1785 377 φιλοσόφων,
1840 312 1898 362 οἳ

216 397 370 460 τέλος
407 406 695 451 ποιοῦνται
735 406 834 450 τοῦ
873 399 999 464 βιόυ
1038 396 1139 463 τὴν
1177 395 1376 466 ἀρετὴν
1414 395 1504 449 καὶ
1543 397 1603 449 τὸ
1635 399 1818 450 καλόν.

129 485 198 538 10
327 489 466 556 ἔχων
497 484 557 539 δὲ
588 488 827 547 πολλοὺς
864 484 1033 537 αὐτοῦ
1064 482 1155 536 καὶ
1180 486 1381 548 άλλους
1405 483 1664 549 διεξιέναι
1695 487 1895 553 λόγους

213 577 350 646 πρὸς
387 578 573 637 πόλεις
611 595 666 627 τε
705 572 795 626 καὶ
847 573 1119 635 δυνάστας
1164 571 1254 626 καὶ
1303 574 1522 636 ἰδιώτας
1566 571 1893 644 γραφέντας,

171 680 191 712 5
216 659 294 716 ὧν
341 667 398 716 οι
441 684 542 732 μεν
588 665 664 725 εἰς
711 662 974 730 ὁμόνοιαν
1025 660 1117 714 καὶ
1173 663 1542 732 σωφροσύνην
1594 664 1660 715 τὰ
1705 664 1892 731 πλήθη

213 756 640 822 παρακαλοῦσιν,
683 754 740 803 οι
773 747 832 802 δὲ
864 751 942 812 εἰς
972 752 1294 820 μετριότητα
1332 749 1422 803 καὶ
1453 753 1689 820 νόμιμον
1720 751 1895 821 ἀρχὴν

214 842 344 902 τοὺς
383 841 654 901 δυνάστας
691 839 1064 908 προάγουσιν,
1105 841 1162 891 οἳ
1198 835 1258 891 δὲ
1296 841 1557 907 κοσμίους
1595 848 1706 892 τῶν
1748 841 1894 892 ἰδιω-

214 937 325 980 τῶν
363 927 755 997 ἀπεργάζονται
794 929 924 989 τοὺς
961 930 1135 996 βίους,
1177 927 1210 979 ἃ
1249 928 1334 979 δεῖ
1371 928 1629 997 πράττειν
1664 925 1894 980 ἕκαστον

214 1015 632 1085 ὑποτιθέμενοι,
673 1016 934 1078 δεδοικὼς
973 1016 1059 1084 μὴ
1084 1014 1224 1086 πέρα
1262 1023 1361 1068 τοῦ
1402 1014 1623 1077 δέοντος
1662 1015 1690 1068 ὁ
1731 1018 1916 1083 λόγος·

149 1123 190 1154 10
216 1104 530 1174 ἐκμηκυνθῇ
570 1124 681 1173 μοι,
720 1111 890 1157 ταῦτα
929 1101 1030 1173 μὲν
1070 1103 1227 1172 ἐάσω,
1266 1111 1366 1156 τοῦ
1398 1102 1450 1156 δ’
1490 1103 1894 1174 εὐπαρακολού-
1990 1116 1997 1197 Ι

212 1199 356 1260 θητα
395 1191 655 1260 γενέσθαι
695 1213 787 1261 μοι
826 1197 1036 1261 μᾶλλον
1073 1194 1139 1245 τὰ
1177 1194 1427 1262 πρόσθεν
1474 1190 1752 1263 εἰρημένα,
1803 1191 1892 1244 καὶ

211 1287 306 1348 τῆς
345 1283 616 1351 διαφορᾶς
654 1279 829 1349 ἕνεκα,
869 1274 903 1352 ᾗ
941 1282 1250 1334 διαλλάττει
1291 1283 1523 1349 Λυσίου,
1566 1282 1661 1343 τὰς
1701 1281 1895 1351 ἀρετὰς

213 1369 393 1422 αὐτῶν
433 1371 510 1431 εἰς
549 1370 889 1439 βραχύτερον
921 1370 1249 1437 συναγαγὼν
1281 1371 1450 1436 λόγον
1490 1367 1576 1421 ἐπὶ
1615 1370 1681 1421 τὰ
1722 1387 1894 1439 παρα-

1990 1071 1997 1119 a..
1991 1004 1996 1047 4.-
1988 838 1998 988 ...ψ-..υς
1988 599 1997 826 -··---a--.-=-4.s
1990 538 1993 558 ..

212 1459 471 1526 δείγματα
511 1460 894 1527 μεταβήσομαι.
931 1459 935 1526 Ι
1992 1444 1997 1494 Ι

126 1551 189 1602 11
321 1548 544 1616 πρώτην
591 1544 692 1615 μὲν
738 1549 930 1600 τοίνυν
970 1548 1110 1615 ἔφην
1148 1545 1347 1616 ἀρετὴν
1386 1542 1526 1598 εἶναι
1559 1548 1740 1613 λόγων
1770 1547 1871 1614 τὴν
1896 1498 2004 1622 556Ι

147 1654 187 1685 16
212 1637 467 1704 καθαρὰν
500 1634 808 1705 ἑρμηνείαν,
849 1634 909 1687 ἐν
940 1628 974 1706 ᾗ
1005 1635 1308 1702 διαλλαγὴν
1340 1634 1603 1703 οὐδεμίαν
1635 1634 1893 1704 εὕρισκον
1995 1636 1997 1643 ’

210 1722 339 1792 παρ’
388 1722 671 1795 οὐδετέρῳ.
749 1725 934 1776 ἔπειτα
979 1723 1080 1791 τὴν
1126 1722 1412 1793 ἀκρίβειαν
1458 1723 1558 1790 τὴν
1604 1722 1892 1776 διαλέκτου

210 1817 304 1877 τῆς
350 1814 469 1863 τότε
517 1815 822 1880 συνήθους·
876 1810 965 1864 καὶ
1020 1812 1225 1879 ταύτην
1273 1809 1459 1881 ἑώρων
1505 1810 1702 1879 ὁμοίαν
1754 1810 1884 1882 παρ’

212 1898 556 1969 ἀμφοτέροις.
619 1902 751 1969 μετὰ
783 1908 952 1952 ταῦτα
985 1899 1388 1968 ἐπελογιζόμην,
1423 1899 1505 1952 ὅτι
1537 1908 1650 1962 τοῖς
1677 1902 1892 1970 κυρίοις
1992 1933 1997 1962 ,³

146 2007 188 2038 20
211 1986 302 2039 καὶ
328 1990 594 2056 συνήθεσι
622 1987 712 2041 καὶ
737 1997 945 2050 κοινοῖς
969 1988 1235 2056 ὀνόμασιν
1259 1987 1560 2058 ἀμφότεροι
1583 1986 1890 2058 κέχρηνται,
1995 1979 1997 1990 ’

212 2075 244 2141 ἡ
287 2073 345 2128 δὲ
379 2075 722 2147 Ἰσοκράτους
773 2076 915 2141 λέξις
960 2078 1351 2145 προσλαβοῦσά
1401 2097 1453 2129 τι
1498 2083 1592 2144 τῆς
1630 2083 1890 2146 τροπικῆς

213 2173 544 2233 κατασκευῆς
605 2166 761 2236 μέχρι
824 2173 923 2218 τοῦ
989 2166 1060 2234 μὴ
1115 2170 1354 2233 λυπῆσαι
1413 2169 1711 2235 προῆλθεν.
1796 2171 1891 2232 τῆς

215 2257 512 2320 σαφηνείας
550 2254 639 2307 καὶ
679 2262 774 2322 τῆς
815 2254 1096 2323 ἐναργείας
1136 2253 1482 2323 ἀμφοτέρους
1512 2261 1734 2323 κρατεῖν
1764 2252 1890 2305 ἀπε-

213 2342 494 2409 φηνάμην,
551 2342 611 2394 ἐν
658 2340 717 2395 δὲ
764 2350 839 2414 τῷ
891 2344 1173 2411 συντόμως
1228 2340 1502 2414 ἐκφέρειν
1533 2343 1599 2394 τὰ
1644 2342 1890 2409 νοήματα

330 2504 355 2541 5
389 2499 632 2573 ὁμόνοιαν]
665 2501 745 2545 τὸν
779 2500 881 2574 βίον
906 2501 1017 2545 libri
1041 2517 1070 2545 v
1162 2506 1187 2544 9
1219 2499 1358 2574 πέρα]
1391 2498 1519 2555 παρὰ
1543 2500 1601 2542 Fl
1629 2501 1634 2555 Ι
1663 2499 1686 2543 ὁ
1713 2500 1807 2542 add
1830 2499 1891 2542 F²

332 2564 385 2601 10
416 2566 496 2602 τοῦ
530 2557 580 2602 δε
606 2560 640 2601 Ρ
686 2561 793 2610 τοὺς
824 2558 872 2603 δ’
902 2560 950 2602 in
981 2575 1060 2616 mg
1090 2567 1172 2604 τοῦ
1198 2558 1246 2603 δ’
1275 2560 1312 2602 Β
1341 2562 1346 2615 Ι
1374 2560 1827 2613 παρακολουθοῦντα
1851 2558 1888 2602 Ρ

332 2621 384 2658 12
418 2616 650 2661 διαλάττει
682 2619 718 2659 Β
816 2624 868 2661 13
902 2620 1053 2663 αὐτῶν
1086 2633 1142 2663 ex
1175 2619 1318 2663 αὐτὸν
1350 2618 1409 2660 F2
1451 2619 1456 2673 Ι
1500 2616 1764 2673 συναγαγὸν
1795 2617 1843 2660 M
1878 2616 1883 2675 Ι

213 2674 287 2717 ἐπὶ
320 2688 375 2717 ex
410 2675 473 2718 ἔτι
505 2677 563 2718 F²
590 2679 594 2733 Ι
623 2675 679 2718 τὰ
713 2677 805 2719 add
838 2677 896 2719 F2
987 2683 1042 2721 14
1073 2677 1393 2752 καταβήσομαι
1421 2676 1479 2718 F¹
1506 2678 1511 2732 Ι
1541 2674 1807 2731 συγκριτικὰ
1838 2675 1888 2718 111

210 2749 289 2789 mg
319 2734 458 2778 rubro
491 2735 538 2777 M
668 2741 719 2778 16
754 2736 965 2806 εὕρισκον
999 2751 1054 2780 ex
1087 2735 1309 2792 εὑρίσκων
1340 2748 1422 2791 per
1452 2748 1526 2777 ras
1559 2734 1594 2776 F
1717 2739 1770 2777 17
1801 2734 1887 2790 τὴν

210 2791 453 2837 διαλέκτου
486 2794 544 2837 F:
589 2801 667 2850 τῆς
699 2792 941 2838 διαλέκτου
974 2795 1112 2838 ΒΡΜ
1230 2799 1282 2838 19
1314 2790 1603 2850 ἀμφωτέροις
1642 2807 1696 2836 ex
1735 2793 1887 2848 ἀμφο-

209 2849 359 2906 τέροις
383 2853 417 2894 F
426 2852 441 2876 ²
524 2856 577 2894 21
611 2853 906 2925 προλαβοῦσα
930 2854 966 2895 Β
1051 2859 1105 2896 22
1138 2860 1220 2897 τοῦ
1246 2853 1325 2897 καὶ
1348 2855 1551 2926 λυπῆσαιΙ
1575 2851 1850 2907 Sylburgius
1879 2851 1883 2909 Ι

209 2914 420 3012 Ξτροηλθε
453 2911 631 2954 MBPv
659 2913 664 2969 Ι
692 2918 771 2967 τῆς
803 2909 853 2954 δε
887 2910 1198 2968 σαφηνείας-ν
1290 2916 1344 2954 23
1379 2908 1608 2967 ἐνεργείας
1639 2910 1673 2952 F
1706 2924 1807 2953 corr
1837 2910 1888 2953 in

235 2985 451 3026 ναργειας
