1958 3192
849 98 1082 139 ΛΤΣΙΑΣ
1733 96 1801 148 47

130 242 274 287 στῶν
335 235 462 286 λίαν
522 231 810 302 ἀχρήστων
876 229 966 284 καὶ
1032 233 1250 302 σφόδρα
1317 233 1446 300 βίου
1515 230 1807 299 δεομένων,

129 321 333 392 ἀνδρὸς
371 318 431 374 δὲ
463 320 682 389 ἀγαθοῦ
720 319 809 373 καὶ
848 322 1078 374 πολίτου
1108 324 1319 374 πολλοῦ
1350 319 1507 383 ἀξίου
1538 318 1663 389 περὶ
1698 329 1809 372 τῶν

128 412 400 480 μεγίστων
438 410 863 478 συμβουλεύειν,
914 409 1061 479 ὁρῶν
1108 408 1280 471 οὕτως
1327 410 1563 478 αἰσχρῶς
1609 409 1809 460 διακει-

129 497 301 568 μένην
345 499 446 566 τὴν
485 497 719 551 Ἑλλάδα
771 496 861 551 καὶ
907 499 1084 552 πολλὰ
1139 494 1240 567 μὲν
1293 497 1477 570 αὐτῆς,
1515 498 1648 550 ὄντα
1699 496 1808 549 ὑπὸ

130 594 205 659 τῷ
258 587 542 659 βαρβάρῳ,
595 589 802 649 πολλὰς
852 584 913 639 δὲ
958 589 1146 649 πόλεις
1189 586 1296 639 ὑπὸ
1343 586 1634 655 τυράννων
1679 585 1810 638 ἀνα-
1857 600 1878 632 5

131 676 361 738 στάτους
398 675 775 744 γεγενημένας.
844 674 934 728 καὶ
973 683 1142 728 ταῦτα
1181 677 1229 728 εἰ
1267 672 1368 744 μὲν
1399 672 1475 727 δι’
1515 673 1812 727 ἀσθένειαν

132 763 459 834 ἐπάσχομεν,
501 763 750 834 στέργειν
788 763 857 816 ἂν
894 761 965 832 ἦν
1003 763 1210 832 ἀνάγκη
1250 764 1351 832 τὴν
1388 764 1583 833 τύχην,
1623 763 1810 831 ἐπειδὴ

43 866 126 906 522
153 849 214 906 δὲ
250 854 254 919 Ι
291 854 383 905 διὰ
423 854 616 906 στάσιν
664 851 754 905 καὶ
801 854 902 921 τὴν
947 854 1084 923 πρὸς
1132 852 1402 921 ἀλλήλους
1449 855 1811 922 φιλονεικίαν,

129 951 244 1004 πῶς
291 941 391 994 οὐκ
438 941 592 1006 ἄξιον
637 951 748 994 τῶν
793 938 894 1011 μὲν
938 942 1283 1010 παύσασθαι,
1333 942 1399 994 τά
1445 938 1506 994 δὲ·
1550 945 1812 1009 κωλῦσαι,

132 1031 344 1092 εἰδότας
405 1031 487 1083 ὅτι
550 1035 887 1099 φιλονεικεῖν
951 1029 1052 1100 μέν
1114 1029 1264 1083 ἐστιν
1326 1026 1387 1083 εὗ
1439 1031 1812 1101 πραττόντων,
1839 1045 1881 1076 ¹0

132 1129 340 1187 γνῶναι
380 1116 440 1172 δὲ
479 1121 544 1172 τὰ
582 1118 816 1188 βέλτιστ’
856 1119 1249 1187 ἀγωνιώντων;
1289 1119 1503 1189 ὁρῶμεν
1541 1121 1644 1189 γὰρ
1684 1121 1813 1181 τοὺς

131 1208 430 1270 κινδύνους
461 1207 551 1261 καὶ
583 1209 854 1277 μεγάλους
884 1207 974 1260 καὶ
1005 1210 1356 1277 πανταχόθεν
1381 1209 1812 1278 περιεστηκότας.

133 1296 430 1349 ἐπίστασθε
484 1294 544 1349 δὲ
595 1297 678 1350 ὅτι
725 1297 757 1365 ἡ
804 1294 905 1366 μὲν
959 1296 1095 1366 ἀρχὴ
1150 1306 1261 1349 τῶν
1314 1297 1666 1367 κρατούντων
1718 1302 1813 1363 τῆς

131 1385 431 1454 θαλάττης,
481 1394 593 1438 τῶν
639 1382 699 1437 δὲ
738 1386 1030 1455 χρημάτων
1076 1387 1333 1454 βασιλεὺς
1378 1388 1595 1454 ταμίας,
1641 1387 1706 1438 τά
1753 1381 1814 1437 δὲ

132 1483 243 1540 τῶν
290 1474 569 1542 Ἑλλήνων
627 1475 847 1542 σώματα
899 1484 1011 1527 τῶν
1064 1475 1417 1526 δαπανᾶσθαι
1472 1473 1814 1542 δυναμένων,
1842 1485 1884 1519 15

133 1571 268 1626 ναῦς
308 1560 368 1616 δὲ
407 1564 613 1625 πολλὰς
651 1562 816 1625 αὐτὸς
846 1561 1115 1631 κέκτηται,
1153 1564 1360 1624 πολλὰς
1392 1561 1444 1614 δ’
1484 1563 1513 1616 ὁ
1546 1563 1817 1633 τύραννος

133 1661 228 1721 τῆς
282 1655 554 1714 Σικελίας.
638 1653 775 1705 ὥστε
837 1650 992 1716 ἄξιον
1050 1652 1149 1704 τὸν
1202 1648 1302 1720 μὲν
1355 1652 1492 1722 πρὸς
1545 1651 1817 1720 ἀλλήλους

133 1744 375 1811 πόλεμον
427 1739 795 1809 καταθέσθαι,
848 1749 912 1811 τῇ
961 1739 1012 1793 δ’
1067 1740 1203 1810 αὐτῇ
1258 1741 1447 1811 γνώμῃ
1502 1739 1818 1811 χρωμένους

135 1837 229 1898 τῆς
269 1833 536 1899 σωτηρίας
574 1829 901 1899 ἀντέχεσθαι
938 1828 1028 1882 καὶ
1067 1828 1192 1899 περὶ
1231 1826 1334 1898 μὲν
1371 1839 1483 1882 τῶν
1512 1834 1817 1900 παρεληλυ-

18 1946 35 2023 ἱ

20 2025 28 2047 Ι

135 1921 324 1972 θότων
361 1919 747 1987 αἰσχύνεσθαι,
797 1916 922 1988 περὶ
970 1915 1030 1970 δὲ
1076 1927 1187 1970 τῶν
1232 1920 1546 1987 μελλόντων
1592 1921 1817 1971 ἔσεσθαι
1842 1930 1885 1962 20

29 2017 133 2057 ‘523
160 2005 402 2060 δεδιέναι
440 2005 530 2059 καὶ
569 2008 707 2077 πρὸς
744 2008 873 2069 τοὺς
903 2009 1214 2077 προγόνους
1244 2005 1565 2078 μιμεῖξσθαι,
1605 2010 1662 2060 οἳ
1690 2009 1819 2069 τοὺς

137 2092 237 2164 μὲν
275 2096 589 2165 βαρβάρους
629 2094 891 2163 ἐποίησαν
928 2102 1022 2163 τῆς
1069 2094 1360 2165 ἀλλοτρίας
1409 2095 1819 2164 ἐπιθυμοῦντας

137 2191 232 2252 τῆς
278 2183 541 2254 σφετέρας
588 2183 771 2236 αὐτῶν
822 2189 1160 2252 στερεῖσθαι,
1214 2186 1344 2246 τοὺς
1398 2180 1459 2236 δὲ
1512 2185 1820 2253 τυράννους

139 2272 485 2337 ἐξελάσαντες
524 2273 718 2340 κοινὴν
757 2273 925 2324 ἅπασι
965 2273 1065 2340 τὴν
1106 2271 1430 2342 ἐλευθερίαν
1471 2271 1818 2341 κατέστησαν.

139 2356 399 2430 θαυμάζω
430 2358 490 2413 δὲ
518 2362 989 2429 Λακεδαιμονίους
1019 2361 1243 2413 πάντων
1274 2361 1524 2430 μάλιστα,
1555 2363 1666 2413 τίνι
1689 2357 1820 2414 ποτε
1843 2370 1886 2402 25

262 2556 282 2593 1
326 2549 564 2608 ἀχρήστων
602 2549 930 2593 Marklandus:
969 2557 1174 2606 χρηστῶν
1273 2555 1297 2592 2
1339 2551 1528 2608 πολλοῦ]
1567 2550 1740 2600 πόλεως
1778 2549 1821 2593 ci

141 2609 318 2654 Usener
393 2615 419 2652 ὃ
444 2610 534 2654 ὑπὸ
552 2617 642 2653 τῶν
659 2607 901 2664 τυράννων
918 2607 999 2651 PB
1078 2613 1100 2652 7
1126 2606 1329 2666 ἀνάγκηι
1345 2609 1379 2651 F
1458 2615 1482 2652 9
1505 2610 1820 2667 παύ[σασ]θαι

143 2682 248 2711 cum
277 2683 352 2712 ras
384 2668 472 2712 F3?
518 2668 672 2712 fuerat
711 2668 977 2711 παύσεσθαι
1083 2673 1135 2711 11
1169 2666 1220 2711 δὲ
1255 2668 1334 2712 καὶ
1365 2668 1399 2710 F
1436 2670 1441 2724 1
1481 2666 1669 2726 βέλτιστ’
1700 2670 1821 2725 ἀγω-

143 2728 366 2786 νιώντων]
404 2725 609 2785 βέλτιστα
641 2735 733 2772 τῶν
764 2728 916 2771 αὐτῶν
948 2725 1059 2770 libri
1090 2742 1120 2770 v
1223 2732 1278 2770 14
1310 2726 1550 2784 θαλάσσης
1579 2727 1703 2771 FGv

146 2790 199 2828 16
231 2787 388 2860 αὐτὸς]
423 2783 556 2837 οὗτος
588 2786 818 2843 Sauppius
941 2790 992 2828 21
1026 2786 1142 2841 πρὸς
1173 2801 1248 2830 om
1280 2786 1357 2830 Gv
1400 2789 1405 2843 Ι
1447 2788 1710 2843 μιμεῖσθαι]
1744 2799 1821 2829 ex-

146 2847 324 2900 spectes
356 2848 640 2901 αμιλλᾶσθαι
669 2848 751 2889 aut
776 2847 1120 2901 φιλοτιμεῖσθαι
1212 2850 1266 2888 23
1301 2849 1562 2901 στερεῖσθαι
1593 2845 1819 2887 F‘2MPB:

148 2907 394 2959 στερῆσθαι
422 2904 530 2949 F¹G
573 2904 846 2961 ἐστερῆσθαι
875 2919 906 2947 v
997 2909 1052 2947 24
1085 2902 1370 2961 κατέστησαν
1401 2919 1457 2948 ex
1489 2902 1760 2960 κατέστησεν
1785 2902 1819 2943 F
