2004 3202
221 114 289 166 68
642 114 983 157 ΔΙΟΝΥΣΙΟΤ
1014 113 1480 155 ΑΛΙΚΑΡΝΑΣΕΩΣ

218 251 396 302 πόλιν.
469 247 801 318 διεξέρχεταί
834 268 891 300 τε
931 248 1059 308 τοὺς
1097 246 1394 309 κινδύνους
1440 255 1551 300 τῶν
1586 249 1896 317 προγόνων,

221 338 317 400 οὓς
365 336 665 406 υπέμειναν
718 336 875 390 ἕνεκα
928 355 1022 402 της
1075 334 1391 404 ἡγεμονίας,
1445 333 1536 388 καὶ
1589 343 1684 403 τῆς
1737 335 1898 404 δόξης

219 427 618 495 ὑπομιμνήσκει
657 433 752 493 τῆς
783 426 929 494 παρὰ
960 432 1075 485 τοῖς
1100 421 1363 492 Ἑλλησιν
1391 424 1743 493 ὑπαρχούσης
1772 423 1898 494 περὶ

221 515 403 568 αὐτῶν
434 523 689 585 παραινεῖ
720 533 775 566 τε
807 514 878 582 μὴ
913 514 1375 579 συγκαταπίπτειν
1405 521 1521 575 ταῖς
1552 512 1740 581 τύχαις
1763 511 1890 596 μηδ’

1895 0 2004 324 11

176 625 196 657 5
221 604 658 672 ἀπογιγνώσκειν
725 603 819 663 τὰς
888 600 1219 670 μεταβολάς,
1294 599 1745 670 ἐνθυμουμένους
1815 602 1899 654 ὅτι
1975 647 1977 650 ,

219 691 414 746 πολλοὶ
454 689 554 760 μὲν
591 692 695 759 ἤδη
735 693 892 759 μείζω
935 689 1174 757 δύναμιν
1213 691 1426 758 ἔχοντες
1457 688 1490 757 ἢ
1527 692 1758 758 Θηβαῖοι
1789 689 1897 742 ὑπὸ
1974 683 1978 685 ⁴

220 791 331 834 τῶν
369 778 781 849 ἀσθενεστέρων
814 777 1211 847 ἐκρατήθησαν,
1249 775 1445 830 πολλοὶ
1477 774 1538 830 δὲ
1569 779 1647 840 εἰς
1677 782 1900 848 πολιορ-

221 873 347 922 κιάν
400 866 881 928 κατακλεισθέντες
927 864 1016 918 καὶ
1064 867 1346 936 δεινότερα
1391 865 1424 934 ἢ
1473 867 1900 935 Λακεδαιμόνιοι

220 959 519 1026 πάσχοντες
587 955 918 1025 διέφθειραν
985 956 1115 1017 τοὺς
1185 947 1720 1024 ἐπιστρατεύσαντας.
1809 953 1900 1007 καὶ

222 1140 426 1202 πολλης
465 1135 816 1195 ευδαιιιονιας
849 1146 1149 1194 αναστατος
1183 1152 1450 1201 γενομενη
1482 1151 1612 1194 τους
1643 1147 1902 1201 εσχατους

221 1238 425 1291 υπεστη
479 1223 800 1289 κινδυνους,
867 1242 957 1273 ινα
1010 1222 1082 1290 μὴ
1136 1241 1251 1283 τοις
1304 1224 1604 1292 βαρβαροις
1655 1238 1785 1289 ποιη
1839 1241 1900 1274 το

221 1314 709 1381 προσταττόμενον.
777 1310 1201 1380 παρακελεύεται
1242 1306 1302 1362 δὲ
1347 1308 1438 1362 καὶ
1484 1318 1767 1379 καρτερεῖν
1815 1308 1902 1362 ἐπὶ

221 1410 336 1462 τοῖς
366 1407 604 1469 παροῦσι
639 1397 728 1451 καὶ
760 1404 996 1469 θαρρεῖν
1027 1397 1150 1468 περὶ
1182 1407 1292 1450 τῶν
1324 1400 1654 1467 μελλόντων,
1688 1397 1901 1450 ἐπιστα-

157 1509 198 1541 15
223 1487 422 1557 μένους
461 1489 543 1540 ὅτι
583 1490 677 1549 τὰς
715 1487 970 1548 τοιαύτας
1018 1488 1303 1556 συμφορὰς
1342 1487 1398 1539 αἱ
1436 1475 1622 1549 πόλεις
1673 1485 1902 1557 ἐπανορ-

221 1583 458 1630 θοῦνται
497 1578 744 1645 πολιτείᾳ
782 1583 985 1644 χρηστῇ
1034 1573 1123 1626 καὶ
1171 1573 1424 1643 πολέμων
1471 1574 1795 1644 ἐμπειρίαις,
1843 1574 1904 1627 ἐν

225 1658 306 1727 οἷς
344 1673 599 1733 προεῖχεν
636 1663 668 1731 ἡ
710 1663 938 1732 Σπάρτη
978 1672 1089 1715 τῶν
1128 1664 1310 1716 ἄλλων
1340 1665 1567 1716 πόλεων.
1640 1668 1810 1716 οἰέται
1842 1660 1903 1716 δὲ

226 1754 343 1805 δεῖν
398 1752 463 1804 οὐ
517 1754 646 1813 τοὺς
698 1761 874 1813 κακῶς
926 1752 1263 1821 πράττοντας
1317 1753 1535 1821 εἰρήνης
1591 1751 1902 1821 ἐπιθυμεῖν,

227 1834 308 1902 οἷς
355 1840 413 1893 ἐκ
459 1847 555 1907 τῆς
607 1842 962 1909 καινουργίας
1011 1838 1095 1891 ἐπὶ
1142 1841 1203 1892 τὸ
1249 1849 1499 1910 κρεῖττον
1544 1842 1903 1909 μεταβάλλειν
1981 1835 1986 1837 ’

160 1951 202 1982 20
225 1931 290 1982 τὰ
329 1930 614 1998 πράγματα
655 1929 829 1997 ἐλπίς,
885 1929 1022 1981 ἀλλὰ
1068 1931 1196 1991 τοὺς
1247 1929 1636 1999 εὐτυχοῦντας·
1692 1929 1752 1982 ἐν
1797 1931 1901 2000 γὰρ

226 2017 534 2088 τάκινδύνῳ
574 2019 673 2085 τὴν
711 2027 821 2070 τῶν
859 2019 1150 2086 παρόντων
1189 2017 1418 2086 ἀγαθῶν
1459 2015 1600 2072 εἶναι
1633 2019 1901 2088 φυλακήν.

343 2153 370 2190 4
402 2147 523 2190 Aroh
548 2151 605 2190 40
758 2153 811 2191 10
843 2147 965 2191 Arch
991 2152 1044 2190 42
1191 2153 1243 2191 13
1277 2148 1399 2192 Aroh
1432 2154 1488 2192 48
1610 2153 1663 2192 17
1696 2148 1819 2192 Aah
1844 2152 1901 2192 50
1967 2119 1972 2123 ⁴

345 2211 400 2250 20
432 2205 555 2249 Arch
586 2210 670 2250 104

349 2329 370 2366 1
405 2321 690 2381 διεξέρχηται
721 2325 756 2366 Ρ
834 2329 859 2367 3
891 2332 985 2375 τοῖς
1015 2324 1142 2380 παρὰ
1175 2325 1233 2368 Fl
1309 2331 1334 2369 5
1369 2325 1716 2380 ἐνθυμούμενος
1746 2325 1781 2368 Ρ

229 2388 254 2426 6
288 2383 377 2426 ὑπὸ
438 2383 526 2437 πρὸ
559 2383 594 2425 Ρ
633 2382 682 2425 111
719 2397 793 2426 ras
834 2386 886 2426 ut
925 2383 1114 2427 uidetur
1234 2390 1256 2428 7
1298 2382 1685 2450 ἀσθεν[εστ]έρων
1723 2384 1759 2426 Ρ
1798 2398 1903 2427 cum

227 2455 302 2484 ras
331 2443 337 2498 Ι
390 2441 688 2497 κροτήθησαν
712 2442 747 2484 Ρ
833 2447 857 2484 9
890 2442 1127 2494 παθόντες
1152 2442 1426 2500 Sylburgius
1514 2448 1567 2485 12
1599 2440 1818 2493 κίνδυνος
1837 2443 1897 2495 P}

228 2507 339 2558 ποιῇ
372 2500 491 2543 MB:
524 2507 651 2543 ποιεῖ
680 2500 714 2542 F
761 2508 888 2544 ποιεῖ
916 2515 1016 2545 corr
1048 2502 1097 2544 in
1128 2509 1239 2559 ποιῆ
1271 2502 1306 2545 Ρ
1411 2506 1463 2545 13
1495 2517 1542 2544 τε
1573 2501 1654 2545 καὶ
1684 2501 1742 2543 F¹
1788 2500 1903 2544 ἀλλὰ

230 2561 303 2602 δεῖ
331 2565 569 2613 καρτερεῖν
602 2558 676 2601 ἐπὶ
707 2567 803 2610 τοῖς
834 2567 1033 2615 παροῦσι
1063 2562 1143 2605 καὶ
1173 2564 1371 2616 θαρρεῖν
1402 2560 1507 2634 περὶ
1534 2567 1624 2604 τῶν
1649 2559 1902 2615 μελλόντων

231 2617 357 2660 Isocr
450 2621 502 2660 16
535 2615 738 2677 πολιτείᾳ
770 2626 937 2684 χρηστῇ
968 2620 1047 2663 καὶ
1071 2628 1171 2671 ταῖς
1193 2619 1298 2675 περὶ
1321 2619 1401 2663 τὸν
1424 2618 1625 2674 πόλεμον
1650 2617 1904 2674 ἐμπειρίαις

231 2676 358 2719 Isocr
450 2680 503 2719 18
536 2677 590 2719 οὐ
622 2692 730 2727 τους
753 2677 788 2718 F
813 2677 856 2720 ci
879 2678 1318 2728 Βθ181ῐίυεεαύτοὺς
1341 2678 1433 2721 ΜΡ
1443 2677 1519 2721 Bv
1546 2679 1551 2734 Ι
1579 2679 1688 2720 ante
1720 2677 1905 2735 εἰρήνης

230 2734 281 2777 111
313 2735 361 2777 M
392 2749 556 2777 manus
589 2735 817 2778 recent-ior
841 2736 901 2792 μὴ
931 2736 1127 2781 inseruit
1216 2742 1270 2780 21
1303 2736 1610 2810 τάκινδύνῳ]
1616 2740 1677 2793 τῷ
1700 2737 1903 2796 κινδύνῳ

231 2792 355 2848 libri,
391 2794 472 2836 sed
504 2792 590 2849 γὰρ
623 2798 684 2852 τῷ
716 2794 765 2836 111
797 2809 870 2837 ras
904 2795 962 2837 F2
1006 2796 1090 2853 χρὴ
1124 2794 1174 2840 δε
1205 2796 1313 2845 τοὺς
1336 2811 1419 2850 μεν
1443 2791 1493 2838 εὖ
1518 2793 1803 2850 πράττοντας
1824 2802 1905 2853 τῆς

234 2852 419 2908 εἰρήνης
450 2840 722 2908 ἐπιθυμεῖν·
757 2853 805 2896 ἐν
838 2854 980 2911 ταύτῃ
1013 2854 1099 2910 γὰρ
1132 2862 1185 2913 τῇ
1217 2852 1491 2898 καταστάσει
1514 2856 1725 2898 πλεῖστον
1750 2853 1810 2898 ἄν
1836 2870 1904 2906 τις

231 2911 402 2968 χρόνον
436 2910 492 2954 τὰ
524 2911 733 2967 παρόντα
766 2913 1093 2968 διαφυλάξειεν
1125 2914 1248 2957 Isocr
1275 2915 1280 2970 Ι
1319 2912 1506 2969 ἀγαθὸν
1538 2913 1572 2955 F
1597 2926 1698 2956 corr
1727 2913 1786 2956 F1

157 1069 199 1100 10
221 1043 578 1117 παξράδειγμα
631 1053 865 1097 ποιεῖται
912 1044 1013 1111 τὴν
1050 1042 1365 1111 Ἀθηναίων
1412 1045 1602 1111 πόλιν,
1656 1043 1774 1111 ἥτις
1821 1043 1879 1096 ἐκ
1904 1061 1959 1102 55

372 1142 393 1151 ὐ
507 1134 518 1153 9
743 1136 755 1152 Ι
864 1132 875 1151 9
939 1133 952 1152 Ι
1373 1131 1385 1150 7
1559 1133 1571 1151 ἱ
1659 1131 1671 1150 9
1758 1133 1771 1151 Ι

236 1224 247 1242 (⁸
318 1223 329 1240 Ι
623 1185 641 1240 ιΙ
864 1222 890 1240 ΡΙ
1203 1229 1222 1240 m
1470 1221 1483 1241 Ι
1759 1229 1782 1239 ιιι
1877 1222 1888 1239 ἱ

1994 2510 2001 2533 8

1994 2583 2001 2614 a,

1992 2621 2001 2664 θ.
