2004 3202
257 120 365 172 422
679 121 1020 165 ΔΙοΝΤΣΙοΤ
1052 119 1519 163 ΑΛΙΚΑΡΝΑΣΕΩΣ

257 252 318 308 δὲ
341 255 442 324 τὴν
467 256 708 324 δήλωσιν
739 264 850 308 τῶν
883 255 1195 324 ἰδιωμάτων
1224 261 1324 308 τοῦ
1348 261 1685 325 χαρακτῆρος
1709 257 1951 310 ἔσεσθαι

256 346 589 413 νομίζοντος,
630 345 678 396 εἰ
707 345 854 414 παρὰ
894 346 1027 412 μίαν
1067 341 1298 411 ἑκάστην
1336 352 1447 396 τῶν
1484 342 1807 414 προθέσεων
1837 345 1959 408 τὰς’

255 431 428 496 λέξεις
465 440 564 486 τοῦ
612 431 972 503 συγγραφέως
1017 428 1408 502 παρατιθείην,
1449 431 1495 484 ὃ.
1520 433 1572 486 οἱ
1610 433 1706 495 τὰς
1743 431 1934 502 τέχνας
1980 492 1981 497 ,

255 519 345 574 καὶ
363 523 459 584 τὰς
479 522 781 589 εἰσαγωγὰς
801 529 912 572 τῶν
929 522 1110 588 λόγων
1132 523 1642 590 πραγματευόμενοι
1657 528 1933 590 ποιοῦσιν,
1951 539 1955 543 ·
1978 554 1982 578 f

209 627 231 660 5
255 613 622 680 προελόμενος
662 610 739 671 εἰς
776 605 949 677 μηδεν
997 608 1267 662 ἐλλείπειν
1311 607 1402 661 καὶ
1441 617 1603 663 τοῦτο
1649 612 1933 678 πεποίηκα,
1977 580 1985 680 Ι

255 700 315 751 τὸ
350 698 740 751 διδασκαλικὸν
781 705 957 766 σχῆμα
996 698 1182 766 λαβὼν
1213 695 1336 750 ἀντὶ
1366 705 1466 750 τοῦ
1506 697 1903 751 ἀποδεικτικοῦ.
1923 695 1985 770 Ι.

202 791 237 842 2
352 785 471 839 Ίνα
526 783 586 838 δε
640 785 1195 856 εὐπαρακολούθητος
1250 785 1279 839 ὁ
1329 788 1491 854 λόγος
1537 800 1624 839 σοι
1679 785 1960 856 γένηται,7
1980 848 1984 850 ,

253 873 486 945 προθεὶς
510 876 645 928 κατα
669 874 834 943 λέξιν,
867 875 967 928 ὅσα
998 873 1125 945 περὶ
1157 882 1257 927 τοῦ
1290 874 1649 945 συγγραφέως
1679 876 1930 944 τυγχάνω
1983 909 1985 916 ·

252 965 615 1035 προειρηκώς,
664 963 1029 1034 ἐπιτροχάδην
1067 962 1417 1032 ἀναλήψομαι
1462 972 1574 1016 τῶν
1610 963 1933 1034 προθέσεων

188 1072 230 1102 10
255 1051 485 1121 ἑκάστην
515 1051 606 1105 καὶ
638 1053 733 1114 τὰς
764 1050 1071 1115 ἀποδείξεις
1100 1050 1418 1123 παρέξομαι,
1450 1053 1699 1123 καθάπερ
1731 1051 1932 1121 ἠξίους.

253 1139 435 1194 ἕπεται
477 1138 537 1194 δὲ
576 1150 691 1203 τοῖς
729 1139 854 1211 περὶ
886 1139 1195 1212 Ἡροδότου
1234 1149 1528 1212 γραφεῖσιν
1559 1142 1625 1194 τὰ
1663 1139 1932 1210 μέλλοντα

252 1231 577 1297 δηλοῦσθαι.
632 1230 808 1302 τούτῳ
841 1231 945 1301 γὰρ
975 1231 1323 1298 Θουκυδίδης
1353 1237 1428 1301 τῷ
1461 1228 1623 1301 ἀνδρὶ
1658 1229 1932 1299 ἐπιβαλὼν

250 1317 341 1371 καὶ
381 1327 495 1381 τοῖς
535 1320 724 1381 ἄλλοις
758 1314 836 1371 ὧν
874 1321 1147 1390 πρότερον
1188 1317 1488 1387 ἐμνήσθην,
1534 1317 1624 1371 καὶ
1666 1319 1930 1386 συνιδών,

253 1406 316 1469 ἃς
340 1406 564 1470 ἕκαστος
591 1407 773 1460 αὐτῶν
801 1409 958 1476 ἔσχεν
987 1407 1198 1478 ἀρετάς,
1228 1409 1376 1460 ἴδιόν
1399 1427 1451 1460 τι
1477 1405 1636 1475 γένος
1666 1413 1931 1478 χαρακτῆ-

187 1514 228 1545 15
255 1516 366 1565 ρος,
401 1497 526 1548 οὔτε
556 1497 718 1560 πεζὸν
743 1495 1046 1558 αὐτοτελῶς
1071 1495 1184 1549 οὔτ’
1209 1498 1477 1567 ἔμμετρον
1501 1493 1928 1566 ἀπηρτισμένως,

251 1585 443 1637 κοινὸν
475 1582 542 1637 δέ
575 1605 627 1637 τι
666 1583 756 1637 καὶ
789 1587 983 1654 μικτὸν
1002 1583 1067 1648 ’ἐξ
1095 1584 1304 1654 ἀμφοῖν
1330 1584 1697 1655 ἐργασάμενος
1728 1585 1805 1646 εἰς
1828 1584 1930 1651 τὴν

253 1673 535 1743 ἱστορικὴν
565 1676 941 1743 πραγματείαν
974 1672 1313 1726 ἐσπούδασεν
1345 1674 1677 1740 εἰσαγαγεῖν·
1716 1670 1803 1725 ἐπὶ
1827 1669 1929 1741 μὲν

251 1767 346 1828 τῆς
385 1759 612 1829 ἐκλογῆς
650 1771 761 1814 τῶν
800 1762 1087 1831 ὀνομάτων
1125 1763 1226 1829 τὴν
1264 1762 1531 1831 τροπικὴν
1562 1759 1652 1814 καὶ
1691 1765 1928 1829 γλωττη-

250 1849 484 1918 ματικὴν
521 1847 611 1902 καὶ
652 1848 1108 1921 ἀπηρχαιωμένην
1146 1849 1236 1903 καὶ
1269 1849 1431 1918 ξένην
1462 1848 1611 1914 λέξιν
1648 1853 1929 1920 παραλαμ-

184 1956 227 1987 20
249 1938 436 2005 βάνων
480 1939 744 2001 πολλάκις
790 1937 912 1991 ἀντὶ
967 1945 1062 2007 τῆς
1106 1946 1295 2007 κοινῆς
1342 1937 1431 1991 καὶ
1479 1940 1764 2006 συνήθους
1813 1945 1927 2000 τοῖς

249 2025 368 2079 καθ’
424 2024 620 2079 ἑαυτὸν
658 2025 1005 2097 ἀνθρώποις,
1047 2026 1133 2079 ἐπὶ
1175 2024 1236 2080 δὲ
1274 2036 1385 2080 τῶν
1415 2035 1827 2096 σχηματισμῶν,
1867 2025 1928 2078 ἐν

370 2189 516 2242 12—p
540 2191 640 2242 425,
667 2191 692 2230 8
726 2200 781 2230 ex
813 2187 1218 2231 commentationis
1254 2187 1310 2231 de
1343 2186 1615 2243 Thucydide
1649 2189 1746 2229 024
1776 2189 1923 2243 p360‚

251 2249 468 2301 25—363‚
489 2251 541 2288 17
576 2245 763 2289 sublata

371 2397 393 2435 1
426 2399 507 2436 τοῦ
546 2400 836 2450 χαρακτῆρος
882 2393 1115 2465 glossema
1162 2393 1402 2437 existimat
1439 2393 1795 2448 Herwerdenus,
1843 2391 1926 2436 sed

251 2449 299 2492 cf
316 2465 347 2506 p
372 2455 472 2506 421,
492 2457 516 2495 6
536 2466 601 2507 sq.
665 2457 689 2494 2
723 2450 1031 2507 παραθέσεων
1054 2452 1150 2497 Pa:
1185 2466 1286 2496 corr
1318 2467 1422 2496 cum
1445 2451 1636 2496 Reiskio
1661 2451 1924 2507 Kruegerus

251 2508 299 2551 cf
317 2508 519 2552 Vlietius
552 2511 661 2553 stud
692 2524 740 2553 cr
770 2526 800 2566 p
827 2516 880 2554 33
973 2518 1000 2554 4
1032 2519 1217 2555 ποιοῦσι
1241 2527 1260 2555 s
1369 2517 1394 2555 6
1428 2511 1735 2555 ἐπιδεικτικοῢ
1766 2510 1844 2554 Pa

253 2572 278 2610 8
312 2566 483 2622 όσαπερ
515 2576 596 2612 τοῦ
621 2569 656 2611 Ρ
781 2575 834 2613 10
867 2568 1029 2626 ἠξίουν
1052 2571 1147 2614 Pa:
1182 2585 1283 2614 corr
1317 2571 1345 2614 S
1348 2569 1596 2645 ylburgius
1693 2574 1745 2612 12
1777 2568 1922 2627 τούτῳ

250 2623 302 2669 δε
335 2626 394 2682 δὴ
425 2631 487 2685 τῷ
519 2627 657 2681 ἀνδρὶ
692 2627 986 2686 Θουκυδίδης
1018 2629 1249 2687 ἐπιβαλὼν
1282 2634 1324 2674 Δ
1483 2634 1535 2672 13
1569 2624 1654 2686 ὧ[ν
1677 2628 1941 2699 πρό]τερον-

252 2699 358 2728 cum
388 2672 531 2728 litura
560 2686 590 2727 P
619 2688 623 2742 Ι
653 2687 875 2730 συνειὸὼν
906 2647 959 2730 Ρ,η
1123 2694 1178 2731 14
1210 2688 1367 2733 ἰ’.ὃιον
1419 2693 1509 2733 .16
1543 2687 1626 2745 εἰς]
1663 2685 1787 2730 ἴδιόν
1817 2701 1922 2730 τινα

251 2750 521 2801 χαρακτῆρα
553 2744 631 2787 καὶ
663 2744 1023 2801 παρεωραμένον
1055 2746 1200 2791 ἅπασι
1231 2755 1409 2803 πρῶτος
1441 2747 1505 2798 εἰς
1529 2750 1571 2790 Δ
1691 2750 1743 2787 15
1774 2743 1877 2788 οὔτε
1901 2758 1921 2787 s

372 2807 426 2846 16
458 2803 619 2859 μικτὸν
653 2802 788 2848 CDS:
821 2804 985 2859 μικρὸν
1016 2805 1052 2848 Ρ
1204 2812 1257 2850 17
1291 2807 1483 2862 ἀγαγεῖν
1515 2810 1558 2849 Δ
1685 2808 1738 2846 19
1771 2818 1922 2858 παρα-

252 2859 500 2936 λαμβάνων
532 2860 768 2919 πολλάκις]
801 2862 1105 2918 προελόμενος
1138 2869 1178 2907 Λ
1298 2870 1354 2908 20
1384 2871 1480 2914 τοῖς
1505 2862 1637 2907 Gcsz
1670 2868 1758 2934 τῆσ
1782 2862 1818 2905 Ρ

251 2925 306 2963 21
341 2919 445 2965 κατ’
474 2921 617 2965 αὐτὸν
651 2925 690 2963 Δ
718 2923 723 2977 Ι
754 2920 828 2964 ἐπὶ
868 2920 936 2978 δε]
971 2922 1045 2965 ἐπὶ
1084 2920 1134 2965 δε
1175 2930 1255 2979 τῆς
1294 2921 1551 2972 συνθέσεως
1588 2928 1680 2965 τῶν
1718 2918 1758 2963 τ’
1796 2919 1921 2963 ἐλατ-
