1958 3192
130 161 204 212 40
558 163 900 205 ΔΙΟΝΤΣῙΟΤ
930 163 1398 204 ΑΛΙΚΑΡΝΑΣΕΩΣ

133 296 199 350 οὐ
239 298 372 365 μετὰ
411 297 769 366 στρωμάτων,
816 296 882 349 οὐ
922 297 1054 365 μετὰ
1102 297 1354 365 ἱματίων,
1409 296 1476 349 οὐ
1522 298 1654 366 μετὰ
1699 306 1812 350 τῶν

133 385 400 454 ἐπίπλων,
455 386 488 439 ἃ
527 386 631 455 <ὁ>
677 386 852 454 πατὴρ
909 384 1094 446 αὐτοῖς
1139 384 1448 454 κατέλιπεν,
1502 383 1633 438 οὐδὲ
1679 387 1812 454 μετὰ

132 485 243 528 τῶν
295 480 794 545 παρακαταθηκῶν,
850 473 911 535 ἃς
958 472 1163 535 ἐκεῖνος
1207 475 1354 544 παρὰ
1402 472 1489 527 σοὶ
1534 472 1812 527 κατέθετο.

132 562 223 617 καὶ
261 572 368 616 νῦν
406 565 535 625 τοὺς
573 559 674 632 μὲν
713 562 771 614 ἐκ
809 569 904 629 τῆς
942 570 1207 632 μητρυιᾶς
1244 569 1337 630 τῆς
1375 562 1503 631 ἐμῆς
1533 563 1812 624 παιδεύεις

89 668 111 700 5
136 652 196 706 ἐν
233 657 457 714 πολλοῖς
496 654 768 722 χρήμασιν
800 650 1129 719 εὐδαίμονας
1159 652 1321 713 ὄντας
1361 649 1474 721 (καὶ
1506 659 1675 704 ταῦτα
1710 647 1812 720 μὲν

134 746 312 803 καλῶς
349 739 572 810 ποιεῖς),
612 741 740 801 τοὺς
780 737 1035 807 δ’γέμοὺς
1074 738 1303 808 ἀδικεῖς,
1351 739 1448 802 οὓς
1486 740 1712 809 ἀτίμους
1754 739 1813 792 ἐκ

134 836 229 897 τῆς
269 831 443 891 οἰκίας
483 828 728 897 ἐκβαλὼν
766 825 889 879 ἀντὶ
927 830 1212 880 πλουσίων
1249 830 1496 896 πτωχοὺς
1532 827 1814 891 ἀποδεῖξαι

135 923 428 988 προθυμεῖ.
496 916 586 969 καὶ
628 915 714 969 ἐπὶ
753 917 1026 978 τοιούτοις
1072 918 1254 986 ἔργοις
1301 917 1426 969 οὔτε
1471 919 1600 979 τοὺς
1645 919 1815 979 θεοὺς

137 1010 300 1076 φοβεῖ
337 1007 462 1059 οὔτε
495 1002 585 1074 ἐμὲ
617 1005 718 1072 τὴν
749 1005 1073 1057 συνειδυῖαν
1104 1005 1335 1075 αἰσχύνῃ
1373 1006 1497 1058 οὔτε
1528 1013 1627 1058 τοῦ
1660 1005 1816 1058 ἀδελ-

70 1111 114 1142 10
138 1103 249 1165 φοῦ
289 1094 574 1164 μέμνησαι,
614 1093 751 1146 ἀλλὰ
789 1093 996 1155 πάντας
1026 1093 1166 1162 ἡμᾶς
1195 1092 1321 1164 περὶ
1355 1093 1640 1156 ἐλάττονος
1670 1102 1818 1147 ποιεῖ

136 1184 438 1254 χρημάτων.
507 1184 629 1234 τότε
667 1178 768 1251 μὲν
808 1177 926 1250 οὖν,
966 1179 1008 1234 ὦ
1049 1183 1247 1252 ἄνδρες
1287 1183 1553 1251 δικασταί,
1595 1187 1817 1236 πολλῶν

136 1270 226 1325 καὶ
267 1273 466 1324 δεινῶν
502 1271 611 1323 ὑπὸ
651 1277 746 1338 τῆς
784 1271 1045 1338 γυναικὸς
1085 1269 1372 1340 ῥηθέντων
1407 1269 1411 1341 Ι
1448 1271 1589 1324 οὕτω
1628 1269 1794 1324 διετέ-
1819 1283 1903 1322 511

136 1367 316 1430 θημεν
346 1361 545 1422 πάντες
570 1360 622 1412 οἱ
645 1361 912 1428 παρόντες
935 1359 1042 1411 ὑπὸ
1072 1369 1182 1412 τῶν
1213 1360 1388 1431 τούτῳ
1420 1358 1818 1430 πεπραγμένων

136 1448 227 1502 καὶ
265 1458 377 1502 τῶν
415 1447 597 1516 λόγων
634 1457 745 1500 τῶν
785 1447 1010 1516 ἐκείνης,
1049 1448 1284 1518 ὁρῶντες
1323 1445 1423 1517 μὲν
1460 1449 1589 1510 τοὺς
1619 1450 1818 1510 παῖδας

73 1552 113 1584 15
139 1532 227 1592 οἶα
265 1534 405 1606 ἦσαν
442 1539 806 1605 πεπονθότες,
856 1535 1392 1605 ἀναμιμνησκόμενοι
1432 1533 1493 1589 δὲ
1539 1545 1638 1589 τοῦ
1686 1537 1818 1590 ἀπο-

137 1629 428 1693 θανόντος,
468 1626 540 1687 ὡς
579 1624 804 1688 ἀνάξιον
841 1632 935 1692 τῆς
975 1624 1165 1686 οὐσίας
1203 1626 1300 1677 τὸν
1340 1624 1636 1695 ἐπίτροπον
1666 1624 1818 1678 κατέ-

139 1720 313 1782 λιπεν,
354 1713 762 1782 ἐνθυμούμενοι
801 1711 878 1781 δέ,
919 1714 991 1775 ὡς
1029 1714 1267 1781 χαλεπὸν
1306 1712 1546 1783 ἐξευρεῖν
1578 1714 1682 1786 ὅτῳ
1714 1715 1817 1784 χρὴ

138 1802 263 1873 περὶ
303 1812 413 1855 τῶν
454 1800 651 1854 ἑαυτοῦ
689 1809 1001 1854 πιστεῦσαι·
1040 1803 1193 1870 ὥστε,
1234 1799 1275 1854 ὦ
1312 1803 1510 1871 ἄνδρες
1549 1803 1819 1870 δικασταί,

139 1890 347 1960 μηδένα
377 1899 488 1942 τῶν
518 1892 808 1959 παρόντων
841 1891 1119 1943 δύνασθαι
1152 1889 1519 1958 φθέγξασθαι,
1559 1890 1698 1943 ἀλλὰ
1728 1888 1820 1942 καὶ

73 1993 116 2025 20
142 1979 480 2049 δακρύοντας
520 1979 590 2047 μὴ
629 1974 795 2045 ἧττον
833 1987 944 2030 τῶν
981 1980 1346 2031 πεπονθότων
1385 1978 1646 2041 ἀπιόντας
1681 1984 1819 2048 οἴχε-

142 2073 277 2120 σθαι
316 2066 525 2136 σιωπῇ.’

52 2157 123 2208 26
251 2156 343 2207 ἵνα
383 2151 443 2207 δὲ
481 2153 571 2206 καὶ
612 2154 639 2208 6
679 2164 791 2207 τῶν
829 2154 1161 2219 ἀποδείξεων
1198 2156 1481 2226 χαρακτὴρ·
1502 2157 1819 2225 καταφανὴς

142 2242 389 2311 γένηται,
427 2245 584 2311 θήσω
624 2242 714 2295 καὶ
753 2245 818 2295 τά
859 2242 945 2295 ἐπὶ
985 2245 1200 2306 τούτοις
1239 2247 1517 2313 λεγόμενα.
1586 2247 1681 2307 τὰς
1719 2242 1820 2314 μὲν

263 2378 285 2415 1
321 2371 434 2428 μετὰ
464 2373 574 2430 τῶν]
616 2372 728 2429 μετὰ
759 2373 794 2415 F
926 2379 951 2416 2
985 2373 1008 2418 6
1042 2387 1116 2417 om
1147 2374 1330 2417 FMPB
1374 2376 1379 2430 Ι
1421 2372 1634 2418 κατέλιπε
1665 2375 1700 2417 F

144 2436 169 2474 3
202 2435 495 2487 παραθηκῶν
527 2433 563 2474 P
669 2436 694 2474 5
728 2430 1010 2487 εὐδαίμονας
1041 2447 1097 2476 ex
1129 2431 1405 2489 εὐδαίμονος
1435 2433 1493 2475 F¹
1592 2439 1616 2477 6
1649 2431 1820 2488 ἀτίμως

145 2490 222 2534 Gv
347 2494 370 2532 7
403 2491 629 2548 πτωχοὺς]
669 2506 793 2548 πτωχ
826 2491 860 2533 F
895 2491 963 2534 ita
997 2494 1050 2535 ut
1079 2510 1105 2550 χ
1145 2492 1359 2535 additum
1398 2491 1460 2535 sii:
1498 2505 1635 2548 super
1666 2510 1701 2535 ω

145 2553 171 2592 8
223 2551 466 2622 προθυμῇ
490 2549 599 2592 libri
656 2550 662 2607 Ι
718 2550 897 2600 τούτοις
943 2551 979 2592 Β
1130 2556 1155 2594 9
1203 2553 1327 2608 φοβῇ
1373 2549 1483 2593 libri
1541 2552 1546 2606 Ι
1605 2550 1687 2606 τὴν
1735 2550 1820 2622 σὴν

143 2606 382 2664 θυγατέρα
421 2607 504 2663 τὴν
546 2610 812 2652 συνειδυῖαν
844 2624 873 2652 v
911 2611 1018 2665 post
1047 2609 1290 2652 Reiskium
1333 2609 1418 2665 τὴν
1459 2608 1543 2664 σὴν
1581 2607 1820 2665 θυγατέρα

145 2666 222 2710 Gv
271 2669 379 2710 ante
425 2666 667 2710 Reiskium
717 2669 722 2723 Ι
773 2666 1041 2712 συνειδυίαν
1079 2669 1128 2712 Μ
1177 2669 1183 2727 Ι
1234 2668 1458 2725 αἰσχύνην
1496 2668 1530 2710 F
1570 2681 1671 2711 corr
1709 2669 1767 2710 F¹
1811 2669 1814 2719 Ι

143 2733 224 2770 τοῦ
257 2725 453 2769 inseruit]
484 2726 518 2767 F
527 2726 543 2750 ²
638 2731 693 2768 10
726 2725 966 2777 ἐλάττονος
997 2741 1052 2770 ex
1085 2726 1329 2777 ἐλάττονας
1360 2727 1395 2769 F
1423 2731 1428 2781 Ι
1455 2734 1604 2776 ποιεῖς
1634 2726 1819 2770 FMPB

144 2792 255 2842 ποιῇ
298 2784 336 2827 G
458 2789 513 2827 14
550 2785 681 2842 τ[ῶν]
725 2787 832 2840 post
869 2785 1015 2841 λόγων
1063 2800 1166 2829 cum
1203 2799 1279 2829 ras
1319 2785 1378 2828 F²
1427 2789 1432 2838 Ι
1482 2782 1819 2840 μὲν-πεπον-

145 2843 283 2893 θότες
315 2842 409 2886 add
433 2843 491 2885 F2
521 2843 570 2885 in
601 2858 680 2899 mg
801 2849 855 2887 15
888 2844 1383 2918 ἀναμ[ι]μνησκόμενοι
1415 2858 1520 2887 cum
1550 2859 1624 2887 ras
1650 2845 1685 2887 F
1725 2861 1817 2888 avoc

145 2903 267 2946 inter
297 2901 445 2945 lineas
478 2902 571 2945 add
603 2902 661 2944 F¹
777 2908 829 2946 18
863 2901 1100 2946 πιστεῦσαί
1130 2921 1234 2948 τινα
1267 2902 1344 2946 Grv
1379 2905 1384 2960 Ι
1424 2902 1534 2946 ὥστε
1567 2916 1641 2946 om
1664 2903 1700 2946 P

148 2967 203 3005 20
235 2958 379 3018 μηδὲν
413 2957 549 3015 ἧττον
583 2960 660 3005 GV
752 2966 806 3004 22
840 2961 863 3005 6
898 2975 971 3004 om
1002 2962 1084 3004 BP

1929 234 1931 241 <
1926 128 1933 192 w*

1935 520 1939 537 1

1932 583 1941 630 ὲ

1933 631 1940 651 *ἵ

1932 652 1941 759 Ι

1936 774 1943 819 f»

1936 828 1943 861 ἰ

1937 870 1943 937 ἐ

1913 947 1945 998 Ἰ

1935 1003 1949 1618 Ι

1954 1236 1958 1254 1

1943 1623 1949 1656 ³
