2004 3202
198 128 306 181 328
622 130 964 174 ΔΙΟΝΤΣΙΟΤ
995 129 1460 173 ΑΛΙΚΑΡΝΑΣΕΩΣ
1918 0 1971 317 Ἶ

196 284 294 326 τας
334 263 547 336 ἐμαυτῷ
583 263 895 335 προῄρημαι
934 265 1151 332 λόγους,
1190 264 1259 315 σύ
1297 283 1354 316 τε
1391 268 1598 333 κρινεῖς
1635 262 1726 316 καὶ
1763 273 1876 318 τῶν
1944 284 1958 314 .2

198 354 383 406 ἄλλων
422 355 737 421 φιλολόγων
775 352 1012 414 ἕκαστος.
1964 324 1972 420 l

162 441 196 493 3
294 439 450 494 ’Ἐστι
482 442 549 509 δὴ
581 442 641 493 τὸ
674 441 925 509 βούλημά
956 460 1064 509 μου
1095 446 1190 507 τῆς
1219 443 1587 509 πραγματείας
1618 440 1684 493 οὐ
1715 460 1874 493 κατα-

198 530 374 598 δρομὴ
413 535 507 596 τῆς
550 529 900 581 Θουκυδίδου
936 526 1305 597 προαιρέσεώς
1343 547 1400 580 τε
1445 526 1536 581 καὶ
1576 529 1876 597 δυνάμεως,
1966 498 1975 618 Ξ

152 633 176 666 5
199 616 318 670 οὐδ’
366 616 684 685 ἐκλογισμὸς
728 625 839 668 τῶν
886 615 1285 686 ἁμαρτημάτων
1334 614 1451 668 οὐδ’
1506 615 1877 685 ἐξευτελισμὸς
1967 628 1977 711 ἶ

199 704 318 758 οὐδ’
380 708 512 758 ἄλλο
567 724 619 756 τι
673 712 929 757 τοιοῦτον
989 706 1155 774 ἔργον
1218 703 1409 773 οὐδέν,
1465 703 1525 756 ἐν
1579 697 1621 776 ᾧ
1659 706 1725 758 τά
1777 701 1878 773 μὲν
1972 749 1978 774 3

197 795 598 863 κατορθώματα
643 791 734 845 καὶ
780 784 889 855 τὰς
923 792 1116 862 ἀρετὰς
1163 793 1390 856 οὐδενὸς
1435 792 1637 861 ἠξίωκα
1691 795 1878 861 λόγου,

198 890 314 943 τοῖς
353 878 413 933 δὲ
459 881 531 950 μὴ
577 883 713 934 κατὰ
759 883 820 934 τὸ
865 882 1159 951 κράτιστον
1205 880 1511 952 εἰρημένοις
1557 881 1879 951 ἐπιφύομαι·

201 969 523 1038 ἐκλογισμὸς
563 969 629 1022 δέ
661 990 744 1032 τις
783 978 882 1022 τοῦ
921 977 1259 1041 χαρακτῆρος
1289 979 1401 1023 τῶν
1431 972 1629 1038 λόγων,
1669 971 1880 1022 ἅπαντα

138 1076 180 1108 ιο
201 1059 586 1127 περιειληφώς,
628 1059 633 1127 Ι
677 1058 778 1111 ὅσα
831 1057 1172 1127 συμβέβηκεν
1227 1058 1375 1130 αὐτῷ
1423 1059 1582 1111 κοινοί
1627 1078 1684 1111 τε
1730 1059 1866 1128 πρὸς
1883 1047 1979 1111 815Ῐ

201 1144 420 1215 ἑτέρους
472 1145 563 1199 καὶ
619 1146 956 1217 διαφέροντα
1008 1148 1155 1217 παρὰ
1209 1149 1338 1210 τοὺς
1392 1148 1607 1209 ἄλλους.
1684 1146 1745 1200 ἐν
1799 1139 1881 1208 οἷς

200 1233 502 1302 ἀναγκαῖον
539 1231 609 1303 ἦν
640 1236 711 1304 μὴ
743 1237 839 1297 τὰς
871 1235 1065 1306 ἀρετὰς
1096 1235 1357 1303 λέγεσθαι
1387 1237 1578 1304 μόνον,
1617 1234 1756 1288 ἀλλὰ
1790 1233 1881 1287 καὶ
1979 1228 1985 1273 3

199 1324 296 1385 τὰς
334 1324 657 1390 γειτνιώσας
696 1323 885 1386 αὐταῖς
924 1326 1127 1386 κακίας.
1199 1324 1427 1393 οὐδεμία
1465 1325 1570 1393 γὰρ
1611 1323 1882 1393 αὐτάρκης
1983 1309 1985 1317 ¹

201 1402 508 1482 ἀνθρώπου
561 1413 729 1482 φύσις
784 1411 896 1465 οὔτ’
945 1411 1005 1465 ἐν
1051 1415 1236 1480 λόγοις
1282 1411 1394 1465 οὔτ’
1451 1411 1511 1464 ἐν
1560 1413 1742 1481 ἔργοις
1789 1411 1882 1463 ἀν-

137 1517 181 1550 15
205 1500 511 1569 αμάρτητος
543 1496 703 1569 εἶναι,
741 1503 1000 1571 κρατίστη
1034 1498 1095 1553 δὲ
1125 1500 1158 1568 ἡ
1191 1505 1418 1554 πλεῖστα
1456 1497 1557 1569 μὲν
1597 1499 1883 1568 ἐπιτυγχά-

201 1602 403 1656 νουσα,
459 1588 712 1657 ἐλάχιστα
767 1585 828 1641 δὲ
874 1588 1196 1657 ἀστοχοῦσα.
1274 1587 1362 1641 ἐπὶ
1411 1589 1617 1656 ταύτην
1663 1589 1731 1656 δὴ
1765 1588 1885 1655 ’τὴν

201 1676 477 1728 ὑπόθεσιν
531 1675 825 1746 ἀναφέρων
875 1675 1097 1739 ἕκαστος
1146 1678 1211 1729 τά
1260 1677 1613 1746 ῥηθησόμενα
1668 1677 1739 1745 μὴ
1791 1683 1884 1743 τῆς

201 1763 571 1834 προαιρέσεώς
610 1785 717 1833 μου
755 1763 1002 1832 γενέσθω
1042 1766 1360 1835 κατήγορος,
1400 1764 1538 1818 ἀλλὰ
1577 1774 1687 1817 τῶν
1727 1765 1886 1816 ἰδίων

203 1860 304 1905 τοῦ
342 1859 679 1922 χαρακτῆρος
725 1855 903 1923 ε”ργων
952 1852 1230 1921 ἐξεταστὴς
1270 1855 1493 1914 δίκαιος.
1571 1853 1655 1905 ὅτι
1695 1850 1743 1904 δ’
1783 1852 1884 1905 οὐκ

137 1960 181 1991 20
207 1940 310 2007 ἐγὼ
365 1949 527 1994 τοῦτο
582 1950 796 2011 πρῶτος
843 1940 1218 2011 ἐπικεχείρηκα
1253 1950 1450 2009 ποιεῖν,
1506 1940 1644 1994 ἀλλὰ
1688 1939 1885 1993 πολλοὶ

204 2027 297 2081 καὶ
335 2030 503 2082 πάλαι
541 2029 631 2082 καὶ
670 2029 797 2083 καθ’
843 2030 1000 2099 ἡμᾶς,
1041 2030 1107 2083 οὐ
1141 2031 1630 2099 φιλαπεχθήμονας
1659 2031 1886 2099 προελό-

206 2137 363 2186 μενοι
401 2120 618 2187 γραφὰς
657 2118 795 2171 ἀλλά
829 2120 1171 2189 θεωρητικὰς
1208 2125 1303 2186 τῆς
1335 2118 1615 2187 ἀληθείας,
1654 2119 1887 2187 μυρίους

205 2205 589 2276 παρασχέσθαι
655 2208 961 2276 δυνάμενος
1022 2207 1328 2276 μάρτυρας,
1391 2207 1548 2259 δυεῖν
1617 2204 1887 2274 ἀνδράσιν

209 2294 619 2364 ἀρκεσθήσομαι
636 2298 844 2364 μόνοις,
853 2294 1215 2365 Ἀριστοτέλει
1231 2294 1322 2347 καὶ
1339 2295 1614 2347 Πλάτωνι.
1645 2292 1887 2362 Ἀριστο-

140 2398 186 2431 25
210 2382 365 2451 τέλης
404 2403 460 2435 τε
498 2385 603 2452 γὰρ
645 2383 745 2452 οὐχ
785 2385 998 2436 ἅπαντα
1035 2385 1171 2436 κατὰ
1209 2384 1270 2436 τὸ
1309 2383 1602 2453 κράτιστον
1633 2383 1888 2451 εἰρῆσθαι

331 2574 356 2612 2
391 2570 646 2626 φιλολόγων
678 2571 773 2616 Mf:
809 2570 1077 2629 φιλοσόφων
1109 2570 1365 2628 φιλολόγων
1394 2571 1430 2614 Ρ
1595 2574 1620 2612 8
1654 2569 1714 2626 μὴ
1747 2585 1887 2624 κατορ

212 2627 331 2672 κατὰ
361 2643 416 2684 pr
448 2628 483 2670 P
636 2634 689 2672 10
723 2632 885 2688 αὐτ[ῶ]
918 2632 965 2674 Μ
1010 2645 1113 2674 cum
1144 2630 1287 2674 litura
1452 2633 1504 2671 13
1538 2626 1704 2679 κακίας
1734 2629 1776 2672 f:
1809 2645 1888 2671 κα-

212 2686 336 2738 κίαις
357 2687 449 2729 ΜΡ
543 2691 596 2730 18
629 2686 874 2746 γενέσθ[ω]
899 2690 948 2732 Μ
980 2704 1083 2733 cum
1106 2689 1250 2733 litura
1332 2693 1386 2731 21
1413 2687 1492 2731 καὶ
1522 2689 1714 2731 παλαιοι
1745 2685 1889 2730 ’πάλαι

214 2747 294 2790 καὶ
324 2746 402 2789 καὶ
436 2744 551 2788 καθ’
587 2761 642 2802 pr
664 2746 699 2788 P
831 2752 885 2790 23
919 2750 1049 2792 δυεῖν
1080 2748 1195 2792 MP:
1230 2749 1363 2791 δυοῖν
1394 2747 1418 2790 f
1568 2751 1624 2789 24
1657 2745 1887 2800 ἀρκεσθή-

215 2802 408 2861 σοὸμοία
433 2804 468 2846 Ρ
496 2803 513 2846 i
539 2818 562 2848 e
595 2821 676 2859 μαι
701 2805 859 2860 μόνοις
886 2841 894 2849 .
916 2843 923 2849 .
945 2843 951 2850 .
978 2822 1008 2862 p
1035 2811 1133 2862 330,
1156 2811 1210 2850 22
1222 2821 1275 2861 sq
1305 2802 1570 2863 προαιρέσει
1593 2819 1640 2847 τε
1664 2804 1752 2847 hoc
1783 2803 1886 2847 loco

217 2863 418 2919 omjttit‚
475 2862 598 2906 infra
643 2878 674 2919 p
707 2868 812 2918 332,
840 2868 893 2907 19
949 2865 1074 2908 intra
1118 2865 1324 2909 medium
1384 2863 1579 2908 uerbum
1631 2860 1884 2921 ὑΗγιαίνων

215 2922 348 2980 ponit
