1958 3192
796 169 1093 213 -ῙΧ-

111 305 360 374 Stratego
408 305 638 374 scriptus
686 304 772 376 (de
821 324 925 375 quo
979 304 1190 358 rettulit
1235 304 1437 357 Bakius
1488 323 1536 373 p.
1575 303 1795 376 XLIV),

107 394 487 447 Riccardianus
531 393 598 446 15
639 393 946 446 chartaceus
987 390 1075 465 (cf.
1110 391 1258 446 Stud.
1294 393 1405 445 ital.
1441 393 1491 461 2,
1530 392 1638 445 485
1672 392 1795 464 sq.),

16 551 18 553 ‚
102 481 488 535 Escorialensis
526 480 886 534 1—111—15
934 481 1097 535 chart.
1140 499 1270 534 saec.
1309 481 1796 553 XV1,-Bodleianus

102 569 322 623 miscell.
357 570 467 623 230
507 570 636 622 011111
678 570 1053 623 Saibantianus
1087 568 1175 641 (cf.
1219 570 1370 622 catal.
1400 565 1439 622 I*
1464 589 1513 639 p.
1558 569 1792 642 783sq.).

106 662 292 712 contra
330 658 421 710 alii
460 658 721 727 Dionysio
761 659 1140 728 Demetrioque
1177 658 1542 711 Alexandrum
1574 658 1789 712 Menan·

109 748 262 800 drum
301 746 595 800 Aristidem
634 746 892 816 Apsinem
931 747 1295 800 Minucianum
1335 748 1557 817 addunt,
1603 767 1794 817 nempe

15 850 33 904 ζ
105 835 378 890 Parisinus
432 836 575 904 bybl.
628 839 733 888 nat.
789 836 954 906 1656,
1015 835 1446 889 Vindobonensis
1501 836 1687 889 classis
1734 852 1794 888 IV

11 992 34 1008 ,ἱ
107 922 323 996 (philos,
364 928 416 978 et
446 923 655 996 philol.)
691 926 761 979 60
785 925 1092 978 chartaceus
1118 925 1208 994 (cf.
1231 925 1460 978 Nesselii
1496 925 1645 978 catal.
1678 929 1715 977 t.
1740 924 1794 977 II

11 1049 25 1088 ⁴2.
108 1033 158 1083 p.
199 1014 268 1066 36
310 1012 436 1085 sq.),
496 1013 798 1067 Marcianus
848 1013 956 1066 429
1011 1015 1444 1067 membranaceus
1493 1033 1530 1067 s,
1570 1030 1650 1066 XV
1704 1012 1794 1085 (cf.

16 1089 31 1099 ἰ
110 1101 211 1155 Iac.
259 1102 493 1155 Morellii
538 1102 666 1155 bibl.
721 1120 981 1155 manuscr.
1021 1101 1047 1155 I
1085 1122 1134 1172 p.
1190 1103 1298 1155 295
1332 1102 1464 1174 sq.),
1517 1103 1796 1155 Palatinus

110 1193 179 1244 66
222 1190 308 1262 (cf.
343 1190 663 1262 Sylburgius
702 1191 734 1242 l.
769 1210 807 1243 S.
847 1210 896 1259 p.
929 1190 1041 1262 24),
1081 1192 1307 1261 denique
1346 1192 1392 1244 is
1432 1192 1596 1244 codex
1637 1210 1794 1260 quem

15 1301 39 1363 g·
112 1279 283 1332 Aldus
322 1279 596 1331 Manutius
643 1281 698 1331 in
737 1279 1011 1332 rhetorum
1062 1281 1334 1333 uolumine
1372 1281 1548 1349 priore
1587 1299 1796 1349 expres-

114 1369 185 1420 sit
235 1366 330 1440 (a).
430 1368 688 1421 decurtati
738 1372 862 1420 sunt
908 1369 1114 1421 codices
1160 1368 1540 1422 Riccardianus
1581 1371 1648 1422 68
1706 1367 1796 1440 (cf.

116 1455 265 1510 Stud.
311 1457 422 1509 ital.
463 1458 512 1526 2,
537 1455 670 1528 518)
710 1458 928 1526 prioriS,
982 1456 1344 1527 Angelicanus
1383 1457 1456 1510 54
1513 1457 1600 1529 (cf.
1643 1456 1793 1510 Stud.

26 1547 30 1551 ’
108 1546 220 1598 ital.
263 1546 314 1615 4,
357 1545 486 1617 103)
535 1546 752 1598 secundi
799 1546 1006 1616 generis
1016 1589 1030 1615 ,
1069 1545 1362 1599 Vaticanus
1405 1546 1546 1599 1405
1594 1546 1797 1599 charta-

14 1627 36 1687 ῘῘ
111 1653 232 1688 ceus
273 1635 400 1687 olim
446 1634 625 1686 Fuluii
669 1633 875 1703 Vrsini,
930 1634 1022 1704 qui
1069 1653 1189 1688 cum
1231 1635 1480 1704 Dionysii
1527 1639 1694 1688 artem
1743 1639 1797 1688 et

14 1736 27 1787 ,ἓ
111 1724 395 1793 epistulam
435 1724 497 1776 de
526 1723 854 1792 Thucydidis
893 1724 1162 1776 idiomatis
1199 1725 1521 1794 praemittat,
1560 1724 1801 1777 miscella

112 1813 355 1883 adiungit
394 1813 615 1882 originis
662 1813 835 1882 plane·
858 1813 1096 1866 diuersae
1135 1813 1400 1866 rhetorica
1446 1817 1499 1866 et
1538 1831 1798 1883 gramma-

35 1967 37 1970 .
112 1902 232 1971 tica,
272 1901 505 1954 Vrbinas
537 1902 607 1952 47
658 1901 821 1954 chart.
863 1920 893 1953 a
930 1901 1190 1954 Michaele
1228 1901 1511 1971 Apostolio
1553 1903 1800 1970 scrithS,

111 1991 214 2043 ubi·
243 1990 382 2042 libro
431 1991 493 2042 de
533 2009 702 2059 comp.
742 1991 887 2043 uerb.
927 1990 1236 2044 Aristotelis
1283 1991 1548 2044 rhetorica
1587 1994 1639 2043 et
1677 2009 1798 2059 poe-

113 2081 220 2132 tica
257 2098 354 2132 nec
394 2097 501 2131 non
531 2078 836 2132 Demetrius
875 2098 927 2132 π.
963 2078 1076 2148 ἑρμ.
1117 2079 1371 2149 iungitur,
1407 2079 1798 2133 Laurentianus

114 2183 255 2220 LVIII
288 2168 359 2219 22
424 2168 515 2236 qui
570 2167 817 2236 Dionysii
881 2168 1163 2236 epistulam
1220 2168 1607 2237 Thucydidiam
1675 2187 1796 2221 cum

115 2256 369 2309 Aristidis
408 2256 673 2309 rhetorica
712 2257 980 2325 conponit,
1021 2257 1126 2310 alii.

225 2344 389 2397 Vides
428 2345 506 2397 nil
544 2346 715 2415 magis
753 2345 1098 2397 manifestum
1139 2364 1252 2398 esse
1294 2364 1452 2415 quam
1491 2345 1590 2398 hos
1629 2345 1798 2397 libros

117 2453 300 2487 omnes
340 2434 414 2486 ita
454 2452 484 2485 a
522 2433 765 2486 Parisino
804 2434 1053 2502 pendere,
1105 2438 1165 2486 ut
1211 2453 1275 2487 ex
1316 2435 1521 2487 duobus
1562 2434 1796 2486 eiusdem

117 2522 438 2592 apographis
471 2522 737 2574 fluxerint.
793 2541 925 2591 quae
964 2541 1092 2574 num
1125 2522 1387 2592 hodieque
1428 2526 1652 2592 exstent,
1690 2541 1797 2574 non

28 2602 34 2627 ³
117 2612 309 2663 attinet
363 2629 627 2679 quaerere.
705 2610 851 2662 nulla
905 2611 1044 2663 enim
1098 2630 1164 2663 ne
1210 2611 1400 2664 horum
1449 2611 1662 2680 quidem
1718 2615 1800 2662 est

117 2700 427 2767 auctoritaS,
474 2717 595 2751 cum
635 2699 808 2751 aditus
849 2699 914 2750 ad
952 2699 1157 2752 fontem
1197 2717 1531 2752 communem
1570 2698 1795 2767 pateat.1

238 2835 259 2872 1
303 2828 367 2872 Cf.
403 2828 670 2872 dissertatio
710 2829 778 2872 De
810 2829 1023 2886 Dionysii
1063 2830 1489 2873 Halicarnassensis
1529 2829 1661 2873 libris
1700 2842 1796 2871 ma-

14 2903 15 2906 ’
117 2902 367 2959 nuscriptis
385 2902 530 2946 indici
548 2902 809 2946 scholarum
825 2903 1139 2947 Bonnensium
1164 2906 1286 2947 aest.
1312 2918 1350 2947 a.
1370 2901 1799 2946 MDCCCLXXVIII

118 2976 390 3031 praemissa,
422 2976 545 3019 unde
577 2989 697 3030 quae
730 2976 857 3020 dicta
888 2979 997 3021 sunt
1018 2977 1181 3033 paucis
1215 2979 1353 3020 aucta
1384 2977 1595 3032 repet-ini.
