2004 3202
0 0 65 233 l
850 142 1058 184 ΙΣΑῙΟΣ
1691 141 1795 193 109

111 278 405 345 λαβόντας,
459 273 550 327 καὶ
590 276 639 328 εἰ
684 272 786 344 μὲν
832 275 952 328 εὐτε
986 316 997 328 .
1023 316 1034 327 .
1060 316 1072 327 .
1097 315 1134 342 .,
1187 282 1263 347 τῷ
1309 277 1454 347 λόγῳ
1500 276 1797 342 πιστεύειν,

114 366 162 418 εἰ
201 361 263 418 δὲ
300 366 390 434 μή,
429 371 536 416 νῦν
574 363 954 432 παρασχέσθαι
993 364 1290 433 μάρτυρας,
1330 368 1386 416 εἴ
1409 383 1462 415 τι
1493 364 1698 427 ψεῦδος
1728 360 1799 431 ἦν

111 448 192 506 ὧν
232 451 564 521 ἐλογισάμην
602 451 822 514 αὐτοῖς’

0 547 17 595 ”.
221 538 378 593 ταυτὶ
417 537 519 609 μὲν
558 540 924 610 διαλελυμένα
962 539 1052 593 καὶ
1094 539 1147 604 ἐξ
1185 539 1578 610 ἐπερωτήσεως.
1652 533 1736 603 οἷς
1767 540 1796 593 ὁ
1818 544 1884 595 13

112 631 325 692 Λυσίας
362 625 463 698 μὲν
507 629 703 697 ἥκιστα
748 628 1028 699 κέχρηται,
1067 627 1437 698 Δημοσθένης
1483 626 1544 682 δὲ
1583 629 1612 682 ὁ
1651 631 1798 698 παρὰ
1845 651 1865 681 5

111 716 336 770 τουτουὶ
375 719 471 780 τὰς
509 717 763 787 ἀφορμὰς
802 719 988 787 λαβὼν
1026 716 1442 788 ἀφειδέστερον,
1483 710 1630 770 οἷον·
1678 717 1800 770 (οὐκ

112 802 215 858 οὖν
254 807 323 858 σὺ
354 807 714 875 μισθοφορὰν
746 805 948 874 λέγεις;
989 808 1153 875 φήσει
1184 826 1280 868 τις.
1349 805 1440 858 καὶ
1471 806 1800 876 παραχρῆμά

110 913 173 962 γε
196 894 298 962 τὴν
321 894 495 962 αὐτὴν
527 894 788 959 σύνταξιν
819 895 1094 963 ἁπάντων,
1127 891 1169 948 ὦ
1203 894 1474 964 <ἄνδρες>
1491 893 1798 963 Ἀθηναῖοι,

111 983 204 1035 ’ἵνα
257 992 369 1035 τῶν
421 993 626 1035 κοινῶν
678 985 739 1036 τὸ
793 983 957 1054 μέρος
1011 984 1308 1052 λαμβάνων
1361 981 1612 1051 ἕκαστος,
1667 984 1799 1036 ὅτου

0 1086 107 1137 3609
133 1070 312 1124 δέοιτο
349 1072 354 1139 Ι
389 1071 421 1140 ἡ
446 1074 622 1139 πόλις,
654 1079 817 1124 τοῦτο
840 1070 1081 1141 παρέχοι.
1128 1070 1337 1135 ἔξεστιν
1360 1073 1516 1139 ἄγειν
1537 1071 1798 1140 ἡσυχίαν·
1824 1094 1866 1126 10

0 1139 9 1200 ᾗ
111 1165 255 1213 οἴκοι
308 1160 492 1229 μένων
540 1163 774 1229 βελτίων
820 1156 891 1228 εἴ,
946 1168 1046 1213 τοῦ
1094 1158 1168 1212 δι’
1215 1161 1435 1212 ἔνδειαν
1487 1160 1697 1231 ἀνάγκῃ
1745 1182 1797 1214 τι

0 1207 18 1333 ξ
109 1258 292 1302 ποιεῖν
331 1250 562 1318 αἰσχρὸν
600 1248 1030 1317 ἀπηλλαγμένος.
1101 1251 1391 1317 συμβαίνει
1435 1269 1486 1301 τι
1525 1258 1797 1318 τοιοῦτον,

0 1342 18 1408 ’ξ
112 1330 201 1390 οἶα
240 1336 330 1390 καὶ
369 1338 435 1390 τὰ
473 1345 603 1390 νῦν·
656 1338 989 1408 στρατιώτης
1028 1337 1193 1399 αὐτὸς
1231 1338 1495 1407 ὑπάρχων
1542 1337 1647 1391 ἀπὸ
1687 1348 1799 1391 τῶν

0 1422 6 1426 ”
111 1425 296 1478 αὐτῶν
326 1426 540 1478 τούτων
571 1427 883 1495 λημμάτων,
923 1427 1105 1495 ὥσπερ
1140 1424 1251 1478 ἐστὶ
1284 1428 1503 1479 δίκαιον
1533 1424 1671 1496 ὑπὲρ
1702 1435 1799 1495 τῆς

108 1515 387 1585 πατρίδος.
458 1517 571 1567 ἔστι
610 1535 694 1577 τις
733 1514 832 1578 ἔξω
872 1522 967 1582 τῆς
1005 1514 1220 1582 ἡλικίας
1258 1514 1438 1583 ἡμῶν·
1489 1516 1590 1568 ὅσα
1637 1511 1798 1578 οὗτος
1822 1534 1865 1566 15

0 1617 14 1659 ἱ
111 1603 353 1665 ἀτάκτως
407 1610 514 1655 νῦν
566 1605 864 1672 λαμβάνων
925 1603 1027 1656 οὐκ
1081 1603 1305 1672 ὠφελεῖ,
1367 1611 1538 1655 ταῦτα
1592 1603 1653 1656 ἐν
1706 1610 1796 1674 ἴσῃ

111 1692 257 1756 τάξει
288 1692 735 1761 παραλαμβάνων
764 1690 926 1744 πάντ’
967 1690 1188 1761 ἐφορῶν
1218 1689 1308 1743 καὶ
1340 1692 1586 1759 διοικῶν,
1627 1692 1660 1745 ἃ
1695 1694 1796 1763 χρὴ

0 1780 9 1838 ἰ
111 1782 467 1850 πράττεσθαι.
530 1780 669 1842 ὅλως
700 1777 762 1832 δὲ
787 1781 912 1833 οὔτε
944 1780 1168 1849 ἀφελὼν
1200 1781 1326 1833 οὔτε
1356 1779 1624 1851 προσθεὶς
1654 1783 1799 1849 πλήν

0 1854 5 1882 ”
113 1890 165 1921 τι
205 1875 381 1941 μικρῷ
419 1870 520 1937 τὴν
558 1868 784 1932 ἀταξίαν
830 1869 1067 1937 ἀνελών,
1119 1870 1196 1931 εἰς
1242 1867 1396 1933 τάξιν
1441 1870 1652 1937 ἤγαγον
1697 1870 1799 1938 τὴν

112 1960 306 2025 πόλιν,
345 1958 446 2025 τὴν
485 1956 658 2025 αὐτὴν
696 1966 795 2010 τοῦ
836 1961 1050 2026 λαβεῖν,
1091 1965 1191 2010 τοῦ
1231 1958 1652 2027 στρατεύεσθαι,
1699 1966 1799 2011 τοῦ
1824 1978 1867 2009 20

0 2104 9 2151 ξ
234 2108 259 2147 6
291 2102 515 2145 Demosth
549 2101 724 2158 Olynth
758 2120 783 2158 γ
809 2107 983 2145 34—35

0 2171 8 2192 t

236 2240 258 2278 1
295 2238 404 2278 ante
436 2239 498 2294 τῷ
529 2234 602 2278 lac
634 2235 696 2278 IX
736 2235 831 2278 fere
870 2235 950 2278 litt
987 2235 1037 2278 in
1068 2235 1115 2277 M
1162 2235 1248 2278 VII
1279 2234 1360 2278 litt
1390 2235 1472 2277 BP
1520 2234 1618 2278 sine
1658 2234 1731 2278 lac
1763 2234 1797 2277 F

115 2293 196 2350 qui
221 2296 336 2349 εῖιῆε,
362 2295 461 2338 εὐτε
478 2294 514 2336 Ρ
547 2301 647 2337 εῦτε
664 2294 712 2336 Μ
745 2291 795 2337 εὖ
819 2309 866 2336 τε
883 2294 920 2336 Β
1014 2299 1038 2336 2
1062 2293 1360 2351 παράσχεσθε
1379 2293 1411 2336 F
1443 2292 1733 2351 παρέσχεσθε
1750 2294 1798 2337 Μ

234 2358 259 2396 3
292 2355 451 2404 αὐτοῖς
483 2352 780 2409 Sylburgius:
815 2354 958 2409 αὐτῆς
1049 2358 1074 2396 5
1109 2353 1133 2397 ὁ
1166 2353 1242 2396 del
1266 2353 1444 2396 Usener
1534 2358 1558 2396 6
1591 2353 1796 2412 τουτουὶ]

114 2412 279 2456 τούτου
303 2412 526 2455 FMBPV
561 2414 566 2468 Ι
603 2411 840 2456 οὐκοῦνΜ
933 2418 956 2456 7
984 2413 1038 2456 σὺ
1062 2412 1118 2456 P:
1153 2412 1224 2456 σοὶ
1247 2412 1282 2454 F
1330 2426 1402 2456 σοι
1425 2412 1519 2455 ΜΒ
1555 2414 1561 2469 l
1596 2410 1740 2469 λέγεις
1762 2412 1797 2455 F

116 2484 219 2515 corr
256 2471 306 2513 in
345 2469 486 2527 λέγει,
533 2470 703 2514 iterum
741 2468 886 2527 λέγεις
923 2474 1019 2514 rest
1056 2470 1117 2513 F2
1168 2469 1288 2544 λέγει
1322 2471 1463 2514 ΜΒΡ
1506 2472 1511 2527 Ι
1556 2471 1693 2527 φήσει
1731 2488 1799 2522 τις

116 2529 252 2574 Dem:
298 2530 459 2586 φήσεις
497 2530 703 2573 F¹MBP
759 2529 871 2586 φησί
910 2530 969 2572 F²
1088 2535 1114 2574 8
1155 2527 1189 2574 ὦ
1231 2533 1466 2587 Αθηναῖοι
1495 2529 1680 2573 FMBP

118 2593 173 2632 10
204 2588 406 2646 ὑπάρχοι
436 2590 553 2632 Dem
662 2594 713 2632 11
749 2588 871 2633 οἴκοι
902 2603 958 2633 ex
991 2588 1091 2634 οἴκο
1115 2588 1176 2631 F²
1209 2591 1214 2646 Ι
1254 2587 1410 2645 μένειν
1434 2589 1469 2631 F
1506 2591 1511 2646 Ι
1546 2587 1725 2647 βέλτιον
1759 2588 1807 2633 εἴ

118 2662 199 2692 του
223 2647 315 2691 MF
360 2650 364 2705 Ι
407 2647 588 2705 ἀνάγκη
622 2648 732 2691 libri
855 2653 908 2691 12
941 2646 1291 2705 ἀπηλλαγμένος
1321 2649 1369 2691 Μ
1409 2649 1491 2692 Sed
1523 2666 1545 2699 ς
1575 2648 1625 2691 in
1655 2648 1799 2692 litura

118 2706 342 2763 ampliore
377 2709 383 2765 Ι
420 2706 732 2765 συμβ[αί]νειν
755 2707 789 2749 F
830 2724 880 2750 αι
904 2708 964 2750 ab
987 2707 1047 2750 F²
1152 2712 1207 2750 15
1240 2706 1333 2751 ἐστί
1363 2724 1431 2758 τις
1453 2707 1502 2750 Μ
1537 2710 1542 2764 Ι
1578 2704 1711 2758 οὗτος
1742 2722 1798 2750 ex

120 2763 262 2816 οὕτως
285 2765 319 2808 F
436 2772 489 2809 16
522 2765 742 2822 λαμάνων
766 2766 800 2808 F
844 2768 850 2823 Ι
889 2767 1054 2822 ἀφελεῖ
1080 2766 1129 2809 Μ
1251 2772 1302 2809 17
1336 2765 1716 2824 παραλαμβάνων
1740 2766 1797 2810 F:

119 2823 367 2882 λαμβάνων
398 2825 539 2868 ΜΒΡ
589 2828 594 2882 1
644 2823 786 2870 πάντ’
816 2839 871 2868 ex
909 2823 1006 2869 τότ’
1035 2825 1096 2868 F²
1217 2831 1270 2869 19
1308 2842 1351 2868 τι
1388 2839 1482 2868 non
1514 2825 1727 2881 agnoscit·
1757 2825 1796 2867 D

120 2880 171 2924 in
193 2883 283 2994 τὲιξιζ
306 2886 460 2984 ωιίἓὲὺ
482 2883 701 2928 Reiskius
730 2887 735 2941 Ι
764 2892 927 2940 μικρῶι
951 2884 985 2927 F
1029 2888 1174 2943 μικρῷ
1199 2885 1234 2927 Ρ
1278 2892 1422 2939 μικρῶ
1445 2884 1539 2926 ΜΒ
1568 2887 1573 2940 Ι
1602 2881 1797 2936 ἀταξίαν

121 2953 177 2983 ex
266 2959 344 2987 ιαν
