2004 3202
238 100 350 152 400
657 100 997 144 ΔΙοΝΤΣΙοΤ
1028 100 1494 144 ΑΛῙΚΑΡΝΑΣΕΩΣ

240 236 409 305 ὀργὰς
461 236 589 297 τοὺς
643 235 1091 304 δημηγοροῦντας
1144 233 1284 287 ἀλλὰ
1334 233 1616 304 πραΰνειν.
1700 235 1916 298 τούτοις

243 323 522 392 ἐπιτίθησι
576 324 832 376 διάνοιαν
885 322 1065 390 ἀληθῆ
1119 319 1221 390 μὲν
1272 321 1363 375 καὶ
1411 324 1603 385 δεινῶς
1649 322 1916 392 ἀπηγγελ-

242 410 431 480 μένην,
470 411 536 464 οὐ
568 410 755 480 μέντοι
786 431 847 478 γε
877 418 952 481 τῷ
983 412 1216 480 παρόντι
1247 417 1420 483 καιρῷ
1459 414 1750 481 χρησίμην·
1791 411 1914 479 “ε’γὼ

243 501 347 570 γὰρ
379 498 636 568 ἡγοῦμαι’
669 502 809 567 φησί
835 498 1017 551 τπόλιν
1047 501 1214 551 πλείω
1249 498 1534 568 ξύμπασαν
1565 499 1934 570 ὀρθουμένην·

198 608 218 639 5
245 588 480 657 ὠφελεῖν
531 589 660 649 τοὺς
700 584 935 658 ἰδιώιτας
979 585 1012 654 ἢ
1059 585 1185 639 καθ’
1234 586 1464 640 ἕκαστον
1509 598 1620 640 τῶν
1663 593 1905 641 πολιτῶν
1920 603 1985 658 921,

245 676 644 747 εὐπραγοῦσαν,
677 674 894 744 ἀθρόαν
926 671 987 726 δὲ
1019 674 1422 743 σφαλλομένην.
1475 679 1651 738 καλῶς
1682 673 1783 745 μὲν
1813 677 1917 746 γὰρ

245 768 546 834 φερόμενος
599 764 737 833 ἀνὴρ
784 764 844 815 τὸ
893 760 1024 815 καθ’
1066 761 1263 816 ἑαυτὸν
1315 763 1780 834 διαφθειρομένης
1824 773 1919 834 τῆς
1983 823 1985 825 ,

243 855 505 923 πατρίδος
544 849 711 905 οὐδὲν
747 847 922 919 ἧσσον
953 849 1373 920 ξυναπόλλυται,
1411 861 1728 921 κακοτυχῶν
1767 849 1828 905 δὲ
1861 851 1920 905 ἐν

246 942 548 1011 εὐτυχούσῃ
579 943 766 1012 πολλῷ
796 944 1006 1009 μᾶλλον
1037 938 1390 1012 διασῴζεται)
1458 942 1506 993 εἰ
1537 937 1638 1010 μὲν
1669 942 1772 1011 γὰρ
1807 941 1920 1011 ἰδίᾳ

181 1049 222 1080 ιο
245 1026 388 1091 τινες
428 1028 760 1098 ἐβλάπτοντο
800 1038 911 1081 τῶν
940 1032 1206 1096 πολιτῶν,
1257 1028 1471 1098 εὐτύχει
1511 1026 1572 1082 δὲ
1609 1029 1670 1081 τὸ
1710 1031 1917 1096 κοινόν,

244 1122 421 1180 καλῶς
458 1115 608 1170 ταῦτ’
648 1119 854 1184 ἔλεγεν·
901 1115 1017 1170 ἐπεὶ
1064 1115 1112 1170 δ’
1153 1116 1213 1170 ἐν
1251 1126 1368 1180 ταῖς
1415 1117 1664 1186 ἐσχάταις
1709 1131 1921 1186 συμφο-

246 1215 368 1276 ραῖς
413 1202 554 1274 ἦσαν
601 1207 858 1273 ἅπαντες,
906 1203 1090 1258 οὐκέτι
1135 1210 1326 1268 καλῶς.
1404 1203 1535 1259 οὐδὲ
1580 1208 1685 1276 γὰρ
1723 1206 1757 1274 ἡ
1795 1203 1921 1275 περὶ

246 1302 345 1348 τοῦ
377 1293 672 1363 μέλλοντος
705 1293 873 1362 ἐλπίς,
913 1294 997 1347 ὅτι
1035 1302 1207 1347 ταῦτα
1237 1295 1375 1364 πρὸς
1406 1294 1625 1363 ἀγαθοῦ
1663 1302 1726 1365 τῇ
1765 1296 1921 1347 πόλει

246 1385 530 1451 γενήσεται
569 1385 635 1436 τὰ
674 1384 846 1451 δεινά,
886 1381 1113 1451 βέβαιον
1153 1379 1298 1452 εἶχέν
1335 1400 1409 1436 τι·
1449 1380 1656 1452 ἀφανὲς
1691 1384 1794 1450 γὰρ
1826 1382 1922 1435 ἀν-

183 1489 224 1521 15
247 1472 455 1543 θρώπῳ
495 1472 555 1524 τὸ
596 1470 798 1540 μέλλον
835 1470 925 1524 καὶ
964 1472 1103 1540 πρὸς
1141 1473 1207 1524 τὰ
1237 1474 1485 1541 παρόντα
1515 1473 1610 1534 τὰς
1648 1469 1772 1540 περὶ
1811 1480 1922 1523 τῶν

161 1560 232 1612 45
251 1559 527 1629 ἐσομένων
571 1560 790 1628 γνώμας
844 1561 900 1612 αἱ
953 1560 1113 1628 τύχαι
1169 1558 1446 1629 τρέπουσι.
1530 1559 1778 1620 Τούτοις,
1809 1557 1923 1611 ἐπι-

248 1651 475 1715 τίθησιν
532 1649 612 1699 ἔτι
674 1647 1083 1718 φορτικωτέραν
1138 1648 1393 1700 διάνοιαν
1450 1645 1541 1700 καὶ
1600 1648 1794 1714 ἥκιστα
1847 1654 1922 1718 τῷ

248 1738 479 1805 παρόντι
518 1742 690 1807 καιρῷ
727 1735 1068 1806 πρέπουσαν·
1109 1735 1305 1788 “καίτοι
1339 1733 1457 1805 ἐμοὶ
1489 1736 1718 1807 τοιούτω
1759 1733 1922 1804 ἀνδρὶ

250 1824 557 1894 ὀργίζεσθε,
606 1823 665 1885 ὃς
712 1824 940 1886 οὐδενὸς
987 1829 1170 1893 οἴομαι
1209 1825 1394 1892 ἥσσων
1441 1820 1582 1876 εἶναι
1619 1825 1833 1892 γνῶναί
1865 1842 1922 1875 τε

185 1934 228 1966 20
249 1914 315 1965 τὰ
362 1912 556 1965 δέοντα
601 1910 691 1964 καὶ
740 1911 1068 1982 ἑρμηνεῦσαι
1113 1920 1306 1980 ταῦτα,
1362 1909 1668 1983 φιλόποΙλίς
1714 1931 1771 1964 τε
1816 1910 1906 1964 καὶ
1922 1926 1976 1966 92

250 2002 540 2070 χρημάτων
576 2001 879 2068 κρείσσων,’
955 2002 1281 2070 θαυμαστὸν
1319 2001 1452 2070 γάρ,
1494 2002 1541 2053 εἰ
1579 2005 1855 2070 Περικλῆς
1893 2000 1921 2053 ὁ

250 2088 502 2157 μέγιστος
532 2099 643 2142 τῶν
680 2091 801 2142 τότε
840 2089 1090 2159 ρητόρων
1128 2090 1315 2158 ἠγνόει
1355 2097 1536 2157 τοῦτο,
1570 2089 1598 2142 ὃ
1635 2088 1823 2158 μηδεὶς
1853 2088 1924 2141 ἂν
2002 2063 2004 2126 4

250 2187 360 2229 τῶν
401 2177 638 2246 ἐχόντων
676 2177 900 2247 μέτριον
938 2186 1077 2230 νοῦν
1108 2178 1394 2245 ἠγνόησεν,
1436 2178 1518 2230 ὅτι
1548 2185 1791 2247 πανταχῇ
1823 2174 1925 2246 μὲν

253 2267 306 2318 οἱ
351 2267 422 2334 μὴ
469 2265 897 2335 τεταμιευμένως
937 2266 1290 2328 ἐπαινοῦντες
1335 2267 1430 2327 τὰς
1478 2264 1687 2318 ἑαυτῶν
1732 2265 1924 2334 ἀρετὰς

188 2372 229 2404 25
257 2353 511 2422 ἐπαχθεῖς
549 2363 664 2416 τοῖς
703 2354 968 2407 ἀκούουσι
999 2358 1311 2423 φαίνονται,
1351 2354 1584 2422 μάλιστα
1623 2352 1671 2406 δ’
1711 2353 1772 2406 ἐν
1809 2361 1924 2416 τοῖς

373 2516 397 2553 3
430 2511 559 2554 Thuc
582 2513 624 2555 Π
650 2518 718 2568 60,
740 2518 763 2554 2
887 2519 940 2556 18
973 2513 1149 2565 ibidem
1175 2518 1242 2569 60,
1270 2518 1294 2556 5

233 2695 235 2697 .
375 2663 396 2699 1
430 2659 537 2707 τοὺς
568 2665 883 2714 μηγοροῦντας
913 2674 968 2715 pr
992 2660 1027 2702 P
1161 2666 1185 2702 2
1219 2658 1484 2716 ἐπιτίθησιν
1515 2659 1550 2702 Ρ
1691 2664 1719 2700 4
1751 2658 1923 2713 ὀρθου-

256 2715 370 2772 μένη
395 2716 430 2758 Ρ
593 2721 647 2759 10
680 2715 947 2773 ἐβλάττοντο
981 2721 1053 2773 (ex
1084 2735 1148 2762 -τι
1181 2721 1296 2776 corr)
1321 2719 1357 2762 P
1523 2723 1576 2760 11
1611 2721 1759 2767 καλῶς
1789 2714 1922 2775 (ἂν)

257 2775 462 2818 Sadaeus
493 2790 524 2830 p
550 2779 633 2818 186
678 2777 683 2830 Ι
726 2774 892 2832 ἐλέχθη
934 2776 974 2818 ci
1006 2776 1223 2820 Reiskius
1405 2782 1458 2821 16
1490 2774 1707 2832 τρέπουσι
1735 2775 1774 2817 f:
1815 2774 1924 2830 πρέ-

255 2847 393 2878 πουσι
423 2833 515 2875 ΜΡ
638 2838 690 2876 19
724 2832 987 2889 ὀργίζεσθαι
1019 2835 1054 2878 Ρ
1175 2841 1230 2879 23
1263 2837 1417 2894 ν[οῦν]
1452 2850 1555 2879 cum
1585 2834 1728 2877 litura
1758 2834 1806 2877 M

258 2898 311 2936 25
346 2892 567 2949 ἐπαχθεὶς
599 2892 645 2934 Μ
