2004 3202
766 185 1190 229 ΔΗΜΟΣΘΕΝΗΣ
1711 186 1815 238 185

138 323 199 375 τὸ
253 326 452 390 καλῶς,
505 327 835 390 παρισοῦται
883 317 943 374 δὲ
990 321 1055 374 τὰ
1101 322 1225 391 τρία
1278 322 1443 390 μόρια
1495 328 1593 373 τοῦ
1648 323 1818 388 λόγου

139 419 253 473 τοῖς
291 412 450 480 τρισί.
511 417 611 462 τοῦ
643 406 704 461 δὲ
743 409 1001 478 ἀσφαλῶς
1039 411 1203 478 βῆναι
1234 409 1336 477 τὴν
1364 409 1628 478 περίοδον
1660 406 1817 460 ἕνεκα

53 512 166 551 1034
198 498 288 552 καὶ
336 498 343 567 Ι
394 497 630 560 οὐθενὸς
683 497 1009 566 ἀναγκαίου,
1063 497 1216 560 τέλος
1268 499 1373 566 ἤδη
1427 503 1521 568 τῆς
1567 498 1818 558 διανοίας

139 586 383 656 ἐχούσης,
421 585 814 657 προσείληπται
853 587 914 639 τὸ
952 587 1100 656 παρὰ
1137 595 1248 639 τῶν
1279 585 1649 638 ἀκουσάντων.
1712 580 1818 656 ἀρά

138 695 200 743 γε
239 675 439 744 ὁμοίως
476 674 812 745 ἡρμήνευται
844 674 872 727 ὁ
906 674 1071 737 αὐτὸς
1109 681 1242 737 νοῦς
1280 672 1469 727 οὑτοσὶ
1507 683 1623 736 τοῖς
1661 691 1818 743 ποιη-
1864 697 1884 730 5

138 772 280 831 ταῖς,
335 762 432 826 οὓς
477 772 804 834 περιφρονεῖ
850 762 939 815 καὶ
986 762 1280 816 ἀπελαύνει
1327 771 1422 832 τῆς
1465 765 1742 825 πολιτείας
1788 762 1817 816 ὁ

139 854 470 921 φιλόσοφος,
524 851 556 919 ἢ
604 853 832 905 κάλλιον
877 849 968 904 καὶ
1021 854 1431 922 γενναιότερον;
1485 850 1715 922 (Πρέπει
1763 850 1811 902 δ’

140 940 383 994 ἐσλοῖσιν
420 940 718 1009 ὑμνεῖσθαι
750 981 761 992 .
787 980 798 992 .
823 981 835 992 .
870 942 1184 1002 καλλίσταις
1223 939 1450 1003 ἀοιδαῖς.
1511 948 1674 994 τοῦτο
1713 942 1818 1011 γὰρ

139 1030 441 1091 ἀθανάτοις
472 1037 681 1097 τιμαῖσι
710 1028 1004 1092 ποτιψαύει
1034 1030 1234 1098 μόνον·
1268 1026 1444 1099 ῥηθὲν
1470 1070 1481 1081 .
1508 1070 1519 1081 .
1544 1070 1555 1081 .
1587 1027 1820 1100 θνᾴσκει

141 1115 202 1171 δὲ
242 1114 476 1186 σιγαθὲν
513 1117 684 1169 καλὸν
725 1117 924 1187 ἔργον.’
994 1118 1279 1188 Πίνδαρος
1317 1125 1479 1171 τοῦτο
1525 1121 1821 1186 πεποίηκεν
1846 1141 1887 1172 10

141 1208 219 1269 εἰς
249 1205 614 1276 Ἀλέξανδρον
644 1206 742 1258 τὸν
773 1206 1090 1274 Μακεδόνα,
1129 1204 1255 1275 περὶ
1294 1208 1359 1258 τὰ
1398 1204 1531 1275 μέλη
1571 1205 1660 1259 καὶ
1691 1209 1821 1270 τοὺς

141 1295 393 1365 ῥυθμοὺς
432 1299 642 1364 μᾶλλον
680 1293 713 1362 ἢ
752 1292 877 1364 περὶ
916 1294 1017 1362 τὴν
1055 1292 1204 1358 λέξιν
1244 1293 1609 1358 ἐσπουδακώς.
1670 1297 1820 1349 Πλά-

141 1405 251 1437 των
283 1382 359 1452 δέ,
400 1383 460 1446 ὃς
492 1382 877 1451 ἐπαγγέλλεται
910 1385 1132 1451 σοφίαν,
1171 1391 1468 1453 τρυφεροῖς
1498 1387 1821 1449 καλλωπίζει

137 1472 228 1526 καὶ
274 1471 586 1542 περιέργοις
625 1474 860 1541 σχήμασι
899 1471 1000 1539 τὴν
1039 1472 1260 1542 φράσιν.
1330 1471 1420 1524 καὶ
1461 1474 1612 1526 οὔπω
1652 1472 1813 1526 τοῦθ’

53 1575 166 1615 1035
202 1563 409 1629 ἱκανόν,
441 1560 580 1614 ἀλλὰ
610 1558 701 1613 καὶ
736 1560 742 1629 Ι
779 1559 839 1613 ἐν
870 1568 933 1630 τῇ
974 1559 1088 1629 μετ’
1114 1559 1287 1629 αὐτὴν
1316 1563 1554 1634 περιόδῳ
1588 1564 1652 1615 τὰ
1685 1562 1822 1616 αὐτὰ
1847 1583 1888 1616 15

138 1661 316 1704 ποιῶν
354 1652 669 1719 φανήσεται.
746 1647 883 1718 φησὶ
928 1650 1059 1720 γάρ·
1107 1650 1231 1703 (Δεῖ
1270 1651 1338 1718 δὴ
1378 1651 1634 1703 τοιούτου
1673 1652 1822 1712 τινὸς

143 1741 337 1807 λόγου,
384 1739 533 1800 ὅστις
577 1740 706 1801 τοὺς
748 1734 849 1807 μὲν
887 1741 1332 1807 τετελευτηκότας
1372 1739 1571 1801 ἱκανῶς
1612 1738 1822 1791 ἐπαινέ-

144 1842 244 1895 σει,
282 1835 396 1889 τοῖς
435 1823 496 1879 δὲ
536 1829 700 1891 ζῶσιν
739 1826 979 1895 εὐμενῶς
1016 1826 1369 1897 παραινέσει.’
1431 1827 1639 1880 οὐκοῦν
1674 1827 1822 1897 ἐπίρ-

145 1936 288 1985 ρημα
328 1914 651 1985 ἐπιρρήματι
691 1914 1136 1985 ἀντιπαράκειται
1181 1914 1272 1968 καὶ
1313 1916 1510 1986 ῥήματι
1550 1917 1717 1987 ῥῆμα,
1760 1918 1820 1969 τὸ

143 2002 246 2074 μὲν
279 2005 477 2064 ἱκανῶς
508 2010 583 2074 τῷ
615 2002 872 2071 εὐμενῶς,
908 2010 982 2074 τῷ
1015 2002 1063 2056 δ’
1090 2003 1361 2058 ἐπαινέσει
1393 2006 1454 2058 τὸ
1486 2004 1822 2075 παραινέσει,
1846 2026 1889 2059 20

142 2091 233 2145 καὶ
266 2099 436 2145 ταῦτα
466 2091 696 2160 πάρισα·
737 2090 803 2143 οὐ
834 2092 1130 2160 Λικύμνιοι
1162 2092 1312 2146 ταῦτ’
1345 2092 1487 2146 εἰσὶν
1518 2093 1636 2146 οὐδ’
1667 2093 1822 2161 Ἀγά-

266 2258 288 2296 7
321 2250 514 2295 Pindari
545 2249 587 2293 fr
612 2255 694 2293 121
728 2250 919 2307 Bergkii
1042 2256 1096 2294 16
1127 2251 1372 2295 Menexeni
1405 2257 1511 2295 236Θ

265 2405 287 2443 1
323 2407 601 2455 παρισοῦται
630 2396 869 2454 Kiessling
900 2396 948 2439 in
979 2412 1079 2453 mg,
1121 2397 1349 2443 Sadaeus:
1391 2406 1699 2455 παρισοῦνται
1728 2401 1823 2443 ΜΒ

145 2465 483 2515 παροισοῦνται
505 2459 540 2502 Ρ
575 2460 581 2514 Ι
618 2457 759 2513 μήρια
784 2456 820 2499 Ρ
919 2460 947 2499 4
979 2455 1171 2514 ἐχούσας
1194 2457 1230 2501 Ρ
1321 2462 1346 2501 5
1381 2459 1553 2518 οὑτοσὶ]
1588 2461 1642 2503 οὐ
1674 2460 1763 2503 τισὶ
1786 2460 1823 2502 Β

264 2523 290 2562 8
323 2515 368 2562 δ’
392 2517 588 2562 ἐσλοῖσιν
614 2514 910 2572 Sylburgius:
951 2512 1002 2558 δὲ
1035 2514 1209 2560 ὅλοισιν
1243 2517 1249 2574 Ι
1284 2516 1500 2562 lacunam
1530 2521 1638 2575 post
1668 2519 1824 2575 ὑμνεῖ-

147 2580 264 2622 σθαι
293 2579 494 2621 metrum
524 2575 781 2629 insimulat,
814 2573 897 2617 alii
929 2573 1025 2618 alia
1056 2575 1276 2631 supplent
1367 2582 1392 2621 9
1423 2586 1576 2634 τιμαῖς
1599 2578 1787 2622 Boeekh
1816 2578 1822 2636 Ι

148 2635 293 2692 μόνον
316 2633 487 2693 ῥηθέν·
520 2635 660 2679 ΜΒΡ
708 2631 857 2689 ῥηθέν
891 2632 1050 2677 delent
1079 2633 1229 2678 Bothe
1261 2637 1309 2679 et
1338 2636 1539 2682 Boeckh.
1573 2637 1666 2681 fort
1696 2652 1824 2681 ποτι-

147 2695 293 2752 ψαύει
323 2694 490 2751 μόνον·
523 2691 674 2751 ῥηθὲν
705 2689 918 2752 <μένει,>
951 2692 1151 2751 θνᾴσκει
1183 2691 1234 2738 δὲ
1266 2697 1346 2739 κτλ
1380 2698 1385 2753 Ι
1419 2694 1621 2741 θνάσκει
1646 2696 1826 2739 MBPv

268 2758 323 2797 10
354 2751 407 2798 δὲ
440 2750 637 2811 σιγαθὲν
669 2751 865 2795 Barnes:
898 2748 942 2794 δ’
966 2749 1190 2797 ἐπιταθὲν
1297 2759 1352 2797 13
1385 2752 1453 2813 ὃς]
1487 2754 1547 2807 ὣς
1576 2756 1614 2798 Β
1661 2756 1722 2806 ὡς
1752 2755 1788 2798 Ρ
1816 2754 1823 2813 Ι

150 2810 514 2871 ἐπαγγέ[λλ]εται
545 2827 651 2856 cum
679 2824 756 2854 ras
788 2809 836 2852 M
875 2811 882 2866 Ι
919 2809 1217 2864 καλλωπίζειν
1239 2812 1323 2856 ΒΡ
1416 2819 1469 2858 15
1503 2813 1687 2874 ἱκανόν]
1721 2814 1826 2870 lgm-

151 2871 255 2916 νιὸν
278 2871 316 2914 Β
344 2874 350 2930 Ι
378 2871 608 2928 μεταυτὴν
632 2871 680 2913 Μ
727 2867 841 2925 μετὰ
871 2869 1043 2926 ταύτην
1069 2869 1276 2915 Sadaeus
1367 2878 1423 2917 17
1447 2875 1766 2923 τετελευκότας
1786 2871 1824 2913 Β

150 2930 474 2987 τελευτηκότας
496 2931 532 2974 Ρ
560 2933 566 2988 Ι
595 2926 885 2974 ἐπαινέσεται
912 2930 962 2970 Π
1046 2933 1101 2973 18
1128 2928 1458 2985 παραινέσεται
1484 2935 1535 2976 Π
1620 2938 1672 2976 19
1698 2935 1825 2978 ἀντι-

151 2986 448 3048 παράκειται]
479 2987 759 3045 παράκειται
790 2986 968 3030 MBPv
1059 2992 1112 3031 21
1149 3005 1172 3033 ο
1199 3024 1208 3033 .
1229 3025 1237 3034 .
1257 3025 1266 3034 .
1297 2990 1483 3046 κύμνιοι
1513 2991 1562 3034 Μ
