2004 3202
247 142 359 194 410
673 143 1013 187 ΔΙΟΝΤΣῙΟΤ
1045 142 1513 184 ΑΛῙΚΑΡΝΑΣΕΩΣ
1978 187 1982 204 3

1978 220 1981 248 1

247 297 393 339 τινες
434 276 788 347 ἐπεχείρησαν
826 276 1024 344 λέγειν,
1066 276 1138 338 ὡς
1170 275 1236 328 οὐ
1268 285 1379 328 τῶν
1409 274 1532 344 μεθ’
1574 274 1770 329 ἑαυτὸν
1809 276 1928 330 ε’σο-
1979 273 1983 367 ξ

249 365 432 434 με’νων
471 368 860 434 στοχαζόμενος
900 364 928 417 ὁ
970 365 1322 434 συγγραφεὺς
1373 364 1546 427 οὕτως
1585 367 1788 434 ἔγραψε
1833 366 1928 428 τὰς
1979 370 1983 397 ²

249 455 511 525 ἱστορίας,
552 453 691 507 ἀλλὰ
722 463 832 506 τῶν
863 452 988 506 καθ’
1016 451 1212 505 ἑαυτὸν
1245 454 1439 520 ὄντων,
1475 453 1480 521 Ι
1517 446 1598 515 οἷς
1630 450 1700 521 ἦν
1729 452 1762 520 ἡ
1795 453 1956 510 διά-9

248 547 436 605 λεκτος
477 562 579 592 *³01*
627 545 889 612 χρησιμος
936 537 1097 603 οὗτος
1137 541 1165 594 ὁ
1205 541 1478 611 χαρακτὴρ
1519 540 1632 595 οὔτ’
1673 543 1750 604 εἰς
1799 543 1930 604 τοὺς

202 648 223 679 5
249 632 753 700 συμβουλευτικοὺς
779 628 930 697 <οὔτ’
957 631 1035 691 εἰς
1065 631 1195 691 τοὺς
1227 631 1578 698 δικανικοὺς)
1602 629 1834 698 ἀγῶνας,
1867 629 1928 682 ἐν

249 713 333 782 οἷς
372 719 507 773 οἵτ’
549 719 986 787 ἐκκλησιάζοντες
1025 717 1114 770 καὶ
1163 720 1216 771 οἱ
1255 719 1587 787 δικάζοντες,
1635 718 1735 788 οὐχ
1775 719 1929 780 οἵους

250 809 277 861 ὁ
322 809 669 875 Θουκυδίδης
707 806 965 875 ὑπέθετο,
1007 806 1382 876 συνέρχονται.
1984 872 1985 881 ¹

157 902 227 954 51
360 898 514 966 Πρὸς
559 893 660 964 μὲν
707 892 810 948 οὗν
863 897 993 958 τοὺς
1040 895 1327 965 οἰομένους
1381 898 1568 964 μόνων
1621 891 1763 948 εἷναι
1816 905 1928 948 τῶν
1983 911 1987 956 3

249 985 622 1037 εὐπαιδεύτων
672 984 992 1051 ἀναγνῶναί
1033 1004 1091 1037 τε
1136 982 1228 1036 καὶ
1277 977 1526 1036 συνεῖναι
1572 985 1673 1052 τὴν
1715 987 1928 1036 Θουκυ-
1983 974 1986 1009 t

180 1093 223 1124 ιο
249 1075 410 1126 δίδου
450 1074 737 1126 διάλεκτον
775 1081 945 1125 ταῦτα
984 1072 1166 1140 λέγειν
1205 1075 1332 1141 ἔχω,
1381 1074 1463 1126 ὅτι
1510 1073 1570 1125 τὸ
1618 1080 1717 1126 τοῦ
1755 1074 1928 1142 πράγ-
1983 1084 1987 1091 ’

247 1182 412 1231 ματος
453 1162 754 1230 ἀναγκαῖόν
792 1181 850 1214 τε
895 1160 986 1214 καὶ
1028 1163 1299 1232 χρήσιμον
1349 1162 1553 1214 ἅπασιν
1591 1158 1783 1232 (οὐδὲν
1821 1162 1925 1230 γὰρ

247 1249 387 1319 <ἀν>
443 1250 872 1319 ἀναγκαιότερον
923 1249 1140 1318 γένοιτο
1197 1247 1327 1302 οὐδὲ
1380 1247 1924 1321 πολυωφελέστερον)

247 1338 576 1408 ἀναιροῦσιν
625 1339 682 1392 ἐκ
729 1347 828 1392 τοῦ
883 1346 1076 1392 κοινοῦ
1129 1341 1274 1407 βίου,
1330 1339 1535 1407 ὀλίγων
1578 1339 1926 1392 παντάπασιν

247 1428 564 1498 ἀνθρώπων
603 1428 744 1480 οὕτω
784 1435 1091 1495 ποιοῦντες,
1131 1429 1305 1497 ὥςπερ
1348 1427 1407 1480 ἐν
1445 1437 1562 1490 ταῖς
1601 1428 1923 1497 ὀλιγαρχου-

179 1534 221 1566 15
247 1516 436 1585 με’ναις
489 1516 522 1584 ἢ
576 1515 1047 1586 τυραννουμέναις
1100 1518 1348 1568 πόλεσιν·
1404 1515 1764 1585 εὐαρίθμητοι
1818 1516 1921 1584 γάρ

246 1604 390 1667 τινές
430 1606 572 1657 εἰσιν
611 1598 719 1658 οἷοι
757 1605 938 1657 πάντα
975 1606 1041 1656 τὰ
1085 1605 1435 1656 Θουκυδίδου
1476 1606 1792 1673 συμβαλεῖν,
1832 1602 1923 1656 καὶ

247 1692 363 1746 οὐδ’
405 1690 559 1746 οὗτοι
608 1691 773 1761 χωρὶς
821 1692 1120 1760 ἐξηγήσεως
1165 1700 1538 1762 γραμματικῆς
1578 1694 1711 1745 ἔνια.
1786 1692 1924 1762 πρὸς

246 1780 306 1835 δὲ
338 1784 467 1844 τοὺς
492 1779 578 1834 ἐπὶ
603 1782 700 1834 τὸν
725 1778 970 1852 ἀρΙχαῖον
1001 1783 1128 1849 βίον
1159 1780 1536 1851 ἀναφέροντας
1566 1781 1667 1848 τὴν
1695 1784 1907 1833 Θουκυ-
1924 1796 1980 1837 94

246 1872 409 1923 δίδου
456 1871 742 1922 διάλεκτον
792 1871 864 1931 ὡς
919 1870 986 1937 δὴ
1040 1878 1156 1931 τοῖς
1201 1871 1322 1922 τότε
1377 1869 1696 1939 ἀνθρώποις
1750 1865 1923 1923 οὖσαν

175 1978 221 2010 20
247 1961 482 2027 συνήθη,
522 1960 727 2028 βραχὺς
759 1958 969 2028 ἀπόχρη
1002 1978 1095 2026 μοι
1128 1960 1290 2025 λόγος
1322 1956 1410 2010 καὶ
1444 1959 1637 2026 σαφής,
1676 1956 1760 2011 ὅτι
1791 1961 1922 2011 πολ-

245 2052 358 2099 λῶν
403 2045 717 2115 γενομένων
757 2045 1023 2115 Ἀθήνησι
1077 2048 1212 2099 κατὰ
1258 2048 1355 2099 τὸν
1397 2048 1920 2115 Πελοποννησιακὸν

243 2138 484 2204 πόλεμον
546 2136 795 2205 ῥητόρων
847 2155 905 2188 τε
958 2134 1047 2187 καὶ
1108 2138 1434 2204 φιλοσόφων
1495 2134 1678 2197 οὐδεὶς
1739 2135 1921 2188 αὐτῶν

243 2223 495 2294 κέχρηται
535 2225 702 2293 ταύτῃ
743 2232 805 2294 τῇ
848 2223 1139 2295 διαλέκτῳ,
1180 2222 1306 2277 οὔθ’
1347 2225 1400 2276 οἱ
1436 2223 1561 2294 περὶ
1593 2221 1920 2292 Ἀνδοκίδην

243 2311 333 2363 καὶ
366 2310 707 2380 Ἀντιφῶντα
739 2310 829 2364 καὶ
863 2315 1080 2364 Λυσίαν
1120 2312 1344 2381 ῥήτορες
1384 2310 1511 2364 οὔθ’
1545 2313 1598 2364 οῑ
1629 2310 1752 2381 περὶ
1784 2314 1919 2382 Κρι-

177 2418 221 2450 25
245 2404 368 2451 τίαν
406 2399 496 2452 καὶ
536 2399 862 2468 Ἀντισθένη
909 2399 999 2452 καὶ
1047 2391 1379 2469 Ξενοφῶντα
1426 2399 1783 2468 Σωκρατικοί.
1861 2398 1918 2452 ἐκ

247 2590 412 2630 σεσθαι
445 2586 547 2629 coni
579 2587 840 2643 Kruegerus
995 2593 1016 2630 1
1051 2596 1136 2638 τῶς
1166 2603 1221 2645 pr
1251 2588 1287 2630 P
1437 2593 1465 2631 4
1496 2588 1627 2631 hiare
1661 2587 1918 2631 orationem

248 2645 520 2701 Sylburgius
551 2646 787 2718 perspexit
879 2652 903 2689 5
939 2645 1034 2690 οὔτ’
1066 2647 1130 2697 εἰς
1159 2648 1267 2698 τοὺς
1298 2647 1566 2697 δικανικοὺς
1589 2646 1628 2691 f:
1662 2661 1735 2689 om
1765 2646 1858 2689 MP

247 2713 271 2747 ¹.)
305 2701 571 2760 ἀναγνῶταί
603 2704 650 2746 Μ
744 2710 796 2747 12
830 2703 889 2748 ἂν
922 2706 1082 2749 deesse
1110 2705 1326 2749 Reiskius
1359 2705 1482 2749 uidit
1574 2710 1628 2748 14
1660 2703 1777 2748 οὕτω
1802 2705 1913 2748 MP:

243 2770 379 2807 τοῦτο
411 2763 434 2804 f
581 2768 633 2806 16
669 2760 778 2819 οἷοι]
814 2763 856 2806 οἱ
888 2764 1041 2820 MPf1
1070 2766 1317 2822 συμβαλεῖν
1349 2765 1463 2809 ΜΡ.
1497 2778 1583 2819 συμ
1553 2765 1743 2864 μίβαλεῖν
1775 2761 1915 2807 δυνά-

244 2838 376 2877 μενοι
407 2823 430 2864 f
547 2827 599 2864 19
633 2829 727 2871 τοῖς
758 2821 826 2863 M:
862 2836 935 2865 om
966 2822 1034 2864 Pf
1173 2829 1228 2866 20
1260 2821 1436 2880 ἀπέχρη
1469 2823 1562 2865 ΜΡ
1600 2841 1609 2866 :
1642 2836 1742 2864 corr
1771 2822 1914 2864 Κωθ-

244 2895 382 2937 gerus
411 2882 415 2937 Ι
443 2879 594 2936 λόγοις
618 2881 652 2922 Ρ
774 2886 826 2922 'l
861 2879 1097 2936 ἀθήνησιν
1128 2882 1163 2924 Ρ
1284 2887 1338 2924 23
1372 2879 1591 2925 διαλέκτω
1624 2878 1726 2924 οὐδ’
1755 2880 1859 2936 MP,
1874 2879 1911 2924 f:

245 2954 346 2984 corr
378 2939 639 2995 Kruegerus
761 2943 816 2981 24
847 2938 1010 2994 λησίαν
1042 2940 1090 2981 Μ
1203 2945 1257 2983 25
1292 2939 1574 2995 σωκρατικὸν
1597 2938 1632 2981 Ρ
