2004 3202
0 110 9 144 ⁵
36 0 101 200 ἶ
846 149 1195 192 ῙΣοΚΡΑΤΗΣ
1797 149 1867 203 75

187 284 372 347 ‘omittis
394 304 451 337 τε
474 283 663 353 μέλλοι
695 284 929 352 μάλιστα
954 283 1357 353 εὐδοκιμήσειν’
1381 284 1442 336 τὸ
1468 282 1868 354 ἐπιφερόμενον

186 372 295 426 *καὶ
326 382 441 435 τοῖς
462 370 618 425 παισὶ
642 373 886 442 μεγάλην
914 371 1083 436 δόξαν
1111 372 1498 439 καταλείψειν’,
1530 378 1606 443 τῷ
1630 369 1691 424 δὲ
1717 370 1866 425 (οὐδὲ

182 463 279 524 τὰς
309 461 658 530 θρασύτητας
687 461 784 522 τὰς
814 460 1067 529 ἀλλήλων
1091 459 1337 528 ἐζήλουν’
1365 461 1426 512 τὸ
1452 463 1867 530 συναπτόμενον

185 550 332 622 αὐτῷ
371 547 522 603 (οὐδὲ
559 551 655 612 τὰς
693 552 895 618 τόλμας
932 551 1027 612 τὰς
1066 549 1249 603 αὑτῶν
1285 549 1528 617 ἤσκουν’.
1597 548 1687 602 καὶ
1735 547 1867 603 οὐδὲ

95 654 180 694 563
204 639 405 710 μικρὸν
443 638 717 691 διαλιπὼν
756 637 1002 708 ἐπιφέρει
1050 636 1305 709 roijate·
1353 636 1511 691 εἀλλά
1550 639 1866 708 δεινότερον
1911 659 1932 691 5

182 723 284 796 μὲν
322 725 573 796 ἐνόμιζον
612 722 752 779 εἶναι
791 736 968 788 κακῶς
1005 727 1114 779 ὑπὸ
1153 736 1265 779 τῶν
1301 731 1545 780 πολιτῶν
1576 725 1800 779 ἀκούειν
1829 726 1863 795 ἢ

180 820 360 878 καλῶς
403 812 543 885 ὑπὲρ
591 822 686 883 τῆς
730 816 995 885 πατρίδος
1041 814 1450 887 ἀποθνῄσκειν.’
1521 814 1729 868 οὐκοῦν
1773 813 1864 868 καὶ

183 904 445 973 δεύτερον
483 911 558 973 τῷ
596 901 698 972 μὲν
735 908 913 966 καλῶς
950 905 1011 957 τὸ
1051 914 1227 967 κακῶς
1265 903 1655 974 ἀντίστροφον,
1694 910 1770 974 τῷ
1802 900 1864 956 δὲ

182 992 407 1046 ἀκούειν
440 994 501 1045 τὸ
534 991 913 1063 ἀποθνῄσκειν
942 993 1192 1062 πάρισον.
1263 994 1312 1045 εἰ
1342 991 1560 1063 μέτριος
1591 997 1674 1060 εἴη
1706 990 1863 1062 μέχρι

182 1083 373 1151 δεῦρο,
413 1081 661 1149 ἀνεκτός,
714 1080 831 1134 ἀλλ’
871 1080 971 1134 οὐκ
1012 1080 1215 1149 ἀνήσει.
1290 1082 1460 1134 πάλιν
1506 1088 1646 1148 γοῦν
1692 1079 1753 1132 ἐν
1798 1088 1862 1151 τῇ
1886 1101 1930 1133 10

182 1168 296 1238 μετ’
344 1170 517 1238 αὐτὴν
561 1171 801 1241 περιόδῳ
847 1172 1099 1238 τίθησιν·
1155 1170 1266 1223 εὅτι
1312 1178 1428 1232 τοῖς
1475 1168 1708 1237 ἀγαθοῖς
1753 1179 1864 1222 τῶν

181 1258 499 1327 ἀνθρώπων
522 1255 690 1311 οὐδὲν
713 1259 894 1326 δεήσει
918 1262 1141 1311 πολλῶν
1163 1259 1497 1328 γραμμάτων
1517 1256 1634 1310 ἀλλ’
1659 1258 1865 1326 ὀλίγων

182 1347 570 1415 συνθημάτων,
610 1345 700 1399 καὶ
739 1345 864 1415 περὶ
898 1355 1008 1399 τῶν
1038 1356 1245 1399 κοινῶν
1282 1345 1372 1399 καὶ
1403 1345 1528 1416 περὶ
1560 1356 1671 1399 τῶν
1703 1347 1864 1399 ἰδίων

180 1435 620 1504 ὁμονοήσουσιν.’
683 1434 891 1488 οὐκοῦν
918 1436 979 1488 τὸ
1004 1435 1339 1504 γραμμάτων
1368 1433 1459 1487 καὶ
1492 1436 1864 1504 συνθημάτων

178 1525 416 1593 πάρισον
469 1522 559 1575 καὶ
614 1524 674 1576 τὸ
722 1528 944 1576 πολλῶν
997 1522 1087 1575 καὶ
1135 1523 1341 1590 ὀλίγων
1386 1521 1476 1575 καὶ
1523 1531 1727 1575 κοινῶν
1771 1521 1860 1575 καὶ
1886 1543 1929 1576 15

182 1613 340 1664 ἰδίων
379 1611 654 1665 ἀντίθετα.
717 1610 897 1665 ἔπειθ’
937 1613 1118 1682 ὥσπερ
1150 1608 1318 1665 οὐδὲν
1349 1612 1578 1681 εἰρηκὼς
1608 1619 1864 1664 τοιοῦτον

179 1699 414 1770 ἀθρόαις
455 1699 732 1754 ἐπικλύσει
771 1709 890 1763 ταῖς
926 1701 1322 1770 παρισώσεσιν,
1364 1698 1644 1769 ἐπιφέρων
1681 1703 1863 1752 ταυτί·

91 1806 179 1845 564
204 1787 312 1840 εκαὶ
350 1790 417 1841 τὰ
455 1798 565 1841 τῶν
604 1790 788 1842 ἄλλων
827 1787 1069 1861 διῴκουν
1111 1789 1516 1860 θεραπεύοντες
1554 1787 1671 1841 ἀλλ’
1713 1786 1720 1860 Ι
1762 1788 1863 1857 οὐχ

178 1877 492 1946 ὑβρίζοντες
523 1879 652 1940 τοὺς
677 1876 947 1946 ’Ἕλληνας
984 1877 1075 1930 καὶ
1112 1886 1437 1948 στρατηγεῖν
1468 1878 1711 1946 οἰόμενοι
1743 1878 1864 1929 δεῖν

180 1964 364 2017 αὐτῶν
387 1965 525 2018 ἀλλὰ
548 1966 620 2034 μὴ
645 1975 940 2036 τυραννεῖν
964 1966 1146 2019 αὐτῶν
1168 1965 1259 2018 καὶ
1283 1970 1495 2035 μᾶλλον
1524 1965 1864 2034 ἐπιθυμοῦν-
1887 1987 1930 2019 20

179 2073 266 2116 τες
296 2053 559 2123 ἡγεμόνες
589 2053 622 2122 ἢ
655 2055 913 2107 δεσπόται
950 2055 1464 2125 προσαγορεύεσθαι
1502 2052 1591 2106 καὶ
1625 2059 1863 2122 σωτῆρες

180 2141 317 2195 ἀλλὰ
355 2142 427 2211 μὴ
469 2147 743 2211 λυμεῶνες
781 2142 1203 2210 ἀποκαλεῖσθαι,
1250 2149 1327 2212 τςό
1372 2150 1554 2195 ποιεῖν
1593 2137 1654 2194 εὖ
1693 2154 1862 2211 προσ-

10 747 27 1064 ¹

296 2366 322 2403 2
354 2358 570 2418 μεγίστην
594 2361 720 2404 Isocr
809 2366 838 2403 4
868 2358 951 2411 τὰς
980 2361 1133 2405 αὐτῶν
1157 2360 1297 2404 FMB
1336 2359 1419 2412 τὰς
1442 2358 1561 2404 καθ’
1593 2359 1769 2404 ἑαυτῶν
1792 2374 1822 2403 v
1849 2358 1856 2418 Ι

177 2419 325 2475 ἥκουν
356 2420 406 2462 Μ
438 2433 578 2476 supra
610 2419 774 2463 addito
803 2434 829 2462 σ
855 2421 862 2475 Ι
889 2419 969 2463 καὶ
1000 2421 1053 2463 δε
1078 2419 1136 2463 F¹
1230 2425 1257 2463 6
1288 2427 1380 2464 τῶν
1412 2422 1659 2464 πολιτικῶν
1684 2419 1743 2461 Fl

179 2484 203 2522 7
235 2476 351 2534 ὑπὲρ
383 2485 464 2536 τῆς
486 2478 659 2529 πόλεως
681 2479 806 2522 Isocr
833 2481 922 2522 ΓΕ
948 2480 954 2535 Ι
981 2478 1324 2534 ἀποθνήισκειν
1348 2479 1384 2522 F
1417 2478 1542 2523 solus
1571 2480 1576 2535 Ι
1606 2478 1777 2522 οὔκουν
1801 2477 1861 2520 F1

295 2542 322 2581 9
353 2536 576 2594 πάρεισον
601 2538 637 2581 Ρ
664 2540 670 2594 1
699 2536 769 2593 εἴη
796 2537 1024 2582 Sadaeus:
1058 2534 1104 2581 εἴ
1123 2538 1309 2581 FMBP
1351 2533 1410 2595 ἦν
1440 2551 1606 2582 manus
1630 2536 1861 2581 recentior

178 2596 228 2640 in
250 2611 330 2653 mg
352 2597 415 2652 M,
432 2612 462 2641 v
489 2599 494 2654 Ι
522 2595 653 2655 μέχρι
675 2613 727 2641 το
754 2598 971 2652 coeperat
994 2596 1052 2639 F¹
1077 2597 1159 2641 sed
1182 2613 1235 2641 το
1260 2596 1506 2641 confestim
1529 2597 1579 2639 in
1603 2598 1632 2640 δ
1655 2594 1860 2639 mutauit

297 2660 352 2699 10
384 2652 498 2712 γοῦν
523 2656 558 2699 F
634 2660 686 2699 11
713 2654 827 2712 μετὰ
849 2655 1023 2712 ταύτην
1047 2656 1174 2699 Fuhr
1211 2654 1324 2712 μεθ’
1348 2656 1493 2712 αὐτὴν
1519 2655 1611 2698 MF
1690 2660 1746 2699 14
1767 2662 1859 2699 τῶν

179 2727 280 2758 corr
309 2714 360 2757 in
390 2715 441 2759 τὸ
472 2715 509 2758 Ρ
537 2717 542 2772 Ι
569 2717 677 2771 post
708 2713 1022 2771 συνθημάτων
1052 2714 1090 2757 Β
1121 2714 1287 2759 inserit
1317 2715 1398 2760 καὶ
1429 2715 1534 2770 περὶ
1564 2722 1655 2759 τῶν
1687 2721 1860 2758 κοινῶν

177 2773 258 2816 καὶ
286 2772 393 2829 περὶ
424 2781 514 2818 τῶν
547 2771 680 2818 ἰδίων
713 2774 878 2818 eadem
908 2787 1049 2817 manu
1077 2776 1310 2831 expuncta
1402 2778 1456 2817 15
1487 2774 1539 2818 τὸ
1565 2774 1660 2817 add
1684 2772 1743 2816 ΓΞ

182 2836 235 2875 16
266 2830 367 2876 ἐπεὶ
397 2830 452 2876 θ’
480 2833 515 2876 F
639 2837 693 2876 17
725 2830 960 2889 ἐπιφέρων
995 2830 1149 2877 ταυτί·
1189 2833 1270 2878 καὶ
1306 2832 1584 2877 Holwellus:
1625 2829 1858 2887 ἐπιφέρων

179 2888 371 2934 minim
394 2891 533 2935 MBP
576 2889 847 2947 ἐπιφέροντ’
877 2888 1045 2935 αὐτίκα
1068 2892 1103 2935 F
1194 2897 1251 2935 20
1282 2893 1437 2936 αὐτῶν
1462 2892 1517 2936 F:
1552 2891 1694 2935 αὐτὸν
1719 2889 1858 2932 ΜΒΡ

181 2947 403 2993 omittunt
433 2949 543 2993 libri
573 2950 796 2994 Isocratei
