<?xml version="1.0" encoding="UTF-8"?>
<!DOCTYPE html PUBLIC "-//W3C//DTD XHTML 1.0 Transitional//EN"
    "http://www.w3.org/TR/xhtml1/DTD/xhtml1-transitional.dtd">
<html xmlns="http://www.w3.org/1999/xhtml" xml:lang="en" lang="en">
 <head>
  <title>
</title>
<meta http-equiv="Content-Type" content="text/html;charset=utf-8" />
  <meta name='ocr-system' content='tesseract 3.04.00' />
  <meta name='ocr-capabilities' content='ocr_page ocr_carea ocr_par ocr_line ocrx_word'/>
</head>
<body>
  <div class='ocr_page' id='page_1' title='image "./quaeexstant05dionuoft_0423.png"; bbox 0 0 2004 3202; ppageno 0'>
   <div class='ocr_carea' id='block_1_1' title="bbox 0 0 84 1144">
    <p class='ocr_par' dir='ltr' id='par_1_1' title="bbox 0 0 84 1144">
     <span class='ocr_line' id='line_1_1' title="bbox 0 0 84 1144; baseline 0 0"><span class='ocrx_word' id='word_1_1' title='bbox 0 0 84 1144; x_wconf 95' lang='lat' dir='ltr'><em> </em></span> 
     </span>
    </p>
   </div>
   <div class='ocr_carea' id='block_1_2' title="bbox 658 191 1801 244">
    <p class='ocr_par' dir='ltr' id='par_1_2' title="bbox 658 191 1801 244">
     <span class='ocr_line' id='line_1_2' title="bbox 658 191 1801 244; baseline -0.001 -9"><span class='ocrx_word' id='word_1_2' title='bbox 658 193 805 235; x_wconf 88' lang='grc' dir='ltr'><strong>ΠΕΡΙ</strong></span> <span class='ocrx_word' id='word_1_3' title='bbox 835 191 1239 236; x_wconf 81' lang='grc' dir='ltr'>ΘΟΤΚΤΔΙΔΟΤ</span> <span class='ocrx_word' id='word_1_4' title='bbox 1692 191 1801 244; x_wconf 78' lang='lat'><em>373</em></span> 
     </span>
    </p>
   </div>
   <div class='ocr_carea' id='block_1_3' title="bbox 31 322 1869 1107">
    <p class='ocr_par' dir='ltr' id='par_1_3' title="bbox 31 322 1869 1107">
     <span class='ocr_line' id='line_1_3' title="bbox 121 322 1803 396; baseline 0.001 -18"><span class='ocrx_word' id='word_1_5' title='bbox 121 339 343 394; x_wconf 85' lang='grc' dir='ltr'><em>γνωσαν</em></span> <span class='ocrx_word' id='word_1_6' title='bbox 382 325 642 380; x_wconf 81' lang='grc' dir='ltr'><em>ἁπάντων</em></span> <span class='ocrx_word' id='word_1_7' title='bbox 679 328 954 381; x_wconf 90' lang='grc' dir='ltr'><em>θάνατον·</em></span> <span class='ocrx_word' id='word_1_8' title='bbox 1006 326 1060 380; x_wconf 82' lang='grc' dir='ltr'><em>οὶ</em></span> <span class='ocrx_word' id='word_1_9' title='bbox 1106 322 1169 378; x_wconf 74' lang='grc' dir='ltr'><em>δὲ</em></span> <span class='ocrx_word' id='word_1_10' title='bbox 1205 324 1403 379; x_wconf 86' lang='grc' dir='ltr'><em>πολλοὶ</em></span> <span class='ocrx_word' id='word_1_11' title='bbox 1441 335 1552 379; x_wconf 83' lang='grc' dir='ltr'><em>τῶν</em></span> <span class='ocrx_word' id='word_1_12' title='bbox 1593 327 1803 396; x_wconf 80' lang='grc' dir='ltr'><strong><em>ἱκετῶν,</em></strong></span> 
     </span>
     <span class='ocr_line' id='line_1_4' title="bbox 122 413 1803 486; baseline 0.001 -20"><span class='ocrx_word' id='word_1_13' title='bbox 122 414 242 467; x_wconf 79' lang='grc' dir='ltr'><em>ὅσοι</em></span> <span class='ocrx_word' id='word_1_14' title='bbox 275 414 376 467; x_wconf 86' lang='grc' dir='ltr'><em>οὐκ</em></span> <span class='ocrx_word' id='word_1_15' title='bbox 408 413 762 484; x_wconf 80' lang='grc' dir='ltr'><em>ἐπείσθησαν,</em></span> <span class='ocrx_word' id='word_1_16' title='bbox 787 416 860 478; x_wconf 83' lang='grc' dir='ltr'><em>ὡς</em></span> <span class='ocrx_word' id='word_1_17' title='bbox 889 413 1076 486; x_wconf 82' lang='grc' dir='ltr'><em>ἑώρων</em></span> <span class='ocrx_word' id='word_1_18' title='bbox 1107 415 1173 468; x_wconf 79' lang='grc' dir='ltr'><em>τὰ</em></span> <span class='ocrx_word' id='word_1_19' title='bbox 1203 416 1521 483; x_wconf 89' lang='grc' dir='ltr'><em>γιγνόμενα,</em></span> <span class='ocrx_word' id='word_1_20' title='bbox 1555 413 1803 485; x_wconf 86' lang='grc' dir='ltr'><em>διέφθει-</em></span> 
     </span>
     <span class='ocr_line' id='line_1_5' title="bbox 121 501 1802 575; baseline 0.001 -19"><span class='ocrx_word' id='word_1_21' title='bbox 121 522 224 572; x_wconf 95' lang='grc' dir='ltr'><em>ρον</em></span> <span class='ocrx_word' id='word_1_22' title='bbox 264 501 324 555; x_wconf 90' lang='grc' dir='ltr'><em>ἐν</em></span> <span class='ocrx_word' id='word_1_23' title='bbox 362 509 437 574; x_wconf 79' lang='grc' dir='ltr'><em>τῷ</em></span> <span class='ocrx_word' id='word_1_24' title='bbox 478 504 607 575; x_wconf 77' lang='grc' dir='ltr'><em>ἱερῷ</em></span> <span class='ocrx_word' id='word_1_25' title='bbox 647 503 944 573; x_wconf 90' lang='grc' dir='ltr'><em>ἀλλήλους,</em></span> <span class='ocrx_word' id='word_1_26' title='bbox 990 501 1082 556; x_wconf 81' lang='grc' dir='ltr'><em>καὶ</em></span> <span class='ocrx_word' id='word_1_27' title='bbox 1121 502 1180 556; x_wconf 92' lang='grc' dir='ltr'><em>ἐκ</em></span> <span class='ocrx_word' id='word_1_28' title='bbox 1218 512 1330 556; x_wconf 84' lang='grc' dir='ltr'><em>τῶν</em></span> <span class='ocrx_word' id='word_1_29' title='bbox 1369 502 1619 574; x_wconf 78' lang='grc' dir='ltr'><em>δένδρων</em></span> <span class='ocrx_word' id='word_1_30' title='bbox 1656 501 1802 567; x_wconf 71' lang='grc' dir='ltr'><em>τινες</em></span> 
     </span>
     <span class='ocr_line' id='line_1_6' title="bbox 121 590 1804 661; baseline 0.001 -17"><span class='ocrx_word' id='word_1_31' title='bbox 121 590 457 660; x_wconf 74' lang='grc' dir='ltr'><em>ἀπήγχοντο,</em></span> <span class='ocrx_word' id='word_1_32' title='bbox 521 595 579 645; x_wconf 82' lang='grc' dir='ltr'><em>οἳ</em></span> <span class='ocrx_word' id='word_1_33' title='bbox 633 591 680 646; x_wconf 84' lang='grc' dir='ltr'><em>δ’</em></span> <span class='ocrx_word' id='word_1_34' title='bbox 732 593 806 655; x_wconf 83' lang='grc' dir='ltr'><em>ὡς</em></span> <span class='ocrx_word' id='word_1_35' title='bbox 869 591 1087 645; x_wconf 80' lang='grc' dir='ltr'><em>ἕκαστοι</em></span> <span class='ocrx_word' id='word_1_36' title='bbox 1150 590 1418 645; x_wconf 77' lang='grc' dir='ltr'><em>ἐδύναντο</em></span> <span class='ocrx_word' id='word_1_37' title='bbox 1480 591 1804 661; x_wconf 81' lang='grc' dir='ltr'><em>ἀνηλοῦντο.</em></span> 
     </span>
     <span class='ocr_line' id='line_1_7' title="bbox 118 679 1869 751; baseline -0.001 -19"><span class='ocrx_word' id='word_1_38' title='bbox 118 679 321 750; x_wconf 79' lang='grc' dir='ltr'><em>ἡμέρας</em></span> <span class='ocrx_word' id='word_1_39' title='bbox 374 699 432 733; x_wconf 87' lang='grc' dir='ltr'><em>τε</em></span> <span class='ocrx_word' id='word_1_40' title='bbox 487 679 643 749; x_wconf 79' lang='grc' dir='ltr'><em>ἑπτά,</em></span> <span class='ocrx_word' id='word_1_41' title='bbox 699 681 762 744; x_wconf 77' lang='grc' dir='ltr'><em>ἃς</em></span> <span class='ocrx_word' id='word_1_42' title='bbox 816 680 1150 751; x_wconf 83' lang='grc' dir='ltr'><em>ἀφικόμενος</em></span> <span class='ocrx_word' id='word_1_43' title='bbox 1204 680 1233 734; x_wconf 85' lang='grc' dir='ltr'>ὁ</span> <span class='ocrx_word' id='word_1_44' title='bbox 1289 679 1634 751; x_wconf 82' lang='grc' dir='ltr'><em>Εὐρυμέδων</em></span> <span class='ocrx_word' id='word_1_45' title='bbox 1684 690 1803 744; x_wconf 85' lang='grc' dir='ltr'><em>ταῖς</em></span> <span class='ocrx_word' id='word_1_46' title='bbox 1849 698 1869 731; x_wconf 85' lang='grc'>5</span> 
     </span>
     <span class='ocr_line' id='line_1_8' title="bbox 119 766 1805 840; baseline 0.001 -19"><span class='ocrx_word' id='word_1_47' title='bbox 119 766 378 837; x_wconf 83' lang='grc' dir='ltr'><em>ἑξήκοντα</em></span> <span class='ocrx_word' id='word_1_48' title='bbox 431 768 595 822; x_wconf 85' lang='grc' dir='ltr'><em>ναυσὶ</em></span> <span class='ocrx_word' id='word_1_49' title='bbox 649 769 959 840; x_wconf 85' lang='grc' dir='ltr'><em>παρέμεινε,</em></span> <span class='ocrx_word' id='word_1_50' title='bbox 1013 772 1352 840; x_wconf 89' lang='grc' dir='ltr'><em>Κερκυραῖοι</em></span> <span class='ocrx_word' id='word_1_51' title='bbox 1408 778 1585 838; x_wconf 47' lang='grc' dir='ltr'><em>σφῶν,</em></span> <span class='ocrx_word' id='word_1_52' title='bbox 1620 768 1805 823; x_wconf 82' lang='grc' dir='ltr'><em>αὐτῶν</em></span> 
     </span>
     <span class='ocr_line' id='line_1_9' title="bbox 31 848 1805 928; baseline 0.001 -18"><span class='ocrx_word' id='word_1_53' title='bbox 31 851 34 853; x_wconf 50' lang='grc'><strong>’</strong></span> <span class='ocrx_word' id='word_1_54' title='bbox 117 859 246 920; x_wconf 86' lang='grc' dir='ltr'><em>τοὺς</em></span> <span class='ocrx_word' id='word_1_55' title='bbox 278 857 516 928; x_wconf 86' lang='grc' dir='ltr'><em>ἐχθροὺς</em></span> <span class='ocrx_word' id='word_1_56' title='bbox 540 859 844 921; x_wconf 81' lang='grc' dir='ltr'><em>δοκοῦντας</em></span> <span class='ocrx_word' id='word_1_57' title='bbox 875 854 1018 911; x_wconf 82' lang='grc' dir='ltr'><em>εἶναι</em></span> <span class='ocrx_word' id='word_1_58' title='bbox 1052 857 1341 927; x_wconf 88' lang='grc' dir='ltr'><em>ἐφόνευον,</em></span> <span class='ocrx_word' id='word_1_59' title='bbox 1372 859 1473 926; x_wconf 87' lang='grc' dir='ltr'><em>τὴν</em></span> <span class='ocrx_word' id='word_1_60' title='bbox 1496 848 1599 928; x_wconf 77' lang='grc' dir='ltr'><em>μὲν</em></span> <span class='ocrx_word' id='word_1_61' title='bbox 1622 859 1805 912; x_wconf 83' lang='grc' dir='ltr'><em>αἰτίαν</em></span> 
     </span>
     <span class='ocr_line' id='line_1_10' title="bbox 118 944 1804 1017; baseline 0.002 -19"><span class='ocrx_word' id='word_1_62' title='bbox 118 944 473 1015; x_wconf 78' lang='grc' dir='ltr'><em>ἐπιφέροντες</em></span> <span class='ocrx_word' id='word_1_63' title='bbox 521 957 636 1010; x_wconf 93' lang='grc' dir='ltr'><em>τοῖς</em></span> <span class='ocrx_word' id='word_1_64' title='bbox 690 948 788 1000; x_wconf 94' lang='grc' dir='ltr'><em>τὸν</em></span> <span class='ocrx_word' id='word_1_65' title='bbox 837 948 1017 1017; x_wconf 87' lang='grc' dir='ltr'><em>δῆμον</em></span> <span class='ocrx_word' id='word_1_66' title='bbox 1069 947 1464 1000; x_wconf 83' lang='grc' dir='ltr'><em>καταλύουσιν·</em></span> <span class='ocrx_word' id='word_1_67' title='bbox 1517 945 1804 1001; x_wconf 86' lang='grc' dir='ltr'><em>ἀπέθανον</em></span> 
     </span>
     <span class='ocr_line' id='line_1_11' title="bbox 59 1033 1804 1107; baseline 0.001 -19"><span class='ocrx_word' id='word_1_68' title='bbox 59 1047 114 1088; x_wconf 84' lang='grc'><em>85</em></span> <span class='ocrx_word' id='word_1_69' title='bbox 133 1033 198 1087; x_wconf 89' lang='grc' dir='ltr'><em>δέ</em></span> <span class='ocrx_word' id='word_1_70' title='bbox 225 1054 372 1099; x_wconf 86' lang='grc' dir='ltr'><em>τινες</em></span> <span class='ocrx_word' id='word_1_71' title='bbox 401 1034 492 1088; x_wconf 85' lang='grc' dir='ltr'><em>καὶ</em></span> <span class='ocrx_word' id='word_1_72' title='bbox 534 1037 678 1098; x_wconf 86' lang='grc' dir='ltr'><em>ἰδίας</em></span> <span class='ocrx_word' id='word_1_73' title='bbox 709 1038 916 1106; x_wconf 81' lang='grc' dir='ltr'><em>ἔχθρας</em></span> <span class='ocrx_word' id='word_1_74' title='bbox 947 1034 1123 1104; x_wconf 79' lang='grc' dir='ltr'><em>ἕνεκα,</em></span> <span class='ocrx_word' id='word_1_75' title='bbox 1154 1034 1244 1089; x_wconf 84' lang='grc' dir='ltr'><em>καὶ</em></span> <span class='ocrx_word' id='word_1_76' title='bbox 1278 1037 1436 1089; x_wconf 76' lang='grc' dir='ltr'><em>ἄλλοι</em></span> <span class='ocrx_word' id='word_1_77' title='bbox 1470 1036 1477 1105; x_wconf 82' lang='grc' dir='ltr'>Ι</span> <span class='ocrx_word' id='word_1_78' title='bbox 1512 1037 1804 1107; x_wconf 89' lang='grc' dir='ltr'><em>χρημάτων</em></span> 
     </span>
    </p>
   </div>
   <div class='ocr_carea' id='block_1_4' title="bbox 39 1123 1867 1194">
    <p class='ocr_par' dir='ltr' id='par_1_4' title="bbox 39 1123 1867 1194">
     <span class='ocr_line' id='line_1_12' title="bbox 39 1123 1867 1194; baseline -0.002 -15"><span class='ocrx_word' id='word_1_79' title='bbox 39 1170 51 1179; x_wconf 87' lang='grc'><strong>.</strong></span> <span class='ocrx_word' id='word_1_80' title='bbox 118 1126 314 1192; x_wconf 92' lang='grc' dir='ltr'><em>σφίσιν</em></span> <span class='ocrx_word' id='word_1_81' title='bbox 352 1123 730 1194; x_wconf 80' lang='grc' dir='ltr'><em>ὀφειλομένων</em></span> <span class='ocrx_word' id='word_1_82' title='bbox 766 1125 874 1178; x_wconf 87' lang='grc' dir='ltr'><em>ὑπὸ</em></span> <span class='ocrx_word' id='word_1_83' title='bbox 907 1133 1018 1177; x_wconf 83' lang='grc' dir='ltr'><em>τῶν</em></span> <span class='ocrx_word' id='word_1_84' title='bbox 1050 1126 1350 1193; x_wconf 88' lang='grc' dir='ltr'><em>λαβόντων.</em></span> <span class='ocrx_word' id='word_1_85' title='bbox 1404 1125 1552 1178; x_wconf 80' lang='grc' dir='ltr'><em>πᾶσά</em></span> <span class='ocrx_word' id='word_1_86' title='bbox 1589 1144 1647 1178; x_wconf 91' lang='grc' dir='ltr'><em>τε</em></span> <span class='ocrx_word' id='word_1_87' title='bbox 1681 1123 1800 1178; x_wconf 86' lang='grc' dir='ltr'><em>ἰδεά</em></span> <span class='ocrx_word' id='word_1_88' title='bbox 1823 1142 1867 1176; x_wconf 85' lang='lat'><em>10</em></span> 
     </span>
    </p>
   </div>
   <div class='ocr_carea' id='block_1_5' title="bbox 0 1144 87 3202">
    <p class='ocr_par' dir='ltr' id='par_1_5' title="bbox 0 1144 87 3202">
     <span class='ocr_line' id='line_1_13' title="bbox 0 1144 87 3202; baseline 0 0"><span class='ocrx_word' id='word_1_89' title='bbox 0 1144 87 3202; x_wconf 95' lang='lat' dir='ltr'><em> </em></span> 
     </span>
    </p>
   </div>
   <div class='ocr_carea' id='block_1_6' title="bbox 61 1206 1891 2525">
    <p class='ocr_par' dir='ltr' id='par_1_6' title="bbox 115 1206 1873 2163">
     <span class='ocr_line' id='line_1_14' title="bbox 117 1206 1806 1286; baseline 0.001 -21"><span class='ocrx_word' id='word_1_90' title='bbox 117 1211 344 1281; x_wconf 79' lang='grc' dir='ltr'><em>κατέστη</em></span> <span class='ocrx_word' id='word_1_91' title='bbox 391 1214 668 1282; x_wconf 90' lang='grc' dir='ltr'><em>θανάτου,</em></span> <span class='ocrx_word' id='word_1_92' title='bbox 714 1211 805 1266; x_wconf 85' lang='grc' dir='ltr'><em>καὶ</em></span> <span class='ocrx_word' id='word_1_93' title='bbox 855 1206 978 1266; x_wconf 84' lang='grc' dir='ltr'><em>οἷον</em></span> <span class='ocrx_word' id='word_1_94' title='bbox 1023 1217 1175 1280; x_wconf 86' lang='grc' dir='ltr'><em>φιλεῖ</em></span> <span class='ocrx_word' id='word_1_95' title='bbox 1223 1212 1284 1266; x_wconf 91' lang='grc' dir='ltr'><em>ἐν</em></span> <span class='ocrx_word' id='word_1_96' title='bbox 1322 1220 1397 1285; x_wconf 76' lang='grc' dir='ltr'><em>τῷ</em></span> <span class='ocrx_word' id='word_1_97' title='bbox 1443 1213 1676 1286; x_wconf 76' lang='grc' dir='ltr'><em>τοιούτω</em></span> <span class='ocrx_word' id='word_1_98' title='bbox 1722 1216 1806 1281; x_wconf 91' lang='grc' dir='ltr'><em>γί-</em></span> 
     </span>
     <span class='ocr_line' id='line_1_15' title="bbox 117 1299 1802 1373; baseline 0.001 -20"><span class='ocrx_word' id='word_1_99' title='bbox 117 1306 376 1370; x_wconf 89' lang='grc' dir='ltr'><em>γνεσθαι,</em></span> <span class='ocrx_word' id='word_1_100' title='bbox 425 1299 592 1355; x_wconf 79' lang='grc' dir='ltr'><em>οὐδὲν</em></span> <span class='ocrx_word' id='word_1_101' title='bbox 639 1302 668 1356; x_wconf 82' lang='grc' dir='ltr'>ὅ</span> <span class='ocrx_word' id='word_1_102' title='bbox 708 1322 762 1355; x_wconf 90' lang='grc' dir='ltr'><em>τι</em></span> <span class='ocrx_word' id='word_1_103' title='bbox 809 1302 876 1355; x_wconf 84' lang='grc' dir='ltr'><em>οὐ</em></span> <span class='ocrx_word' id='word_1_104' title='bbox 924 1301 1148 1371; x_wconf 82' lang='grc' dir='ltr'><em>ξυνέβη,</em></span> <span class='ocrx_word' id='word_1_105' title='bbox 1199 1300 1290 1354; x_wconf 84' lang='grc' dir='ltr'><em>καὶ</em></span> <span class='ocrx_word' id='word_1_106' title='bbox 1345 1303 1426 1355; x_wconf 81' lang='grc' dir='ltr'><em>ἔτι</em></span> <span class='ocrx_word' id='word_1_107' title='bbox 1477 1301 1802 1373; x_wconf 89' lang='grc' dir='ltr'><em>περαιτέρω·</em></span> 
     </span>
     <span class='ocr_line' id='line_1_16' title="bbox 115 1388 1803 1461; baseline 0.001 -19"><span class='ocrx_word' id='word_1_108' title='bbox 115 1388 206 1442; x_wconf 84' lang='grc' dir='ltr'><em>καὶ</em></span> <span class='ocrx_word' id='word_1_109' title='bbox 245 1392 350 1461; x_wconf 80' lang='grc' dir='ltr'><em>γὰρ</em></span> <span class='ocrx_word' id='word_1_110' title='bbox 390 1391 567 1460; x_wconf 91' lang='grc' dir='ltr'><em>πατὴρ</em></span> <span class='ocrx_word' id='word_1_111' title='bbox 613 1391 784 1444; x_wconf 87' lang='grc' dir='ltr'><em>παῖδα</em></span> <span class='ocrx_word' id='word_1_112' title='bbox 830 1390 1140 1459; x_wconf 90' lang='grc' dir='ltr'><em>ἀπέκτεινε,</em></span> <span class='ocrx_word' id='word_1_113' title='bbox 1187 1389 1278 1443; x_wconf 79' lang='grc' dir='ltr'><em>καὶ</em></span> <span class='ocrx_word' id='word_1_114' title='bbox 1326 1390 1431 1444; x_wconf 91' lang='grc' dir='ltr'><em>ἀπὸ</em></span> <span class='ocrx_word' id='word_1_115' title='bbox 1478 1400 1590 1444; x_wconf 82' lang='grc' dir='ltr'><em>τῶν</em></span> <span class='ocrx_word' id='word_1_116' title='bbox 1638 1391 1803 1461; x_wconf 79' lang='grc' dir='ltr'><em>ἱερῶν</em></span> 
     </span>
     <span class='ocr_line' id='line_1_17' title="bbox 116 1477 1799 1550; baseline 0.001 -19"><span class='ocrx_word' id='word_1_117' title='bbox 116 1478 438 1532; x_wconf 80' lang='grc' dir='ltr'><em>ἀπεσπῶντο</em></span> <span class='ocrx_word' id='word_1_118' title='bbox 477 1477 568 1532; x_wconf 84' lang='grc' dir='ltr'><em>καὶ</em></span> <span class='ocrx_word' id='word_1_119' title='bbox 598 1480 738 1550; x_wconf 88' lang='grc' dir='ltr'><em>πρὸς</em></span> <span class='ocrx_word' id='word_1_120' title='bbox 769 1478 956 1542; x_wconf 86' lang='grc' dir='ltr'><em>αὐτοῖς</em></span> <span class='ocrx_word' id='word_1_121' title='bbox 989 1478 1314 1548; x_wconf 76' lang='grc' dir='ltr'><em>ἐκτείνοντο,</em></span> <span class='ocrx_word' id='word_1_122' title='bbox 1354 1482 1412 1533; x_wconf 80' lang='grc' dir='ltr'><em>οἳ</em></span> <span class='ocrx_word' id='word_1_123' title='bbox 1440 1478 1506 1532; x_wconf 87' lang='grc' dir='ltr'><em>δέ</em></span> <span class='ocrx_word' id='word_1_124' title='bbox 1531 1499 1678 1542; x_wconf 92' lang='grc' dir='ltr'><em>τινες</em></span> <span class='ocrx_word' id='word_1_125' title='bbox 1706 1478 1799 1533; x_wconf 88' lang='grc' dir='ltr'><em>καὶ</em></span> 
     </span>
     <span class='ocr_line' id='line_1_18' title="bbox 115 1566 1870 1640; baseline -0.001 -20"><span class='ocrx_word' id='word_1_126' title='bbox 115 1566 704 1638; x_wconf 86' lang='grc' dir='ltr'><em>περιοικοδομηθέντες</em></span> <span class='ocrx_word' id='word_1_127' title='bbox 730 1567 790 1620; x_wconf 92' lang='grc' dir='ltr'><em>ἐν</em></span> <span class='ocrx_word' id='word_1_128' title='bbox 814 1575 913 1621; x_wconf 93' lang='grc' dir='ltr'><em>τοῦ</em></span> <span class='ocrx_word' id='word_1_129' title='bbox 927 1568 1217 1621; x_wconf 89' lang='grc' dir='ltr'><em>Διονύσου</em></span> <span class='ocrx_word' id='word_1_130' title='bbox 1241 1575 1317 1640; x_wconf 79' lang='grc' dir='ltr'><em>τῷ</em></span> <span class='ocrx_word' id='word_1_131' title='bbox 1346 1569 1474 1640; x_wconf 78' lang='grc' dir='ltr'><em>ἱερῷ</em></span> <span class='ocrx_word' id='word_1_132' title='bbox 1498 1567 1786 1622; x_wconf 91' lang='grc' dir='ltr'><em>ἀπέθανον</em></span> <span class='ocrx_word' id='word_1_133' title='bbox 1827 1585 1870 1619; x_wconf 87' lang='lat'><em>15</em></span> 
     </span>
     <span class='ocr_line' id='line_1_19' title="bbox 117 1654 1806 1727; baseline 0.001 -18"><span class='ocrx_word' id='word_1_134' title='bbox 117 1656 290 1719; x_wconf 82' lang='grc' dir='ltr'><em>οὕτως</em></span> <span class='ocrx_word' id='word_1_135' title='bbox 323 1656 439 1726; x_wconf 84' lang='grc' dir='ltr'><em>ὠμὴ</em></span> <span class='ocrx_word' id='word_1_136' title='bbox 472 1658 658 1720; x_wconf 78' lang='grc' dir='ltr'><em>στάσις</em></span> <span class='ocrx_word' id='word_1_137' title='bbox 688 1656 1065 1727; x_wconf 84' lang='grc' dir='ltr'><em>προύχώρησε,</em></span> <span class='ocrx_word' id='word_1_138' title='bbox 1101 1655 1191 1710; x_wconf 82' lang='grc' dir='ltr'><em>καὶ</em></span> <span class='ocrx_word' id='word_1_139' title='bbox 1224 1654 1376 1720; x_wconf 83' lang='grc' dir='ltr'><em>ἔδοξε</em></span> <span class='ocrx_word' id='word_1_140' title='bbox 1399 1661 1627 1726; x_wconf 84' lang='grc' dir='ltr'><em>μᾶλλον,</em></span> <span class='ocrx_word' id='word_1_141' title='bbox 1660 1658 1806 1710; x_wconf 90' lang='grc' dir='ltr'><em>διότι</em></span> 
     </span>
     <span class='ocr_line' id='line_1_20' title="bbox 117 1744 1806 1816; baseline 0.001 -18"><span class='ocrx_word' id='word_1_142' title='bbox 117 1745 178 1799; x_wconf 90' lang='grc' dir='ltr'><em>ἐν</em></span> <span class='ocrx_word' id='word_1_143' title='bbox 215 1755 335 1807; x_wconf 82' lang='grc' dir='ltr'><em>τοῖς</em></span> <span class='ocrx_word' id='word_1_144' title='bbox 375 1746 563 1816; x_wconf 82' lang='grc' dir='ltr'><em>πρώτη</em></span> <span class='ocrx_word' id='word_1_145' title='bbox 605 1744 842 1814; x_wconf 79' lang='grc' dir='ltr'><em>ἐγένετο“</em></span> <span class='ocrx_word' id='word_1_146' title='bbox 891 1744 1006 1799; x_wconf 82' lang='grc' dir='ltr'><em>ἐπεὶ</em></span> <span class='ocrx_word' id='word_1_147' title='bbox 1055 1745 1291 1815; x_wconf 81' lang='grc' dir='ltr'><em>ὕστερόν</em></span> <span class='ocrx_word' id='word_1_148' title='bbox 1338 1766 1399 1814; x_wconf 89' lang='grc' dir='ltr'><em>γε</em></span> <span class='ocrx_word' id='word_1_149' title='bbox 1445 1745 1535 1799; x_wconf 87' lang='grc' dir='ltr'><em>καὶ</em></span> <span class='ocrx_word' id='word_1_150' title='bbox 1581 1754 1693 1799; x_wconf 81' lang='grc' dir='ltr'><em>πᾶν</em></span> <span class='ocrx_word' id='word_1_151' title='bbox 1732 1747 1806 1809; x_wconf 83' lang='grc' dir='ltr'><em>ὡς</em></span> 
     </span>
     <span class='ocr_line' id='line_1_21' title="bbox 117 1833 1804 1905; baseline 0.001 -18"><span class='ocrx_word' id='word_1_152' title='bbox 117 1836 294 1888; x_wconf 88' lang='grc' dir='ltr'><em>εἰπεῖν</em></span> <span class='ocrx_word' id='word_1_153' title='bbox 355 1835 416 1887; x_wconf 89' lang='grc' dir='ltr'><em>τὸ</em></span> <span class='ocrx_word' id='word_1_154' title='bbox 479 1833 805 1903; x_wconf 88' lang='grc' dir='ltr'><em>Ἑλληνικὸν</em></span> <span class='ocrx_word' id='word_1_155' title='bbox 871 1833 1128 1903; x_wconf 81' lang='grc' dir='ltr'><em>ἐκινήθη,</em></span> <span class='ocrx_word' id='word_1_156' title='bbox 1198 1835 1487 1905; x_wconf 85' lang='grc' dir='ltr'><em>διαφορῶν</em></span> <span class='ocrx_word' id='word_1_157' title='bbox 1547 1835 1804 1904; x_wconf 84' lang='grc' dir='ltr'><em>&lt;οὐσῶν&gt;</em></span> 
     </span>
     <span class='ocr_line' id='line_1_22' title="bbox 119 1921 1806 1994; baseline 0.001 -19"><span class='ocrx_word' id='word_1_158' title='bbox 119 1921 423 1992; x_wconf 80' lang='grc' dir='ltr'><em>ἑκασταχοῦ</em></span> <span class='ocrx_word' id='word_1_159' title='bbox 462 1931 577 1985; x_wconf 90' lang='grc' dir='ltr'><em>τοῖς</em></span> <span class='ocrx_word' id='word_1_160' title='bbox 615 1942 672 1976; x_wconf 93' lang='grc' dir='ltr'><em>τε</em></span> <span class='ocrx_word' id='word_1_161' title='bbox 710 1932 823 1976; x_wconf 86' lang='grc' dir='ltr'><em>τῶν</em></span> <span class='ocrx_word' id='word_1_162' title='bbox 862 1924 1051 1992; x_wconf 84' lang='grc' dir='ltr'><em>δήμων</em></span> <span class='ocrx_word' id='word_1_163' title='bbox 1097 1924 1428 1994; x_wconf 79' lang='grc' dir='ltr'><em>προστάταις</em></span> <span class='ocrx_word' id='word_1_164' title='bbox 1473 1925 1602 1986; x_wconf 85' lang='grc' dir='ltr'><em>τοὺς</em></span> <span class='ocrx_word' id='word_1_165' title='bbox 1640 1922 1806 1992; x_wconf 86' lang='grc' dir='ltr'><em>Ἀθη-</em></span> 
     </span>
     <span class='ocr_line' id='line_1_23' title="bbox 117 2009 1873 2081; baseline -0.003 -16"><span class='ocrx_word' id='word_1_166' title='bbox 117 2014 310 2074; x_wconf 87' lang='grc' dir='ltr'><em>ναιόυς</em></span> <span class='ocrx_word' id='word_1_167' title='bbox 364 2010 667 2079; x_wconf 80' lang='grc' dir='ltr'><em>ἐπάγεσθαι</em></span> <span class='ocrx_word' id='word_1_168' title='bbox 712 2009 803 2064; x_wconf 86' lang='grc' dir='ltr'><em>καὶ</em></span> <span class='ocrx_word' id='word_1_169' title='bbox 851 2021 966 2074; x_wconf 91' lang='grc' dir='ltr'><em>τοῖς</em></span> <span class='ocrx_word' id='word_1_170' title='bbox 1016 2011 1226 2079; x_wconf 79' lang='grc' dir='ltr'><em>ὀλίγοις</em></span> <span class='ocrx_word' id='word_1_171' title='bbox 1280 2013 1410 2075; x_wconf 86' lang='grc' dir='ltr'><em>τοὺς</em></span> <span class='ocrx_word' id='word_1_172' title='bbox 1464 2013 1804 2081; x_wconf 88' lang='grc' dir='ltr'><em>Λακεδαιμο-</em></span> <span class='ocrx_word' id='word_1_173' title='bbox 1829 2028 1873 2061; x_wconf 81' lang='lat'><em>20</em></span> 
     </span>
     <span class='ocr_line' id='line_1_24' title="bbox 116 2101 309 2163; baseline 0 -11"><span class='ocrx_word' id='word_1_174' title='bbox 116 2101 309 2163; x_wconf 82' lang='grc' dir='ltr'><em>νιόυς.’</em></span> 
     </span>
    </p>

    <p class='ocr_par' dir='ltr' id='par_1_7' title="bbox 61 2186 1891 2525">
     <span class='ocr_line' id='line_1_25' title="bbox 265 2186 1891 2259; baseline -0.001 -17"><span class='ocrx_word' id='word_1_175' title='bbox 265 2189 298 2242; x_wconf 76' lang='grc' dir='ltr'>ἃ</span> <span class='ocrx_word' id='word_1_176' title='bbox 337 2186 400 2242; x_wconf 75' lang='grc' dir='ltr'><em>δὲ</em></span> <span class='ocrx_word' id='word_1_177' title='bbox 440 2189 660 2251; x_wconf 85' lang='grc' dir='ltr'><em>τούτοις</em></span> <span class='ocrx_word' id='word_1_178' title='bbox 692 2187 956 2258; x_wconf 90' lang='grc' dir='ltr'><em>ἐπιφέρει,</em></span> <span class='ocrx_word' id='word_1_179' title='bbox 998 2189 1189 2242; x_wconf 81' lang='grc' dir='ltr'><em>σκολιὰ</em></span> <span class='ocrx_word' id='word_1_180' title='bbox 1228 2187 1318 2241; x_wconf 84' lang='grc' dir='ltr'><em>καὶ</em></span> <span class='ocrx_word' id='word_1_181' title='bbox 1352 2189 1802 2259; x_wconf 89' lang='grc' dir='ltr'><em>δυσπαρακολού-</em></span> <span class='ocrx_word' id='word_1_182' title='bbox 1820 2188 1891 2241; x_wconf 80' lang='lat'><em>29</em></span> 
     </span>
     <span class='ocr_line' id='line_1_26' title="bbox 116 2276 1888 2347; baseline 0 -16"><span class='ocrx_word' id='word_1_183' title='bbox 116 2283 263 2346; x_wconf 90' lang='grc' dir='ltr'><em>θητα</em></span> <span class='ocrx_word' id='word_1_184' title='bbox 302 2276 391 2331; x_wconf 83' lang='grc' dir='ltr'><em>καὶ</em></span> <span class='ocrx_word' id='word_1_185' title='bbox 430 2279 526 2339; x_wconf 83' lang='grc' dir='ltr'><em>τὰς</em></span> <span class='ocrx_word' id='word_1_186' title='bbox 565 2287 676 2330; x_wconf 86' lang='grc' dir='ltr'><em>τῶν</em></span> <span class='ocrx_word' id='word_1_187' title='bbox 716 2286 1102 2346; x_wconf 86' lang='grc' dir='ltr'><em>σχηματισμῶν</em></span> <span class='ocrx_word' id='word_1_188' title='bbox 1140 2278 1347 2340; x_wconf 79' lang='grc' dir='ltr'><em>πλοκὰς</em></span> <span class='ocrx_word' id='word_1_189' title='bbox 1386 2282 1807 2347; x_wconf 88' lang='grc' dir='ltr'><em>σολοικοφανεῖς</em></span> <span class='ocrx_word' id='word_1_190' title='bbox 1882 2338 1888 2343; x_wconf 72' lang='lat'>‚</span> 
     </span>
     <span class='ocr_line' id='line_1_27' title="bbox 61 2363 1806 2436; baseline 0.001 -17"><span class='ocrx_word' id='word_1_191' title='bbox 61 2402 67 2407; x_wconf 80' lang='lat'><em>-</em></span> <span class='ocrx_word' id='word_1_192' title='bbox 117 2368 313 2436; x_wconf 81' lang='grc' dir='ltr'><em>ἔχοντα</em></span> <span class='ocrx_word' id='word_1_193' title='bbox 352 2365 443 2419; x_wconf 86' lang='grc' dir='ltr'><em>καὶ</em></span> <span class='ocrx_word' id='word_1_194' title='bbox 483 2367 610 2419; x_wconf 80' lang='grc' dir='ltr'><em>οὔτε</em></span> <span class='ocrx_word' id='word_1_195' title='bbox 648 2374 764 2428; x_wconf 87' lang='grc' dir='ltr'><em>τοῖς</em></span> <span class='ocrx_word' id='word_1_196' title='bbox 802 2363 916 2418; x_wconf 88' lang='grc' dir='ltr'><em>κατ’</em></span> <span class='ocrx_word' id='word_1_197' title='bbox 956 2365 1168 2418; x_wconf 88' lang='grc' dir='ltr'><em>ἐκεῖνον</em></span> <span class='ocrx_word' id='word_1_198' title='bbox 1199 2366 1298 2425; x_wconf 88' lang='grc' dir='ltr'><em>τὸν</em></span> <span class='ocrx_word' id='word_1_199' title='bbox 1329 2368 1455 2435; x_wconf 88' lang='grc' dir='ltr'><em>βίον</em></span> <span class='ocrx_word' id='word_1_200' title='bbox 1485 2365 1806 2436; x_wconf 87' lang='grc' dir='ltr'><em>γενομένοις</em></span> 
     </span>
     <span class='ocr_line' id='line_1_28' title="bbox 118 2453 1875 2525; baseline 0 -17"><span class='ocrx_word' id='word_1_201' title='bbox 118 2454 548 2524; x_wconf 84' lang='grc' dir='ltr'><em>ἐπιτηδευθέντα</em></span> <span class='ocrx_word' id='word_1_202' title='bbox 581 2455 707 2507; x_wconf 80' lang='grc' dir='ltr'><em>οὔτε</em></span> <span class='ocrx_word' id='word_1_203' title='bbox 738 2463 853 2516; x_wconf 87' lang='grc' dir='ltr'><em>τοῖς</em></span> <span class='ocrx_word' id='word_1_204' title='bbox 884 2453 1135 2523; x_wconf 83' lang='grc' dir='ltr'><em>ὕστερον,</em></span> <span class='ocrx_word' id='word_1_205' title='bbox 1176 2454 1266 2507; x_wconf 81' lang='grc' dir='ltr'><em>’ὅτε</em></span> <span class='ocrx_word' id='word_1_206' title='bbox 1296 2455 1530 2523; x_wconf 90' lang='grc' dir='ltr'><em>μάλιστα</em></span> <span class='ocrx_word' id='word_1_207' title='bbox 1560 2457 1803 2525; x_wconf 76' lang='grc' dir='ltr'><em>ἤκμασεν</em></span> <span class='ocrx_word' id='word_1_208' title='bbox 1829 2467 1875 2500; x_wconf 85' lang='lat'><em>25</em></span> 
     </span>
    </p>
   </div>
   <div class='ocr_carea' id='block_1_7' title="bbox 238 2614 629 2659">
    <p class='ocr_par' dir='ltr' id='par_1_8' title="bbox 238 2614 629 2659">
     <span class='ocr_line' id='line_1_29' title="bbox 238 2614 629 2659; baseline -0.003 0"><span class='ocrx_word' id='word_1_209' title='bbox 238 2619 291 2659; x_wconf 81' lang='lat'><em>17</em></span> <span class='ocrx_word' id='word_1_210' title='bbox 325 2615 460 2659; x_wconf 88' lang='lat' dir='ltr'><strong>Thuc</strong></span> <span class='ocrx_word' id='word_1_211' title='bbox 485 2614 549 2658; x_wconf 92' lang='lat' dir='ltr'><em>III</em></span> <span class='ocrx_word' id='word_1_212' title='bbox 572 2619 629 2659; x_wconf 75' lang='lat'><em>82</em></span> 
     </span>
    </p>
   </div>
   <div class='ocr_carea' id='block_1_8' title="bbox 62 2759 1809 3056">
    <p class='ocr_par' dir='ltr' id='par_1_9' title="bbox 62 2759 1809 3056">
     <span class='ocr_line' id='line_1_30' title="bbox 239 2759 1744 2819; baseline 0 -13"><span class='ocrx_word' id='word_1_213' title='bbox 239 2768 261 2806; x_wconf 93' lang='lat'>1</span> <span class='ocrx_word' id='word_1_214' title='bbox 295 2761 486 2807; x_wconf 87' lang='grc' dir='ltr'><em>πάντων</em></span> <span class='ocrx_word' id='word_1_215' title='bbox 514 2763 554 2806; x_wconf 86' lang='grc' dir='ltr'>Θ</span> <span class='ocrx_word' id='word_1_216' title='bbox 676 2766 700 2804; x_wconf 76' lang='grc'>2</span> <span class='ocrx_word' id='word_1_217' title='bbox 734 2759 1013 2818; x_wconf 83' lang='grc' dir='ltr'><em>διέφθειρον</em></span> <span class='ocrx_word' id='word_1_218' title='bbox 1037 2762 1151 2807; x_wconf 91' lang='lat' dir='ltr'><em>MP:</em></span> <span class='ocrx_word' id='word_1_219' title='bbox 1186 2759 1470 2819; x_wconf 87' lang='grc' dir='ltr'><em>διέφθειραν</em></span> <span class='ocrx_word' id='word_1_220' title='bbox 1504 2763 1648 2807; x_wconf 84' lang='grc' dir='ltr'><em>αὐτοῦ</em></span> <span class='ocrx_word' id='word_1_221' title='bbox 1674 2762 1698 2804; x_wconf 91' lang='lat' dir='ltr'><strong>f</strong></span> <span class='ocrx_word' id='word_1_222' title='bbox 1705 2764 1744 2806; x_wconf 87' lang='grc' dir='ltr'>Θ</span> 
     </span>
     <span class='ocr_line' id='line_1_31' title="bbox 116 2819 1809 2878; baseline 0 -14"><span class='ocrx_word' id='word_1_223' title='bbox 116 2826 146 2864; x_wconf 86' lang='lat'>4</span> <span class='ocrx_word' id='word_1_224' title='bbox 177 2822 435 2878; x_wconf 83' lang='grc' dir='ltr'><em>ἀνηλοῦντο</em></span> <span class='ocrx_word' id='word_1_225' title='bbox 460 2821 636 2865; x_wconf 71' lang='lat' dir='ltr'>M²f&amp;:</span> <span class='ocrx_word' id='word_1_226' title='bbox 669 2821 930 2865; x_wconf 87' lang='grc' dir='ltr'><em>ἀναλοῦντο</em></span> <span class='ocrx_word' id='word_1_227' title='bbox 955 2821 1071 2864; x_wconf 74' lang='grc' dir='ltr'><em>ΜῙΡ</em></span> <span class='ocrx_word' id='word_1_228' title='bbox 1171 2826 1196 2865; x_wconf 93' lang='grc'><strong>6</strong></span> <span class='ocrx_word' id='word_1_229' title='bbox 1229 2819 1480 2878; x_wconf 83' lang='grc' dir='ltr'><em>παρέμεινε</em></span> <span class='ocrx_word' id='word_1_230' title='bbox 1511 2819 1809 2877; x_wconf 84' lang='grc' dir='ltr'><em>κερκυραίοις</em></span> 
     </span>
     <span class='ocr_line' id='line_1_32' title="bbox 62 2878 1717 2939; baseline -0.001 -16"><span class='ocrx_word' id='word_1_231' title='bbox 62 2926 67 2930; x_wconf 63' lang='grc'><em>,</em></span> <span class='ocrx_word' id='word_1_232' title='bbox 118 2879 233 2925; x_wconf 87' lang='lat' dir='ltr'><em>MP:</em></span> <span class='ocrx_word' id='word_1_233' title='bbox 265 2878 529 2938; x_wconf 85' lang='grc' dir='ltr'><em>παρέμεινε,</em></span> <span class='ocrx_word' id='word_1_234' title='bbox 563 2880 607 2924; x_wconf 81' lang='grc' dir='ltr'><em>οἱ</em></span> <span class='ocrx_word' id='word_1_235' title='bbox 640 2883 776 2934; x_wconf 84' lang='grc' dir='ltr'><em>Κερκ.</em></span> <span class='ocrx_word' id='word_1_236' title='bbox 801 2879 825 2922; x_wconf 90' lang='lat' dir='ltr'>f</span> <span class='ocrx_word' id='word_1_237' title='bbox 999 2885 1023 2924; x_wconf 84' lang='lat'><strong>7</strong></span> <span class='ocrx_word' id='word_1_238' title='bbox 1059 2880 1223 2938; x_wconf 78' lang='grc' dir='ltr'><em>ἐχροὺς</em></span> <span class='ocrx_word' id='word_1_239' title='bbox 1247 2881 1283 2924; x_wconf 90' lang='grc' dir='ltr'><strong><em>Ρ</em></strong></span> <span class='ocrx_word' id='word_1_240' title='bbox 1375 2887 1400 2925; x_wconf 88' lang='grc'>8</span> <span class='ocrx_word' id='word_1_241' title='bbox 1432 2881 1533 2939; x_wconf 87' lang='grc' dir='ltr'><em>τὸν]</em></span> <span class='ocrx_word' id='word_1_242' title='bbox 1566 2888 1657 2925; x_wconf 89' lang='grc' dir='ltr'><em>τῶν</em></span> <span class='ocrx_word' id='word_1_243' title='bbox 1681 2881 1717 2922; x_wconf 91' lang='grc' dir='ltr'><em>Ρ</em></span> 
     </span>
     <span class='ocr_line' id='line_1_33' title="bbox 120 2937 1808 2998; baseline -0.001 -15"><span class='ocrx_word' id='word_1_244' title='bbox 120 2943 145 2982; x_wconf 90' lang='grc'><strong>9</strong></span> <span class='ocrx_word' id='word_1_245' title='bbox 181 2937 309 2990; x_wconf 84' lang='grc' dir='ltr'><em>ἰδέας</em></span> <span class='ocrx_word' id='word_1_246' title='bbox 339 2955 395 2996; x_wconf 88' lang='lat' dir='ltr'><em>pr</em></span> <span class='ocrx_word' id='word_1_247' title='bbox 417 2940 454 2983; x_wconf 90' lang='lat' dir='ltr'>P</span> <span class='ocrx_word' id='word_1_248' title='bbox 608 2944 661 2982; x_wconf 82' lang='lat'><em>14</em></span> <span class='ocrx_word' id='word_1_249' title='bbox 695 2944 748 2981; x_wconf 84' lang='lat'><em>15</em></span> <span class='ocrx_word' id='word_1_250' title='bbox 781 2939 859 2983; x_wconf 79' lang='grc' dir='ltr'><em>καὶ</em></span> <span class='ocrx_word' id='word_1_251' title='bbox 893 2938 978 2998; x_wconf 81' lang='grc' dir='ltr'><em>[οἱ]</em></span> <span class='ocrx_word' id='word_1_252' title='bbox 1010 2955 1056 2983; x_wconf 91' lang='grc' dir='ltr'><em>π.</em></span> <span class='ocrx_word' id='word_1_253' title='bbox 1083 2939 1107 2982; x_wconf 89' lang='lat' dir='ltr'><strong>f</strong></span> <span class='ocrx_word' id='word_1_254' title='bbox 1232 2944 1285 2983; x_wconf 87' lang='lat'><em>18</em></span> <span class='ocrx_word' id='word_1_255' title='bbox 1319 2941 1469 2984; x_wconf 81' lang='grc' dir='ltr'><em>οὐσῶν</em></span> <span class='ocrx_word' id='word_1_256' title='bbox 1495 2939 1589 2984; x_wconf 67' lang='grc' dir='ltr'><em>ἙΘε</em></span> <span class='ocrx_word' id='word_1_257' title='bbox 1616 2953 1690 2982; x_wconf 91' lang='lat' dir='ltr'><em>om</em></span> <span class='ocrx_word' id='word_1_258' title='bbox 1715 2938 1808 2981; x_wconf 93' lang='lat' dir='ltr'><em>MP</em></span> 
     </span>
     <span class='ocr_line' id='line_1_34' title="bbox 121 2997 1412 3056; baseline 0.001 -16"><span class='ocrx_word' id='word_1_259' title='bbox 121 3001 177 3041; x_wconf 81' lang='lat'><em>24</em></span> <span class='ocrx_word' id='word_1_260' title='bbox 210 2999 291 3043; x_wconf 83' lang='grc' dir='ltr'><em>τὸν</em></span> <span class='ocrx_word' id='word_1_261' title='bbox 325 2997 429 3056; x_wconf 86' lang='grc' dir='ltr'><em>βίον</em></span> <span class='ocrx_word' id='word_1_262' title='bbox 462 2997 551 3043; x_wconf 83' lang='lat' dir='ltr'><strong>etsi</strong></span> <span class='ocrx_word' id='word_1_263' title='bbox 585 2998 786 3042; x_wconf 78' lang='lat' dir='ltr'><strong>otiosum</strong></span> <span class='ocrx_word' id='word_1_264' title='bbox 819 3000 903 3054; x_wconf 76' lang='lat' dir='ltr'><strong>est,</strong></span> <span class='ocrx_word' id='word_1_265' title='bbox 938 3012 1052 3042; x_wconf 82' lang='lat' dir='ltr'>caue</span> <span class='ocrx_word' id='word_1_266' title='bbox 1083 3012 1142 3043; x_wconf 81' lang='lat' dir='ltr'><em>ne</em></span> <span class='ocrx_word' id='word_1_267' title='bbox 1175 3001 1412 3055; x_wconf 72' lang='lat' dir='ltr'>suspectes</span> 
     </span>
    </p>
   </div>
  </div>
 </body>
</html>
