2004 3202
204 138 473 181 DIONYSII
503 137 701 181 HALIC.
731 138 861 181 ΤΑΒ.
894 138 1044 182 CRIT.
1078 136 1435 180 ORATIONVM
1465 137 1656 180 ATTIC.
1715 134 1824 188 285

963 268 1007 312 H

82 380 112 419 8
255 359 570 413 DIONYSIVS
620 360 683 412 de
728 359 850 429 LyS.
890 362 956 413 12
1003 381 1038 430 p
1071 360 1165 429 20,
1197 361 1229 412 9
1277 362 1519 422 πολλοὺς
1563 361 1668 428 ἤδη
1714 369 1827 412 τῶν

143 447 575 519 ἀναφερομένων
629 450 706 511 εἰς
759 450 930 503 αὐτὸν
976 447 1241 521 (Λυσίαν)
1297 450 1479 517 λόγων
1530 447 1620 501 καὶ
1670 467 1827 502 πεπι-

140 536 458 607 στευμένων
506 538 614 590 ὑπὸ
661 546 761 591 τοῦ
807 540 1060 607 πλήθους
1106 539 1178 601 ὡς
1223 536 1366 591 εἰσὶν
1413 537 1473 590 ἐν
1518 547 1633 600 τοῖς
1678 539 1826 591 πάνυ

143 629 363 695 γνήσιοι
404 629 637 694 Λυσίου,
680 625 771 679 καὶ
810 628 876 680 τά
914 647 975 695 γε
1015 628 1154 680 ἄλλα
1193 626 1293 680 οὐκ
1332 625 1546 689 ἀτόπως
1584 627 1826 695 ἔχοντας,
1874 644 1896 676 5

142 716 230 769 ὅτι
282 715 383 783 τὴν
436 716 599 784 χάριν
646 715 711 768 οὐ
757 716 1168 786 προσβάλλουσι
1214 715 1317 784 τὴν
1364 715 1651 782 Λυσιακὴν
1697 712 1828 768 οὐδὲ

142 804 246 872 τὴν
283 803 580 873 εὐστομίαν
612 806 835 872 ἔχουσιν
867 803 1077 873 ἐκείνης
1107 811 1201 872 τῆς
1233 803 1441 872 λέξεως,
1479 804 1827 867 ὑποπτεύσας

142 913 202 946 τε
246 891 338 945 καὶ
384 895 685 961 βασανίσας
731 889 898 963 εὗρον
946 892 1047 946 οὐκ
1086 895 1248 955 ὄντας
1287 895 1517 946 Λυσίου.
1594 888 1674 946 ὧν
1712 894 1827 946 ἔστι

143 981 234 1035 καὶ
281 982 310 1034 ὁ
357 980 503 1051 περὶ
551 989 659 1050 τῆς
699 980 1110 1053 Ἰφικράτους
1156 983 1434 1050 εἰκόνος,
1482 981 1548 1034 ὃν
1595 977 1698 1034 οἷδ’
1743 982 1826 1035 ὅτι

143 1069 340 1124 πολλοὶ
390 1068 480 1122 καὶ
527 1077 838 1140 χαρακτῆρα
882 1070 1180 1139 ἡγήσαιντο
1228 1069 1297 1123 ἂν
1341 1068 1432 1123 καὶ
1478 1072 1686 1123 κανόνα
1731 1077 1826 1139 τῆς
1851 1087 1893 1118 10

143 1158 359 1212 ἐκείνου
407 1159 703 1227 δυνάμεως.
780 1155 941 1221 οὗτος
987 1158 1173 1228 μέντοι
1221 1159 1250 1212 ὁ
1297 1161 1459 1227 λόγος
1505 1158 1534 1212 ὁ
1581 1157 1672 1211 καὶ
1710 1168 1827 1222 τοῖς

143 1248 413 1316 ὀνόμασιν
458 1247 842 1317 ἡρμηνεῦσθαι
882 1248 1063 1300 δοκῶν
1103 1249 1338 1318 ἰσχυρῶς
1374 1246 1466 1300 καὶ
1505 1256 1620 1310 τοῖς
1660 1247 1826 1300 ἐνθυ-

141 1338 387 1404 μήμασιν
434 1336 704 1405 εὑρῆσθαι
750 1345 1014 1406 περιττῶς
1051 1334 1142 1388 καὶ
1181 1337 1348 1398 ἄλλας
1386 1338 1593 1399 πολλὰς
1631 1335 1826 1407 ἀρετὰς

143 1427 286 1493 ἔχων
339 1426 531 1494 ἄχαρίς
587 1423 700 1476 ἐστι
753 1422 844 1476 καὶ
890 1429 1101 1478 πολλοῦ
1149 1426 1234 1478 δεῖ
1278 1426 1339 1478 τὸ
1382 1426 1665 1478 Λυσιακὸν
1712 1424 1826 1478 ε’πι-

143 1516 368 1582 φαίνειν
409 1515 593 1582 στόμα.
655 1513 887 1582 μάλιστα
927 1512 976 1566 δ’
1017 1513 1232 1581 ἐγένετό
1271 1534 1365 1583 μοι
1394 1515 1710 1583 καταφανὴς
1742 1515 1826 1568 ὅτι
1850 1530 1892 1562 15

142 1601 246 1670 οὐχ
299 1600 390 1654 ὑπ’
439 1601 652 1655 ἐκείνου
698 1610 798 1654 τοῦ
846 1602 1077 1672 ρ”ήτορος
1125 1601 1361 1673 ἐγράφη,
1414 1605 1544 1665 τοὺς
1589 1605 1826 1674 χρόνους

144 1689 610 1762 ἀναλογισαμένῳ.
673 1731 833 1743 .....
866 1690 1069 1760 ὁμοίως
1108 1688 1170 1744 δὲ
1208 1690 1299 1744 καὶ
1329 1692 1432 1759 τὴν
1462 1691 1826 1760 ἀπολογίαν

142 1786 260 1830 τοῦ
299 1778 539 1847 ἀνδρὸς
569 1778 659 1831 καὶ
693 1779 866 1848 αὐτὴν
898 1781 975 1842 εἰς
1001 1783 1218 1833 Λυσίαν
1248 1779 1668 1851 ἀναφερομένην
1700 1781 1827 1834 οὔτε

143 1875 259 1928 τοῖς
311 1868 628 1936 πράγμασιν
681 1867 895 1931 ἀτόπως
944 1870 1180 1937 ἔχουσαν
1227 1870 1353 1922 οὔτε
1397 1878 1513 1932 τοῖς
1557 1870 1826 1939 ὀνόμασιν

143 1954 395 2017 ἀσθενῶς
435 1954 505 2007 δι’
545 1956 786 2020 ὑποψίας
817 1958 1034 2025 ἔλαβον,
1074 1956 1175 2010 οὐκ
1207 1956 1557 2026 ἐπανθούσης
1587 1966 1651 2028 τῇ
1685 1957 1825 2022 λέξει
1849 1973 1890 2006 20

143 2051 239 2111 τῆς
269 2046 548 2111 Λυσιακῆς
586 2045 827 2114 χάριτος·
866 2043 957 2097 καὶ
994 2043 1266 2115 παραθεὶς
1296 2048 1425 2108 τοὺς
1456 2049 1692 2116 χρόνους
1724 2047 1825 2100 οὐκ

144 2132 354 2199 ὀλίγοις
392 2134 569 2184 ε”τεσιν
608 2128 775 2202 εὗρον
811 2133 1154 2203 ὑστεροῦσαν
1191 2141 1286 2202 τῆς
1316 2139 1569 2202 τελευτῆς
1599 2143 1699 2188 τοῦ
1732 2135 1825 2205 ῥή-

144 2241 307 2290 τορος
361 2219 498 2272 ἀλλὰ
551 2218 641 2272 καὶ
696 2226 905 2274 εἴκοσιν
958 2222 1120 2284 ὅλοις.
1204 2263 1218 2274 .
1248 2263 1261 2275 .
1293 2263 1305 2274 .
1337 2264 1349 2275 .
1397 2223 1528 2276 ὅτου
1573 2221 1675 2292 μὲν
1721 2220 1825 2277 οὖν

144 2311 250 2362 εἰσι
297 2312 451 2376 λόγοι
501 2308 731 2377 ῥήτορος
777 2311 901 2377 <οῑ>
946 2313 1078 2379 περί
1118 2330 1174 2363 τε
1219 2317 1314 2379 τῆς
1353 2312 1563 2374 εἰκόνος
1601 2311 1691 2365 καὶ
1730 2321 1824 2381 τῆς

142 2398 460 2467 προδοσίας,
502 2397 601 2450 οὐκ
642 2400 744 2466 ἔχω
784 2400 1017 2466 βεβαίως
1051 2399 1245 2451 εἰπεῖν·
1286 2399 1369 2452 ὅτι
1401 2397 1462 2452 δὲ
1494 2399 1615 2463 ἑνὸς
1647 2401 1823 2471 ἀμφό-
1847 2415 1889 2447 25

144 2505 310 2555 τεροι,
349 2491 575 2548 πολλοῖς
606 2489 915 2556 τεκμηρίοις
947 2485 1115 2556 ἔχοιμ’
1148 2485 1218 2539 ἂν
1249 2489 1443 2541 εἰπεῖν·
1481 2489 1514 2558 ἡ
1548 2491 1653 2560 γὰρ
1686 2490 1822 2559 αὐτὴ

143 2577 462 2644 προαίρεσίς
502 2595 557 2627 τε
596 2573 685 2627 καὶ
726 2575 958 2643 δύναμις
999 2574 1059 2627 ἐν
1090 2574 1435 2646 ἀμφοτέροις,
1473 2574 1610 2648 ὑπὲρ
1645 2574 1723 2631 ὧν
1756 2579 1822 2632 οὐ

147 2663 334 2731 καιρὸς
375 2662 434 2715 ἐν
473 2670 547 2734 τῷ
585 2665 816 2732 παρόντι
857 2664 1190 2717 διασκοπεῖν.
1263 2666 1450 2730 εἰκάζω
1491 2663 1552 2718 δὲ
1584 2665 1823 2737 Ἰφικρά-

144 2770 275 2814 τους
314 2748 455 2804 εἷναι
495 2751 680 2804 αὐτοῦ.

266 2943 291 2982 5
323 2938 526 2997 γνησίοις
556 2939 665 2983 libri
787 2943 842 2982 29
874 2941 1017 2985 αὐτοῦ
1049 2941 1375 2988 Marklandus:
1409 2943 1578 2994 αὐτούς
1607 2943 1717 2986 libri
