2004 3202
847 95 1055 136 ΙΣΑῙΟΣ
1695 97 1802 149 113

31 225 34 249 ⁷
115 230 332 299 τάφανῆ
379 231 626 299 χρήματα
672 230 750 291 εἰς
798 227 1059 298 ἐμφανῶν
1103 230 1459 298 κατάστασιν,
1514 231 1543 284 ὁ
1592 229 1651 284 δὲ
1698 241 1797 286 τοῦ

114 320 324 387 κλήρου
368 327 585 388 κρατῶν
632 319 1049 387 παραγράφεται
1102 318 1204 386 τὴν
1256 323 1478 387 κλῆσιν,
1533 321 1798 374 δεδόσθαι

116 405 294 474 λέγων
340 405 515 478 ἑαυτῷ
560 407 626 459 τὰ
671 407 918 476 χρήματα
967 408 1102 459 κατὰ
1147 408 1433 475 διαθήκας.
1510 409 1694 476 διττῆς
1741 407 1802 462 δὲ

0 511 114 553 1⁶14
136 502 233 563 τῆς
271 494 725 564 ἀμφισβητήσεως
762 495 1139 565 ὑπαρχούσης,
1192 495 1198 564 Ι
1247 503 1342 564 τῆς
1387 493 1489 572 μὲν
1533 495 1659 567 περὶ
1705 505 1804 551 τοῦ

115 584 403 654 γεγονέναι
442 585 537 646 τὰς
576 585 849 652 διαθήκας
886 583 920 652 ἢ
960 586 1057 653 μή,
1096 591 1192 653 τῆς
1230 583 1316 653 δέ,
1366 584 1477 638 τῶν
1517 587 1804 654 διαθηκῶν
1849 606 1869 638 5

116 671 653 743 ἀμφισβητουμένων
690 674 821 741 ἤδη,
871 675 996 725 τίνα
1035 674 1120 726 δεῖ
1164 681 1264 726 τοῦ
1310 675 1519 744 κλήρου
1565 684 1803 744 κρατεῖν,

117 772 339 832 πρῶτον
369 761 613 824 ἀποδοὺς
642 762 741 814 τὸν
771 758 910 831 ὑπὲρ
934 770 1046 814 τῶν
1069 763 1257 830 νόμων
1280 763 1450 829 λόγον
1473 761 1564 815 καὶ
1595 763 1799 830 <κατά>

114 859 279 904 τοῦτο
334 850 625 914 ἀποδείξας
670 851 731 902 τὸ
778 850 966 919 μέρος,
1022 851 1094 912 ὡς
1140 850 1208 903 οὐ
1262 851 1347 903 δεῖ
1399 852 1498 903 τὸν
1553 851 1805 905 ἐπίδικον

113 946 440 1010 κρατεῖσθαι
478 944 687 1009 κλῆρον
723 939 828 1008 πρὸ
869 940 1042 1007 δίκης,
1082 938 1256 1001 οὕτως
1295 937 1383 991 ἐπὶ
1415 940 1516 1007 τὴν
1547 941 1805 1009 διήγησιν

115 1031 356 1099 ἔρχεται,
411 1026 486 1080 δι’
531 1023 596 1096 ἧς
646 1027 1041 1080 ἀποδείκνυσιν
1094 1024 1226 1080 οὐδὲ
1278 1027 1642 1097 γεγενημένας
1694 1029 1802 1083 ὑπὸ
1828 1051 1871 1083 10

116 1125 218 1171 τοῦ
249 1119 693 1184 τετελευτηκότος
723 1118 818 1178 τὰς
844 1117 1128 1184 διαθήκας.
1190 1115 1280 1168 καὶ
1314 1114 1444 1169 οὐδὲ
1475 1118 1681 1186 ταύτην
1703 1118 1805 1186 τὴν

117 1208 377 1275 διήγησιν
424 1206 607 1267 ἁπλῶς
656 1223 771 1267 πως
825 1204 1134 1273 συστρέψας
1187 1203 1276 1258 καὶ
1325 1205 1806 1269 ἀκατασκευάστως

119 1297 362 1363 τίθησιν,
399 1294 538 1347 ἀλλὰ
569 1292 659 1346 καὶ
691 1293 897 1361 ταύτην
928 1292 1271 1363 μακροτέραν
1303 1290 1478 1346 οὖσαν
1507 1294 1807 1363 ἀποτομαῖς

0 1418 24 1456 f'
117 1398 229 1436 τισι
285 1383 646 1451 διαλαμβάνει
698 1380 790 1434 καὶ
843 1380 974 1434 καθ’
1028 1380 1260 1434 ε’καστον
1321 1378 1467 1444 εἶδος
1527 1384 1806 1453 μάρτυρας

0 1475 5 1483 ’
118 1472 503 1578 ἀναβιβάζεται
534 1469 625 1523 καὶ
656 1472 985 1579 προκλήσεις
1013 1469 1378 1537 ἀναγινωσκει
1409 1470 1499 1523 καὶ
1524 1474 1807 1539 συνθήκας
1830 1492 1874 1526 15

115 1559 407 1629 παρέχεται
445 1563 757 1630 τεκμηρίοις
794 1579 852 1612 τε
889 1557 980 1611 καὶ
1021 1562 1267 1627 σημείοις
1311 1558 1402 1612 καὶ
1444 1570 1560 1622 τοῖς
1598 1559 1655 1613 ἐκ
1694 1570 1806 1613 τῶν

114 1651 343 1702 εἰκότων
390 1648 632 1718 ἐλέγχοις
678 1650 847 1702 ἅπασι
898 1655 1104 1718 χρῆται.
1173 1650 1380 1710 πολλὰς
1419 1647 1469 1700 δ’
1509 1647 1580 1700 ἂν
1625 1651 1803 1718 ε’χοιμι

114 1736 206 1790 καὶ
245 1739 414 1799 ἄλλας
450 1736 831 1806 παρασχέσθαι
880 1737 1182 1804 διηγήσεις,
1228 1737 1366 1806 πρὸς
1411 1737 1471 1789 τὸ
1520 1737 1806 1807 συμφέρον

119 1824 539 1897 ᾠκονομημένας
568 1826 677 1879 ὑπὸ
710 1833 810 1878 τοῦ
842 1825 1073 1894 ῥήτορος
1110 1833 1594 1894 προκατασκευαῖς,
1633 1844 1806 1896 παρα-

118 1923 355 1982 σκευαῖς,
387 1923 688 1983 μερισμοῖς,
720 1917 938 1983 χωρίων
969 1913 1249 1981 ἀλλαγαῖς,
1280 1914 1616 1983 πραγμάτων
1646 1934 1804 1983 μετα-
1829 1936 1870 1967 20

26 2015 115 2055 615
140 2012 368 2071 γωγαῖς,
407 2010 483 2074 τῷ
521 2003 587 2055 τὰ
625 2004 896 2071 κεφάλαια
935 2002 1342 2071 ἀνεστράφθαι,
1389 2008 1465 2073 τῷ
1507 2002 1513 2070 Ι
1555 2003 1628 2070 μὴ
1668 2004 1803 2056 κατὰ

118 2093 247 2154 τοὺς
301 2093 538 2161 χρόνους
592 2092 658 2144 τὰ
709 2089 1031 2160 πραχθέντα
1085 2091 1370 2160 εἰρῆσθαι,
1425 2097 1501 2161 τῷ
1556 2090 1676 2159 [ὡς]
1730 2093 1802 2160 μὴ

118 2181 296 2234 πάντα
335 2178 462 2249 μηδ’
503 2178 595 2248 ἅμ’
635 2180 708 2241 ὡς
747 2179 921 2247 φύσιν
960 2175 1068 2247 εἶχε
1107 2183 1424 2247 πραχθῆναι
1463 2177 1592 2247 μηδ’
1631 2180 1704 2241 ὡς
1735 2179 1805 2232 ἂν

118 2270 340 2337 ἰδιώτης
378 2288 459 2330 τις
507 2273 650 2321 εἴποι
699 2266 981 2334 λέγεσθαι,
1032 2269 1252 2335 μυριόις
1299 2267 1486 2328 ἄλλοις
1532 2268 1804 2331 τοιούτοις

237 2418 294 2458 24
324 2416 433 2471 post
462 2411 682 2470 λέγεσθαι
713 2411 924 2455 Scholion
957 2411 1017 2469 μὴ
1050 2409 1240 2467 μετρίως

239 2552 262 2589 1
297 2546 521 2603 ἐμφανῶν
552 2544 792 2589 Reiskius:
826 2544 1011 2600 ἐμφανῆ
1107 2549 1133 2588 3
1165 2542 1350 2603 λέγ[ων]
1383 2544 1443 2588 F²
1473 2559 1579 2588 oum
1609 2559 1684 2590 ras

121 2609 146 2648 7
178 2606 259 2651 καὶ
285 2604 406 2650 κατὰ
428 2612 564 2650 τοῦτο
591 2605 798 2648 Sadaeus
822 2606 929 2660 post,
954 2602 1230 2660 Sauppium:
1263 2604 1343 2648 καὶ
1366 2611 1512 2648 ταῦτα
1605 2610 1660 2648 10
1692 2603 1800 2650 οὐδὲ

120 2664 418 2721 Sylburgius:
452 2664 556 2709 οὔτε
667 2667 719 2706 11
753 2661 1074 2718 τελευτηκότος
1104 2662 1186 2707 FP
1301 2668 1356 2707 14
1387 2663 1467 2707 καὶ
1499 2663 1595 2706 add
1625 2663 1687 2706 F²

123 2727 177 2766 19
209 2730 525 2779 παρασκευαῖς
548 2737 624 2767 om
645 2722 786 2765 MBP
870 2727 924 2765 21
951 2725 1011 2766 τῶ
1042 2721 1171 2779 prius
1201 2721 1273 2780 τὸ]
1306 2723 1402 2765 add
1426 2722 1486 2765 F²
1576 2728 1630 2765 22
1655 2738 1800 2780 xpp-011

119 2779 327 2856 θέντ[α]
340 2782 389 2825 Μ
413 2796 518 2826 cum
541 2781 684 2825 litura
712 2783 717 2837 Ι
745 2782 826 2839 τῷ]
857 2788 945 2831 τῶς
967 2767 1049 2824 BP
1077 2783 1083 2838 Ι
1110 2782 1172 2831 ὡς
1195 2781 1387 2825 seclusit
1407 2780 1683 2838 Sylburgius

124 2843 178 2882 23
217 2839 327 2915 μηδ’
358 2839 442 2897 ἅμ’
471 2842 551 2899 ὡς]
590 2843 812 2897 μηδαμῶς
851 2839 1074 2884 FMBPv
1135 2838 1247 2896 μηδ’
1278 2841 1339 2891 ὡς
1377 2839 1511 2883 Blass
1643 2846 1700 2884 24
1739 2840 1799 2896 μὴ

120 2897 311 2954 μετρίως
340 2899 594 2944 Holwellus
626 2899 765 2943 eiecit

212 2981 323 3015 Dion.
346 2983 440 3015 Hali
426 2992 545 3015 leam.
579 2983 622 3015 V.
1507 2976 1532 3014 8
