2004 3202
189 129 259 180 62
540 131 542 133 ·
612 130 952 173 ΔῐοΝΤΣΙοΤ
982 129 1451 172 ΑΑΙΚΑΡΝΑΣΕῼΣ

187 264 220 332 ἡ
268 273 379 317 τῶν
424 262 553 317 καθ’
599 263 808 334 ἡμέραν
855 263 1296 331 ἐπιτηδευμάτων
1348 265 1630 333 μετριότης
1684 261 1866 332 μηθὲν

190 352 471 421 ἐκβήσεται
524 362 635 404 τῶν
687 354 958 421 πατρίων·
1020 350 1194 412 οὕτως
1248 348 1309 403 δὲ
1363 347 1507 420 εἶχεν
1561 351 1748 414 αὐτοῖς
1799 354 1866 405 τὰ

187 442 324 509 πρὸς
363 441 633 508 ἀλλήλους
672 442 972 508 φιλοτίμως
1009 437 1099 490 καὶ
1134 443 1441 507 πολιτικῶς,
1481 441 1617 492 ὥστε
1649 439 1738 492 καὶ
1771 442 1866 502 τὰς

189 530 403 591 στάσεις
443 528 731 581 ἐποιοῦντο
770 528 906 596 πρὸς
945 525 1242 595 ἀλλήλους,
1291 530 1513 598 πότεροι
1550 531 1719 581 πλείω
1766 530 1867 597 τὴν

145 620 351 671 ὅπόλιν
404 617 588 684 ἀγαθὰ
641 619 994 683 ποιήσουσιν,
1058 614 1157 683 οὐχ
1213 616 1411 678 οἵτινες
1463 617 1592 678 τοὺς
1647 615 1867 686 ἑτέρους

189 704 550 767 ἀπολέσαντες
588 714 698 756 τῶν
737 708 945 756 λοιπῶν
996 701 1154 756 αὐτοὶ
1201 703 1442 774 ἄρξουσι.
1510 713 1574 774 τῇ
1623 702 1683 757 δὲ
1729 705 1866 775 αὐτῇ

188 797 474 863 προθυμίᾳ
523 794 794 862 χρώμενοι
839 789 929 843 καὶ
975 792 1111 861 πρὸς
1159 792 1259 859 τὴν
1298 791 1532 845 Ἑλλάδα
1578 801 1654 864 τῷ
1699 799 1866 863 θερα-

187 883 377 934 πεύειν
422 883 764 951 προσήγοντο
816 881 910 942 τὰς
963 882 1151 942 πόλεις
1204 879 1294 932 καὶ
1349 887 1424 952 τῷ
1477 884 1696 946 πείθειν
1749 891 1868 944 ταῖς

190 969 522 1038 εὐεργεσίαις
546 973 756 1037 μᾶλλον
779 968 811 1036 ἢ
837 975 912 1039 τῷ
936 969 1222 1037 βιάζεσθαι
1246 978 1361 1031 τοῖς
1385 969 1574 1032 ὅπλοις
1597 979 1866 1038 κατεῖχον,

123 1081 165 1112 10
187 1056 525 1127 πιστοτέροις
571 1058 842 1127 χρώμενοι
888 1065 1003 1119 τοῖς
1051 1059 1236 1124 λόγοις
1278 1056 1311 1125 ἢ
1351 1065 1458 1110 νῦν
1502 1067 1618 1120 τοῖς
1665 1059 1866 1128 ὅρκοις,

122 1521 162 1552 15

130 1684 161 1732 Γ»

187 1145 275 1198 καὶ
315 1156 430 1208 ταῖς
471 1147 775 1213 συνθήκαις
815 1144 1094 1209 ἀξιοῦντες
1132 1150 1343 1214 μᾶλλον
1386 1145 1639 1215 ἐμμένειν
1678 1146 1710 1215 ἢ
1750 1155 1868 1208 ταῖς

188 1234 476 1302 ἀνάγκαις,
538 1242 764 1286 τοιαῦτα
818 1231 879 1286 δὲ
931 1233 1056 1304 περὶ
1117 1244 1228 1287 τῶν
1288 1234 1534 1302 ἡττόνων
1587 1234 1868 1299 ἀξιοῦντες

186 1324 500 1391 γινώσκειν,
557 1315 645 1375 οἶα
690 1321 816 1392 περὶ
863 1331 1022 1391 σφῶν
1068 1321 1251 1375 αὐτῶν
1297 1325 1426 1385 τοὺς
1470 1326 1751 1392 κρείττους
1796 1322 1868 1375 ἂν

186 1411 424 1479 ἠξίωσαν
449 1420 697 1481 φρονεῖν,
731 1411 871 1464 οὕτω
898 1408 959 1463 δὲ
981 1410 1481 1481 παρεσκευασμένοι
1509 1413 1604 1473 τὰς
1627 1413 1865 1480 γνώμας,

187 1501 259 1562 ὡς
278 1501 391 1569 ἰδίᾳ
408 1497 507 1567 μὲν
525 1502 740 1567 ἔχοντες
757 1500 852 1561 τὰς
877 1497 1085 1551 ἑαυτῶν
1109 1501 1311 1563 πόλεις,
1335 1500 1530 1567 κοινὴν
1552 1497 1612 1552 δὲ
1627 1502 1865 1570 πατρίδα

187 1590 287 1656 τὴν
318 1588 551 1640 Ἑλλάδα
592 1589 884 1650 οἰκοῦντες.
928 1587 932 1657 Ι

298 1679 379 1737 τίς
425 1675 476 1728 δ’
518 1675 616 1728 οὐκ
657 1675 726 1728 ἂν
769 1675 1062 1744 ἀγαπήσειε
1101 1675 1336 1744 μέγεθος
1382 1678 1521 1744 ἔχων
1567 1676 1706 1746 ἀνὴρ
1753 1675 1843 1729 καὶ
1868 1694 1953 1733 546
1996 1679 2004 1739 ᾖ

188 1765 471 1832 δυνάμεώς
501 1784 649 1826 τινος
679 1764 1000 1833 ἡγούμενος,
1041 1764 1075 1817 ἃ
1105 1765 1242 1834 πρὸς
1278 1767 1558 1817 Φίλιππον
1589 1764 1737 1836 αὐτῷ
1768 1767 1866 1818 τὸν

187 1853 485 1904 Μακεδόνα
535 1851 859 1923 γε’γραπται;
914 1851 974 1905 ἐν
1020 1846 1103 1914 οἷς
1149 1851 1292 1916 ἀξιοῖ
1338 1853 1643 1923 στρατηγὸν
1688 1854 1864 1923 ἄνδρα

122 1961 165 1993 20
186 1938 277 1992 καὶ
323 1941 645 2009 τηλικαύτης
699 1941 945 2005 ἐξουσίας
990 1942 1186 2011 κύριον
1234 1942 1578 1994 διαλλάττειν
1624 1938 1725 2010 μὲν
1770 1943 1865 2003 τὰς

188 2027 586 2097 διαφερομένας
616 2032 801 2092 πόλεις
833 2029 970 2083 ἀλλὰ
997 2030 1069 2098 μὴ
1095 2030 1427 2098 συγκρούειν
1449 2030 1586 2100 πρὸς
1609 2028 1864 2098 ἀλλήλας,

188 2116 288 2183 τὴν
327 2113 387 2168 δὲ
419 2115 651 2170 Ἑλλάδα
689 2119 931 2186 μεγάλην
971 2116 1029 2170 ἐκ
1067 2125 1263 2187 μικρᾶς
1300 2127 1482 2171 ποιεῖν
1530 2118 1863 2188 ὑπεριδόντα

188 2205 316 2272 <τε>
356 2211 449 2271 τῆς
487 2204 611 2274 περὶ
650 2208 714 2258 τὰ
752 2207 919 2276 μικρὰ
958 2208 1272 2275 φιλοτιμίας
1303 2215 1418 2268 τοῖς
1448 2206 1719 2269 τοιούτοις
1752 2205 1863 2258 ε’πι-

307 2392 603 2495 ΞῧΡΙ-«ξὲειςῦἓ
725 2399 749 2437 6
782 2395 940 2450 Paneg
965 2400 1020 2439 80
1143 2400 1196 2438 10
1228 2395 1387 2451 Paneg
1410 2399 1461 2438 81
1587 2398 1644 2437 20
1675 2394 1777 2437 Phil
1804 2398 1861 2438 30

309 2480 346 2492 2.
465 2466 479 2494 1
536 2457 546 2468 '

310 2631 330 2668 1
368 2627 410 2670 οἱ
442 2634 531 2670 τῶν
564 2627 646 2670 ΒΡ
738 2634 762 2670 2
797 2627 912 2673 οὕτω
945 2627 994 2673 δ’
1022 2630 1096 2674 Pv
1198 2635 1223 2673 5
1255 2629 1526 2684 ποιήσουσιν
1558 2642 1613 2671 ex
1644 2635 1859 2673 ποιοῦσιν

189 2684 248 2728 F2
365 2690 389 2728 6
429 2686 742 2737 ἀπολύσαντες
777 2688 811 2730 Ρ
862 2690 867 2743 l
918 2688 1082 2740 ωξουσι
1114 2689 1171 2731 F1
1196 2702 1298 2732 corr
1328 2687 1387 2730 F²
1435 2690 1440 2744 Ι
1490 2694 1543 2745 τῇ
1575 2685 1626 2730 δ’
1655 2687 1741 2730 Mv

189 2749 215 2787 8
249 2744 534 2800 προσήγοντο
552 2758 607 2788 ex
624 2746 904 2801 προσήκοντι
920 2747 978 2789 F¹
1069 2752 1124 2790 13
1156 2747 1416 2804 γινώσκειν]
1443 2745 1681 2790 διδάσκειν
1707 2746 1742 2787 F

191 2809 246 2847 14
277 2802 731 2860 παρεσκευασάμενοι
762 2805 844 2847 ΒΡ
966 2811 1018 2848 15
1052 2804 1175 2857 ἰδίας
1204 2806 1384 2861 Kn‘iger
1510 2810 1561 2848 17
1595 2803 1644 2847 δ’
1674 2818 1747 2847 om
1779 2805 1815 2847 P

189 2862 470 2918 ἀγαπήσειεν
501 2863 537 2905 F
658 2867 713 2906 20
744 2864 1036 2919 τηλικαύταις
1068 2862 1294 2918 ἐξουσίαις
1324 2863 1406 2907 ΒΡ
1449 2866 1454 2920 Ι
1496 2862 1755 2908 διαλάττειν
1780 2864 1814 2905 F

191 2919 314 2980 [μὲ]ν
346 2935 450 2964 cum
480 2935 554 2965 ras
583 2922 619 2964 F
710 2927 766 2966 23
797 2937 844 2965 τε
877 2923 970 2965 add
1001 2923 1253 2968 Holwellus
1283 2925 1288 2979 Ι
1317 2920 1549 2980 φιλοτιμία
1582 2922 1651 2964 Μ1

1990 1311 1997 1399 ἒ

1992 1489 1999 1533 l
