1958 3192
850 126 1082 168 ΛΤΣῙΑΣ
1736 127 1807 180 35

133 282 189 316 τε
226 271 447 332 πρῶτον
485 258 586 331 μὲν
623 262 724 330 τὴν
763 263 944 315 αἰτίαν
982 263 1060 324 εἰς
1110 263 1238 323 τοὺς
1277 260 1591 323 ἀντιδίκους
1636 280 1809 332 περιι-

131 351 322 404 στάναι
360 348 450 403 καὶ
486 358 586 403 τοῦ
619 349 949 419 ἐγκλήματος
987 348 1076 403 καὶ
1108 357 1207 402 τοῦ
1239 349 1450 417 ἀγῶνος
1487 347 1578 401 καὶ
1611 348 1809 417 λέγειν,

130 439 212 492 ὅτι
259 439 464 508 μεγάλα
514 437 851 508 τάδικήματα
904 436 994 492 καὶ
1046 437 1147 492 οὐκ
1201 437 1332 506 ἐνῆν
1386 437 1524 490 αὐτὰ
1578 441 1809 507 μετρίως

129 526 371 595 ἐνεγκεῖν
432 526 520 580 καὶ
578 527 660 580 ὅτι
722 524 860 597 ὑπὲρ
923 525 1362 596 ἀναγκαιοτέρων
1414 527 1724 597 προσώπων
1778 527 1807 580 ὁ

128 615 279 683 ἀγὼν
316 614 406 668 καὶ
447 614 663 685 ἐρήμων
708 614 798 668 καὶ
837 612 1003 684 ἧττον
1047 615 1436 686 ὑπεροφθῆναι
1485 613 1676 682 ἀξίων,
1725 608 1808 678 οἷς

126 704 197 773 μὴ
238 706 581 772 βοηθοῦντες
618 707 842 767 κακίους
881 703 950 757 ἂν
990 703 1296 774 ἐφάνησαν·
1345 702 1435 757 καὶ
1482 704 1565 757 ὅτι
1603 721 1806 774 προκα-

127 793 386 861 λούμενοι
425 795 553 856 τοὺς
591 793 907 856 ἀντιδίκους
946 795 1024 856 εἰς
1063 794 1360 861 διαλλαγὰς
1397 791 1487 845 καὶ
1528 795 1712 862 φίλοις
1742 795 1808 846 τὰ

125 881 414 950 πράγματα
477 880 857 951 ἐπιτρέποντες
917 880 1008 934 καὶ
1061 883 1127 934 τὰ
1181 881 1389 934 δυνατὰ
1445 880 1808 935 ἐλαττοῦσθαι

126 968 493 1038 ὑπομένοντες
533 970 760 1032 οὐδενὸς
798 970 1161 1038 ἠδυνήθησαν
1198 978 1384 1038 τυχεῖν
1415 979 1525 1022 τῶν
1556 973 1806 1039 μετρίων.

37 1070 119 1110 501
148 1066 318 1111 ταῦτα
356 1055 458 1128 μὲν
496 1059 563 1127 δὴ
601 1056 1057 1130 παῙραγγέλλουσι
1103 1067 1285 1111 ποιεῖν
1324 1059 1376 1111 οἱ
1422 1061 1806 1130 τεχνογράφοι,

126 1147 217 1198 ἵνα
263 1148 322 1199 τὸ
370 1144 510 1215 ἦθος
555 1156 654 1200 τοῦ
701 1146 958 1215 λέγοντος
1009 1146 1408 1217 ἐπιεικέστερον
1461 1144 1602 1200 εἶναι
1657 1148 1808 1220 δόξῃ,

126 1236 356 1288 δύναται
396 1233 456 1288 δὲ
496 1235 683 1298 αὐτοῖς
722 1236 947 1288 εὔνοιαν
985 1244 1146 1288 τοῦτο
1186 1245 1368 1289 ποιεῖν
1404 1234 1494 1288 καὶ
1531 1238 1644 1289 ε”στι
1675 1240 1808 1308 κρά-

125 1338 311 1378 τιστον
355 1331 450 1392 τῆς
494 1332 827 1392 κατασκευῆς
876 1323 1054 1394 μέρος.
1131 1323 1293 1377 ταῦθ’
1334 1325 1444 1394 ὁρῶ
1490 1326 1667 1378 πάντα
1714 1328 1807 1380 διὰ

124 1421 222 1466 τοῦ
274 1416 572 1482 προοιμίου
625 1414 788 1466 τοῦδε
842 1415 1121 1481 γεγονότα.
1198 1412 1287 1466 καὶ
1341 1415 1450 1482 μὴν
1504 1419 1581 1476 εἴς
1637 1435 1698 1482 γε
1744 1417 1804 1468 τὸ

125 1501 386 1571 εὐμαθεῖς
409 1503 538 1564 τοὺς
554 1501 822 1572 ἀκροατὰς
844 1509 1071 1570 ποιῆσαι
1094 1502 1380 1555 κελεύουσι
1398 1502 1806 1572 συστρέψαντας

125 1592 299 1643 εἰπεῖν
344 1591 405 1643 τὸ
444 1598 690 1661 πρᾶγμα,
746 1611 836 1643 ινα
881 1591 953 1660 μὴ
1001 1590 1242 1659 ἀγνοῶσι
1288 1592 1389 1659 τὴν
1434 1591 1708 1644 ὑπόθεσιν
1754 1594 1806 1645 οἱ

126 1679 399 1747 δικασταί,
455 1677 545 1732 καὶ
594 1672 683 1732 οἶά
727 1697 829 1750 περ
878 1678 949 1732 ἂν
998 1673 1032 1750 ᾖ
1085 1681 1150 1732 τὰ
1204 1678 1473 1749 μέλλοντα
1528 1679 1806 1749 λέγεσθαι,

126 1775 343 1821 τοιοῦτο
382 1766 471 1821 καὶ
511 1769 571 1821 τὸ
610 1771 904 1838 προοίμιον
949 1768 1322 1822 ὑποτίθεσθαι
1369 1766 1461 1821 ἀπ’
1501 1767 1670 1839 ἀρχῆς
1714 1768 1804 1822 καὶ

126 1856 320 1925 δεῖγμα
366 1864 464 1909 τοῦ
510 1857 824 1926 πράγματος
875 1855 1242 1926 ποιουμένους
1288 1859 1532 1910 κατευθὺ
1580 1856 1673 1910 ἀπ’
1722 1857 1805 1910 ἐν-

123 1945 465 2014 θυμημάτων
516 1951 815 2015 πειρᾶσθαι
870 1947 1152 2016 ἄρχεσθαι.
1229 1948 1337 2014 ἔχει
1385 1946 1452 2014 δὴ
1498 1944 1589 1998 καὶ
1635 1954 1804 1999 ταῦτα
1829 1965 1847 1994 :2

125 2034 184 2085 τὸ
223 2037 530 2103 προοίμιον.
599 2036 678 2086 ἔτι
716 2033 840 2104 περὶ
880 2042 974 2102 τῆς
1012 2043 1284 2105 προσοχῆς
1324 2030 1436 2087 ὧδέ
1467 2053 1582 2097 πως
1620 2054 1804 2103 τεχνο-

126 2125 412 2189 λογοῦσιν,
468 2123 551 2176 ὅτι
599 2123 682 2175 δεῖ
727 2124 825 2175 τὸν
869 2125 1261 2193 προσεκτικοὺς
1306 2122 1574 2191 μέλλοντα
1623 2133 1804 2177 ποιεῖν

126 2213 252 2273 τοὺς
292 2211 558 2282 ἀκροατὰς
596 2209 686 2263 καὶ
725 2210 906 2279 λέγειν
943 2213 1236 2280 θαυμαστὰ
1274 2210 1364 2263 καὶ
1402 2211 1683 2281 παράδοξα
1713 2211 1802 2264 καὶ

126 2301 345 2354 δεῖσθαι
377 2309 486 2352 τῶν
518 2301 790 2352 δικαστῶν
821 2299 1066 2352 ἀκοῦσαι.
1129 2301 1381 2368 φαίνεται
1413 2301 1480 2368 δὴ
1512 2299 1602 2352 καὶ
1634 2309 1804 2354 ταῦτα

125 2389 431 2457 πεποιηκὼς
477 2388 505 2441 ὁ
548 2391 771 2450 Λυσίας.
840 2387 929 2440 καὶ
976 2390 1234 2457 πρόσεστι
1281 2389 1496 2451 τούτοις
1542 2391 1603 2441 τὸ
1652 2394 1802 2443 λεῖον

245 2578 592 2634 3τάδικήματα
616 2576 944 2621 Marklandus:
977 2577 1241 2634 ἀδικηματα
1271 2580 1276 2634 Ι
1305 2580 1389 2622 οὐκ
1414 2578 1543 2636 ἐνῆν]
1578 2580 1632 2623 οὐ
1658 2579 1800 2636 κενὴν

128 2635 184 2678 F¹
303 2642 331 2680 4
361 2637 616 2693 προσώπων
644 2637 704 2679 F³
734 2636 783 2679 in
814 2651 910 2692 ras,
949 2636 1103 2680 fuerat
1141 2636 1421 2694 πραγμάτων
1543 2643 1566 2682 7
1600 2639 1706 2688 τοὺς
1745 2651 1800 2682 ex

129 2693 208 2746 τὰς
238 2695 272 2738 F
395 2702 449 2740 10
481 2693 819 2752 παραγγέλουσι
850 2695 885 2738 F
918 2709 1019 2739 corr
1050 2696 1107 2739 F¹
1231 2703 1284 2740 14
1316 2699 1452 2741 τοῦδε
1493 2710 1567 2740 om
1599 2697 1681 2740 PB

131 2757 183 2797 17
216 2752 450 2821 λέγεσθαι]
490 2753 712 2811 γενέσθαι
743 2755 778 2797 F
902 2759 955 2797 19
994 2756 1220 2828 κατευθὺ]
1264 2756 1343 2800 καὶ
1385 2757 1527 2806 εὐθὺς
1565 2755 1799 2800 FMPBG

130 2812 207 2855 καὶ
246 2813 421 2858 deleuit
458 2773 516 2857 Hy
533 2813 793 2871 Stephanus
908 2819 963 2857 2Ο
1001 2811 1053 2858 δὲ
1086 2814 1125 2858 G
1239 2819 1294 2858 24
1334 2813 1432 2871 μετ’
1471 2813 1656 2865 εὐνοίας
1692 2817 1799 2871 post

130 2870 325 2915 ἀκοῦσαι
356 2873 490 2916 addit
520 2873 650 2930 Krug
651 2887 700 2916 er
727 2874 755 2939 Ι
761 2870 811 2916 δὲ
846 2871 922 2916 Gv
1028 2878 1082 2917 25
1114 2873 1325 2930 πρόσεστι
1355 2874 1555 2931 Kriiger:
1590 2874 1702 2929 πρὸς
1735 2872 1798 2916 ἔτι

131 2927 223 2971 FM
268 2929 450 2985 προσέτι
480 2888 650 2987 PBG,g
664 2931 712 2974 M
743 2931 792 2974 in
823 2946 902 2988 mg

1474 3005 1533 3046 3·k

1834 1078 1875 1109 10

1831 1522 1872 1552 15

1827 2405 1868 2437 25
