2004 3202
1692 145 1798 197 257

32 745 116 786 719
178 731 652 794 ΔΙΟΝΥΣΙΟΣ
691 732 1060 793 ΑΜΜΑΙΩΙ
1104 733 1259 794 ΤΩΙ
1303 733 1738 795 ΦΙΛΤΑΤῼΙ

0 863 2 872 ’
686 862 958 903 ΠΛΕῙΣΤΑ
988 863 1233 903 XAIPEIN

230 987 469 1037 Πολλῶν
506 982 617 1053 μετ’
650 985 834 1037 ἄλλων
865 982 1038 1048 ξένων
1067 1003 1126 1037 τε
1155 982 1245 1036 καὶ
1276 983 1604 1054 παραδόξων
1634 984 1799 1038 ἀκου-

0 1075 14 1148 ἕ,
117 1073 363 1141 σμάτων,
410 1068 489 1125 ὧν
535 1071 796 1141 ἐνήνοχεν
834 1073 862 1126 ὁ
902 1071 1029 1126 καθ’
1067 1072 1207 1141 ἡμᾶς
1245 1075 1468 1143 χρόνος,
1515 1071 1578 1125 ἕν
1614 1092 1667 1125 τι
1706 1072 1797 1126 καὶ

0 1136 12 1193 ἓ
114 1167 280 1213 τοῦτο
313 1160 488 1230 ἐφάνη
520 1181 614 1230 μοι
645 1162 872 1231 πρώτως
904 1160 1201 1214 ἀκούσαντι
1232 1163 1380 1232 παρὰ
1411 1169 1530 1229 σοῦ,
1571 1161 1655 1214 ὅτι
1685 1171 1798 1215 τῶν
1841 1180 1864 1213 5

0 1194 22 1310 b
116 1251 443 1318 φιλοσόφων
472 1269 555 1312 τις
584 1258 696 1302 τῶν
728 1248 786 1302 ἐκ
817 1256 916 1302 τοῦ
946 1249 1251 1319 περιπάτου
1273 1249 1452 1302 πάντα
1475 1253 1797 1320 χαρίζεσθαι

0 1310 19 1369 ι
114 1338 452 1406 βουλόμενος
482 1335 843 1407 Ἀριστοτέλει
880 1344 957 1409 τῷ
994 1340 1242 1390 κτίσαντι
1271 1338 1477 1406 ταύτην
1507 1339 1608 1407 τὴν
1639 1343 1798 1407 φιλο-

7 1479 10 1489 ,
116 1428 321 1494 σοφίαν
357 1424 448 1478 καὶ
487 1433 650 1479 τοῦτο
681 1425 945 1494 ὑπέσχετο
975 1428 1231 1494 ποιήσειν
1262 1428 1524 1496 φανερόν,
1565 1427 1648 1480 ὅτι
1680 1431 1798 1495 Λη-

0 1501 113 1574 53'120
130 1512 408 1584 μοσθένης
452 1515 548 1576 τὰς
595 1514 885 1584 ῥητορικὰς
930 1513 1122 1583 τέχνας
1162 1513 1289 1584 παρ’
1329 1513 1544 1567 ἐκείνου
1582 1513 1797 1586 μαξθὼν

117 1605 194 1666 εἰς
239 1605 370 1666 τοὺς
417 1604 595 1666 ἰδίους
633 1605 925 1672 μετήνεγκε
964 1604 1165 1670 λόγους
1203 1600 1294 1655 καὶ
1332 1601 1447 1655 κατ’
1488 1602 1668 1657 ἐκεῖνα
1704 1624 1797 1657 κο·
1821 1623 1863 1656 ιο

114 1692 422 1761 σμούμενος
466 1693 533 1745 τὰ
573 1689 996 1762 παραγγέλματα
1032 1692 1257 1744 πάντων
1297 1690 1510 1759 ἐγένετο
1549 1702 1661 1745 τῶν
1700 1692 1795 1763 ρη-

112 1782 292 1850 τόρων
343 1781 642 1851 κράτιστος.
725 1779 838 1832 κατ’
893 1779 1062 1850 ἀρχὰς
1108 1777 1209 1849 μὲν
1256 1775 1360 1833 οὗν
1404 1781 1795 1850 ὑπελάμβανον

111 1878 225 1922 τῶν
253 1874 475 1922 πολλῶν
505 1889 629 1922 τινα
660 1865 802 1922 εἶναι
831 1869 930 1922 τὸν
960 1867 1109 1921 ταῦτ’
1142 1868 1562 1938 ἐπιχειρήσαντα
1593 1868 1792 1939 λέγειν,

111 1956 204 2010 καὶ
242 1956 530 2027 παρῄνουν
569 1971 657 2010 σοι
695 1958 767 2026 μὴ
805 1965 939 2010 πᾶσι
976 1965 1091 2019 τοῖς
1124 1956 1456 2027 παραδόξοις
1486 1957 1792 2027 προσέχειν.

112 2046 188 2108 ὡς
226 2042 286 2098 δὲ
325 2043 414 2097 καὶ
454 2046 697 2114 τοῦνομα
734 2053 833 2098 τοῦ
873 2044 1075 2115 ἀνδρὸς
1115 2044 1421 2114 ἐπυθόμην,
1462 2045 1528 2098 ὃν
1565 2045 1670 2113 ἐγὼ
1702 2045 1793 2099 καὶ
1818 2065 1860 2097 15

31 2118 34 2122 ⁴
111 2143 224 2187 τῶν
255 2134 415 2202 ἠθῶν
445 2133 603 2187 ἕνεκα
633 2132 724 2186 καὶ
755 2143 866 2186 τῶν
893 2135 1076 2200 λόγων
1100 2132 1451 2202 ἀποδέχομαι,
1485 2133 1791 2203 ἐθαύμασα,

15 2277 28 2296 5
112 2220 203 2275 καὶ
248 2224 422 2284 πολὺς
470 2221 530 2275 ἐν
577 2221 790 2293 ἐμαυτῷ
836 2223 1130 2290 γενόμενος
1176 2220 1589 2292 ἐπιμελεστέρας
1638 2222 1793 2294 ᾤμην

0 2303 37 2393 ᾗῇ
113 2311 335 2364 δεῖσθαι
381 2309 620 2375 σκέψεως
666 2311 726 2362 τὸ
772 2318 1018 2380 πρᾶγμα,
1064 2311 1138 2378 μή
1182 2327 1314 2362 ποτε
1356 2309 1562 2378 λέληθέ
1595 2331 1660 2380 με
1699 2311 1791 2364 τά-

0 2402 40 2489 ,ᾗ
112 2397 281 2468 ληθὲς
326 2399 500 2462 οὕτως
546 2402 673 2468 ε”χον
716 2397 808 2451 καὶ
855 2395 1021 2450 οὐδὲν
1066 2399 1182 2468 εἰκῇ
1229 2402 1306 2470 τῷ
1351 2397 1515 2468 ἀνδρὶ
1561 2405 1790 2469 εἴρηται,

6 1850 26 1942 affl·
7 1772 13 1805 ‘³'
11 1699 14 1702 “
13 1646 18 1651 ·

233 2594 344 2632 1-2
379 2603 455 2633 0111
486 2587 523 2632 O
614 2594 642 2631 4
675 2586 739 2631 ὥν
771 2587 806 2630 Ρ
835 2588 840 2644 Ι
868 2590 1089 2643 καθημᾶς
1118 2587 1167 2630 Μ
1194 2589 1200 2644 Ι
1230 2586 1279 2631 ἔν
1310 2604 1354 2631 τι
1384 2587 1516 2632 libri.
1550 2602 1653 2632 corr
1685 2604 1705 2632 s

116 2650 142 2690 ὅ
179 2655 363 2702 πρῶτον
395 2647 438 2691 ci
468 2647 805 2691 Herwerdenus
841 2648 852 2719 ΙΙ
880 2644 1010 2701 παρά
1041 2660 1123 2690 σου
1153 2645 1317 2690 BOPs
1441 2652 1466 2691 7
1498 2645 1787 2703 Ἀριστοτέλει

114 2704 334 2762 Weffius,
387 2711 451 2750 τῶ
490 2743 498 2751 .
536 2742 544 2751 .
582 2743 590 2750 .
631 2708 915 2779 φιλυσοφιαν
959 2704 1294 2750 Herwerdenus
1335 2707 1647 2779 suspectabat

115 2767 143 2807 8
179 2765 368 2810 τοῦτοτό
399 2752 436 2809 Ρ
559 2770 614 2809 10
645 2763 748 2810 κατ’
779 2779 821 2808 s:
854 2762 951 2820 μετ
979 2763 1090 2808 libri
1211 2770 1262 2808 11
1295 2763 1356 2808 τὰ
1387 2779 1463 2809 0111
1495 2764 1531 2809 O
1627 2771 1680 2809 13
1704 2767 1786 2811 τὸν

37 2827 42 2831 ’
112 2819 154 2864 τ’
176 2821 276 2868 αὖτ’
305 2824 343 2867 Β
382 2826 388 2882 Ι
431 2822 725 2891 ἐπιχείρησαν
759 2823 795 2867 Ο
854 2781 943 2867 μ14
981 2823 1271 2883 παρῄνουσοι
1300 2824 1337 2867 Ρ
1374 2826 1379 2881 Ι
1415 2822 1627 2882 προσέχει
1661 2824 1696 2868 O

26 2903 43 2944 '-
117 2884 170 2924 16
215 2889 296 2927 τοῦ
335 2883 487 2938 ἤθους
523 2883 741 2927 Reiskius
777 2882 784 2940 Ι
817 2889 908 2926 τῶν
945 2884 1117 2928 λοιπῶν
1155 2883 1286 2927 libri:
1335 2897 1436 2926 con·
1474 2883 1784 2940 Kiesslingius

36 2954 43 2959 ·
113 2953 228 2985 mus
251 2941 397 2986 Rhen.
424 2947 493 2999 23,
520 2947 606 2986 254
634 2944 640 3000 Ι
670 2941 852 2986 ἐθαύσα
883 2941 963 2985 καὶ
996 2940 1032 2985 Ο
1126 2947 1179 2986 18
1212 2943 1386 2993 δεῖςται
1418 2942 1500 2985 ΒΡ
1528 2942 1533 3000 Ι
1561 2958 1616 2997 με
1648 2956 1723 2986 0111
1748 2942 1784 2984 Β

16 2973 66 3202 ἰ
202 3022 312 3056 Dion.
334 3025 532 3058 Παίου-11.
570 3026 614 3056 V.
1468 3019 1521 3058 17
