1958 3192
655 686 1250 750 ΔΙΟΝΥΣΙΟΤ

326 831 1570 901 ΑΛΙΚΑΡΝΑΣΕΩΣ

884 980 1029 1020 ΠΕΡΙ

502 1097 655 1151 ΤΩΝ
693 1095 1027 1150 ΑΡΧΑΙΩΝ
1065 1096 1412 1152 ΡΗΤΟΡΩΝ

220 1335 448 1403 Πολλὴν
486 1336 648 1405 χάριν
687 1331 756 1402 ἦν
795 1333 999 1387 εἰδέναι
1039 1342 1113 1406 τῷ
1152 1333 1277 1388 καθ’
1318 1335 1457 1404 ἡμᾶς
1495 1337 1675 1406 χρόνῳ
1711 1336 1792 1387 δί-
1838 1359 1859 1391 5

108 1443 283 1490 καιον,
332 1421 372 1477 ὦ
412 1425 663 1493 κράτιστε
695 1422 936 1493 Ἀμμαῖε,
975 1422 1066 1476 καὶ
1106 1425 1289 1477 ἄλλων
1331 1422 1432 1493 μέν
1470 1443 1640 1476 τινων
1681 1423 1792 1477 ε’πι-

107 1514 459 1583 τηδευμάτων
513 1511 671 1566 ἕνεκα
727 1520 833 1565 νῦν
886 1513 1114 1565 κάλλιον
1160 1511 1517 1581 ἀσκουμένων
1571 1512 1604 1581 ἢ
1658 1515 1791 1583 πρό-

107 1621 284 1671 τερον,
325 1601 425 1670 οὐχ
463 1601 656 1669 ἥκιστα
696 1598 757 1653 δὲ
796 1607 890 1668 τῆς
920 1599 1046 1671 περὶ
1078 1602 1208 1662 τοὺς
1238 1603 1555 1663 πολιτικοὺς
1591 1603 1791 1669 λόγους

107 1690 412 1760 ἐπιμελείας
467 1690 534 1743 οὐ
587 1691 790 1759 μικρὰν
844 1688 1095 1742 ἐπίδοσιν
1147 1688 1515 1759 πεποιημένης
1576 1688 1662 1742 ἐπὶ
1724 1691 1789 1742 τὰ

105 1782 345 1850 κρείττω.
423 1778 482 1832 ἐν
535 1780 639 1847 γὰρ
691 1779 759 1846 δὴ
813 1787 928 1840 τοῖς
971 1779 1078 1848 πρὸ
1126 1777 1282 1847 ἡμῶν
1326 1780 1548 1849 χρόνοις
1599 1778 1632 1846 ἡ
1687 1775 1789 1847 μὲν
1814 1804 1856 1835 10

106 1867 303 1937 ἀρχαία
349 1866 439 1920 καὶ
486 1869 794 1936 φιλόσοφος
840 1866 1099 1936 ῥητορικὴ
1142 1866 1651 1937 προπηλακιζομένη
1698 1866 1788 1920 καὶ

27 1990 34 2009 ς
105 1958 291 2019 δεινὰς
343 1956 532 2026 ὕβρεις
583 1954 937 2025 ὑπομένουσα
990 1957 1303 2024 κατελύετο,
1361 1954 1632 2026 ἀρξαμένη
1687 1953 1789 2025 μὲν

104 2045 209 2099 ἀπὸ
250 2052 343 2113 τῆς
373 2043 738 2115 Ἀλεξάνδρου
776 2052 875 2097 τοῦ
915 2045 1240 2107 Μακεδόνος
1278 2049 1529 2112 τελευτῆς
1569 2043 1789 2098 ἐκπνεῖν

6 2172 41 2228 ε-
103 2133 195 2187 καὶ
240 2137 608 2205 μαραίνεσθαι
655 2132 770 2186 κατ’
817 2133 1033 2200 ὀλίγον,
1090 2131 1177 2185 ἐπὶ
1228 2130 1430 2201 δὲ-τῆς
1476 2132 1601 2186 καθ’
1648 2133 1787 2202 ἡμᾶς

0 2228 102 2294 μθ
124 2222 338 2292 ἡλικίας
376 2230 575 2293 μικροῦ
622 2223 860 2290 δεήσασα
902 2222 907 2290 Ι
951 2223 1028 2283 εἰς
1067 2220 1219 2283 τέλος
1257 2222 1590 2290 ἠφανίσθαι
1632 2220 1852 2292 ἕτέραο
1811 2245 1852 2277 15

0 2313 17 2366 Ξ
105 2311 170 2365 δέ
211 2332 294 2374 τις
340 2310 427 2364 ἐπὶ
474 2312 575 2380 τὴν
622 2310 830 2379 ἐκείνης
875 2314 1234 2379 παρελθοῦσα
1279 2309 1456 2377 τάξιν,
1508 2310 1785 2380 ἀφόρητος

105 2399 355 2453 ἀναιδεία
392 2406 656 2470 θεατρικὴ
695 2397 785 2451 καὶ
826 2398 1110 2466 ἀνάγωγος
1155 2397 1244 2451 καὶ
1286 2398 1411 2451 οὔτε
1451 2402 1784 2467 φιλοσοφίας

105 2488 230 2541 οὔτε
284 2490 456 2542 ἄλλου
508 2488 876 2556 παιδεύματος
934 2486 1162 2548 οὐδενὸς
1215 2492 1574 2556 μετειληφυῖα
1635 2487 1784 2541 ε’λευ-

103 2579 318 2646 θερίου,
360 2581 611 2630 λαθοῦσα
648 2575 738 2629 καὶ
777 2574 1269 2645 παρακρουσαμένη
1310 2577 1410 2644 τὴν
1455 2585 1565 2628 τῶν
1604 2578 1783 2644 ὄχλων

0 1738 33 1805 ψ”,ἶῖ
0 1683 19 1718 ΗΣ·
10 1615 29 1645 ,xj
15 1534 18 1538 *
8 1489 25 1517 -Ι
12 1388 32 1429 Q!
29 1366 35 1370 .
15 1265 29 1334 ,μρψ-
18 1245 26 1250 ι
16 1215 21 1223 ⁴
16 1195 23 1199 ι
16 1144 18 1153 τ
15 1111 21 1126 ’Δ
16 1086 29 1094 j

222 2727 244 2764 1
278 2721 469 2765 titulum
502 2735 576 2765 om
608 2721 641 2766 C
709 2727 790 2764 τοῦ
822 2723 928 2776 post
952 2718 1204 2764 Διονυσίου
1235 2721 1433 2764 inseruit
1465 2721 1726 2777 Stephanus
1751 2735 1779 2763 v

222 2786 248 2823 2
271 2777 654 2836 Αλικαρνασσέως
693 2779 956 2835 Stephanus
995 2795 1024 2823 v
1173 2784 1200 2822 4
1238 2778 1642 2836 ὑπομνηματισμοί
1686 2778 1812 2822 add·

105 2837 364 2895 Stephanus
395 2855 425 2883 v
517 2845 571 2882 13
603 2846 683 2884 τοῦ
717 2838 788 2882 bis
823 2837 855 2882 C
948 2842 1003 2881 14
1034 2837 1391 2911 μαρ[αί]νεσθαι
1422 2839 1470 2881 Μ
1501 2853 1605 2882 cum
1636 2838 1778 2880 litura

105 2897 392 2953 angustiore,
436 2898 590 2942 fuerat
629 2895 767 2954 μαρέ·
890 2902 941 2940 17
975 2895 1194 2941 ἀναιδεία
1225 2898 1452 2954 θεατρικὴ
1485 2898 1520 2940 Ρ
1560 2895 1775 2940 ἀναίδεια

104 2957 330 3012 θεατρικὴ
363 2957 530 3001 ABCv
561 2971 722 3001 uerum
754 2956 848 2999 iam
881 2955 1155 3012 Sylburgius
1189 2956 1373 3000 uiderat

1455 3026 1510 3070 l*
