2004 3202
203 117 310 170 248
629 118 967 161 ΔΙΟΝΥΣΙΟΤ
996 117 1462 159 ΑΑΙΚΑΡΝΑΣΕΩΣ

203 253 384 321 ὥσπερ
425 253 582 320 ἔφην,
620 249 740 305 τοτὲ
777 249 878 320 μὲν
917 252 988 313 ὡς
1025 259 1240 319 πικροῖς
1277 249 1367 303 καὶ
1405 250 1714 320 περιέργοις
1751 251 1876 304 ὀνό-

204 355 335 409 μασι
373 340 680 410 χρωμένου,
731 337 850 392 τοτὲ
890 338 941 391 δ’
999 339 1004 406 Ι
1055 339 1126 400 ὡς
1165 337 1354 407 ἀηδέσι
1393 337 1483 391 καὶ
1522 348 1822 408 φορτικοῖς,
1849 353 1964 392 1123

206 428 397 499 ῥᾳδίας
444 430 551 497 ἔχει
602 430 695 491 τὰς
742 428 1051 495 ἀπολογίας.
1128 431 1182 479 εἴ
1221 425 1288 495 γέ
1328 447 1414 479 τοι
1452 430 1754 496 βουληθείη
1792 447 1875 490 τις

206 515 371 585 χωρὶς
409 515 638 569 ἕκαστον
674 525 785 568 τῶν
825 515 1174 583 ἐγκλημάτων
1213 524 1453 584 σκοπεῖν,
1492 517 1558 568 τὰ
1588 512 1688 584 μὲν
1728 514 1876 568 ἐπαί-

159 622 309 657 5νου
354 609 563 672 μᾶλλον
615 604 647 671 ἢ
700 598 1026 673 κατηγορίας
1081 602 1204 667 ἄξια
1256 603 1498 673 εὑρήσει,
1551 605 1617 656 τά
1670 602 1720 655 δ’
1775 603 1877 656 οὐκ

206 692 426 760 ἀληθῶς
471 691 725 763 εἰρημένα
771 690 865 744 ὑπ’
906 690 1091 744 αὐτοῦ.
1166 691 1226 743 τὸ
1274 689 1374 760 μὲν
1419 693 1522 760 γὰρ
1565 693 1879 761 πικραίνειν

204 783 305 849 τὴν
344 782 644 847 διάλεκτον,
685 780 815 832 ὅταν
854 775 1157 832 ἀπαιτῶσιν
1196 781 1249 832 οἱ
1279 783 1467 850 καιροί
1501 777 1785 850 (πολλάκις
1817 776 1878 832 δὲ

206 868 494 921 ἀπαιτοῦσι
543 866 633 919 καὶ
683 869 914 936 μάλιστα
966 867 1026 920 ἐν
1075 877 1189 930 τοῖς
1237 873 1563 936 παθητικοῖς
1608 877 1719 920 τῶν
1765 867 1878 920 ἐπι-

204 954 590 1026 χειρημάτων),
645 955 914 1024 ἐγκώμιόν
967 955 1081 1008 ἐστι
1134 964 1233 1008 τοῦ
1295 956 1548 1026 ῥήτορος,
1609 961 1663 1008 εἴ
1702 976 1763 1023 γε
1809 957 1877 1023 δὴ

136 1063 180 1094 10
205 1047 266 1098 τὸ
304 1054 484 1098 ποιεῖν
521 1045 618 1096 τὸν
657 1044 929 1114 ἀκροατὴν
967 1044 1243 1114 αὐστηρὸν
1277 1041 1398 1115 ’.τῶν
1436 1046 1622 1113 νόμων
1660 1045 1879 1113 φύλακα

203 1132 293 1185 καὶ
341 1133 541 1202 πικρὸν
593 1131 878 1200 ἐξεταστὴν
926 1141 1038 1185 τῶν
1091 1131 1440 1202 ἀδικημάτων
1489 1131 1580 1185 καὶ
1638 1133 1881 1203 τιμωρὸν

203 1221 572 1290 ἀπαραίτητον
610 1230 721 1273 τῶν
757 1221 1229 1291 παρανομούντων
1273 1223 1419 1291 παρὰ
1459 1228 1552 1289 τῆς
1592 1221 1881 1291 ῥητορικῆς

204 1310 485 1377 δυνάμεως
522 1308 554 1377 ἢ
595 1311 768 1377 μόνον
807 1308 839 1376 ἢ
879 1310 1111 1378 μάλιστα
1157 1318 1268 1361 τῶν
1307 1311 1490 1362 ἄλλων
1529 1309 1879 1378 ἀπαιτοῦμεν.

203 1397 484 1466 ἀμήχανον
545 1394 605 1449 δὲ
665 1406 962 1467 τρυφεροῖς
1022 1397 1253 1466 ὀνόμασι
1313 1401 1718 1462 καλλωπίζοντα
1778 1397 1880 1464 τὴν

137 1501 180 1533 15
205 1487 491 1538 διάλεκτον
529 1485 702 1554 ὀργὴν
738 1484 770 1552 ἢ
810 1494 968 1555 μῖσος
1005 1484 1038 1553 ἢ
1078 1495 1189 1538 τῶν
1217 1488 1613 1553 παραπλησίων
1646 1506 1698 1538 τι
1728 1492 1880 1552 κινῆ-

204 1588 294 1626 σαι
325 1578 541 1640 παθῶν,
566 1571 685 1625 ἀλλ’
718 1572 925 1640 ἀνάγκη
957 1571 1047 1624 καὶ
1079 1572 1303 1642 νοήματ’
1338 1572 1593 1643 ἐξευρεῖν,
1619 1573 1652 1626 ἃ
1676 1574 1743 1641 δὴ
1769 1582 1880 1625 τῶν

203 1662 470 1714 τοιούτων
508 1663 657 1713 ἔσται
702 1666 901 1713 παθῶν
940 1660 1150 1729 ἀγωγά,
1196 1660 1287 1713 καὶ
1333 1661 1563 1730 ὀνόμασι
1608 1662 1880 1724 τοιούτοις

207 1749 345 1802 αὐτὰ
376 1751 710 1818 περιλαβεῖν,
737 1741 818 1811 οἷς
840 1747 1087 1817 πέφυκεν
1110 1749 1242 1817 ἀκοὴ
1273 1752 1676 1819 πικραίνεσθαι.
1709 1746 1881 1819 εἰμὲν

206 1833 308 1890 οὗν
346 1838 417 1905 μὴ
464 1837 597 1888 κατὰ
642 1837 740 1889 τὸν
785 1837 989 1889 οἰκεῖον
1026 1838 1220 1906 καιρὸν
1258 1845 1320 1907 τῇ
1359 1838 1723 1908 πικραινούσῃ
1762 1839 1881 1890 δια-

140 1941 184 1972 20
208 1923 375 1995 λέκτῳ
414 1925 697 1993 χρώμενον
742 1924 1098 1977 ἀπεδείκνυεν
1137 1925 1306 1978 αὐτὸν
1344 1925 1376 1993 ἢ
1414 1927 1781 1991 πλεονάζοντα
1820 1926 1880 1979 ἐν

204 2012 340 2082 αὐτῇ
379 2011 468 2064 καὶ
507 2019 601 2080 τῆς
637 2015 936 2081 ποσότητος
971 2013 976 2082 Ι
1012 2012 1367 2082 ἀστοχοῦντα,
1406 2016 1624 2077 εἰκότως
1656 2014 1725 2067 ἂν
1756 2015 1828 2077 ὡς
1853 2027 1968 2068 1124

205 2101 583 2170 ἁμαρτάνοντα
631 2100 930 2168 διέβαλλεν.
1001 2101 1029 2154 ὃ
1075 2099 1135 2154 δὲ
1182 2102 1394 2154 τούτων
1438 2099 1546 2172 μὲν.
1585 2102 1879 2172 οὐδέτερον

204 2191 312 2257 ἔχει
367 2189 673 2257 δεικνύναι,
718 2199 915 2251 κοινῶς
970 2187 1030 2242 δὲ
1085 2191 1367 2258 διαβάλλει
1421 2191 1521 2258 τὴν
1567 2191 1880 2259 παθητικὴν

206 2278 507 2344 διάλεκτον,
548 2273 719 2329 οὖσαν
759 2277 1201 2346 ἐπιτηδειοτάτην
1240 2280 1317 2341 εἰς
1354 2282 1669 2341 πολιτικοὺς
1706 2298 1879 2348 παρα-

325 2468 346 2505 1
382 2462 430 2505 cf
456 2463 704 2508 Aeschines
736 2465 800 2508 ΠΙ
834 2470 917 2508 229
955 2467 1019 2509 III
1051 2471 1135 2511 166

327 2613 349 2650 1
383 2606 481 2651 τότε
515 2609 550 2651 Β
581 2611 585 2665 Ι
613 2609 869 2667 περιέρχοις
899 2612 936 2654 Β
1058 2619 1082 2656 2
1114 2613 1214 2657 τότε
1246 2614 1283 2656 Β
1376 2618 1400 2656 9
1435 2612 1482 2656 εἴ
1506 2628 1555 2668 γε
1582 2612 1876 2669 Sylburgius:

207 2665 297 2710 εἴτε
384 2671 437 2709 13
463 2666 607 2722 μόνον
624 2669 679 2711 P:
706 2669 845 2723 μόνος
862 2671 953 2713 ΜΒ
984 2674 988 2727 Ι
1016 2672 1303 2728 ἀπαιτοῦμεν
1327 2671 1562 2716 Reiskius:
1595 2670 1876 2726 ἐπαινοῦμεν

330 2730 379 2768 17
408 2722 529 2768 ”σται
554 2726 588 2768 Ρ
665 2732 719 2769 18
754 2726 902 2784 ἀκοὴὶ)
933 2729 960 2784 ἡ
995 2731 1088 2773 add
1113 2731 1293 2787 Krfiger
1320 2732 1326 2788 Ι
1353 2728 1684 2785 πικραίνεσθαι
1701 2757 1755 2762 -
1773 2747 1877 2773 και-

208 2783 292 2838 ρὸν
330 2791 383 2841 τῇ
426 2797 499 2827 om
536 2784 572 2826 B
739 2790 793 2828 20
847 2790 954 2842 post
995 2791 1230 2845 χρώμενον
1261 2790 1297 2832 Β
1367 2789 1510 2832 habet
1540 2787 1664 2832 ἀπέ·
1708 2788 1876 2832 deinde

208 2842 353 2886 uerba
379 2839 447 2893 οἷς
471 2840 678 2898 πέφυκεν
695 2870 750 2875 ——
769 2843 988 2904 διαλέκτῳ
1013 2849 1249 2903 χρώμενον
1273 2850 1544 2904 repetuntur
1571 2849 1576 2903 Ι
1604 2845 1878 2892 ἀπεδείκνυ-

206 2916 291 2956 μεν
322 2900 358 2943 Β
452 2906 505 2944 23
539 2899 775 2946 δείκνυται
807 2905 1047 2948 δεικνύναι
1077 2906 1113 2948 Β
