<?xml version="1.0" encoding="UTF-8"?>
<!DOCTYPE html PUBLIC "-//W3C//DTD XHTML 1.0 Transitional//EN"
    "http://www.w3.org/TR/xhtml1/DTD/xhtml1-transitional.dtd">
<html xmlns="http://www.w3.org/1999/xhtml" xml:lang="en" lang="en">
 <head>
  <title>
</title>
<meta http-equiv="Content-Type" content="text/html;charset=utf-8" />
  <meta name='ocr-system' content='tesseract 3.04.00' />
  <meta name='ocr-capabilities' content='ocr_page ocr_carea ocr_par ocr_line ocrx_word'/>
</head>
<body>
  <div class='ocr_page' id='page_1' title='image "./quaeexstant05dionuoft_0038.png"; bbox 0 0 1958 3192; ppageno 0'>
   <div class='ocr_carea' id='block_1_1' title="bbox 852 119 1257 162">
    <p class='ocr_par' dir='ltr' id='par_1_1' title="bbox 852 119 1257 162">
     <span class='ocr_line' id='line_1_1' title="bbox 852 119 1257 162; baseline -0.002 0"><span class='ocrx_word' id='word_1_1' title='bbox 852 147 909 151; x_wconf 96' lang='lat'><strong>—</strong></span> <span class='ocrx_word' id='word_1_2' title='bbox 970 119 1139 162; x_wconf 88' lang='lat' dir='ltr'>XXXII</span> <span class='ocrx_word' id='word_1_3' title='bbox 1199 145 1257 150; x_wconf 92' lang='lat'><strong>—</strong></span> 
     </span>
    </p>
   </div>
   <div class='ocr_carea' id='block_1_2' title="bbox 205 251 1887 1030">
    <p class='ocr_par' dir='ltr' id='par_1_2' title="bbox 205 251 1887 759">
     <span class='ocr_line' id='line_1_2' title="bbox 205 251 1887 326; baseline -0.003 -17"><span class='ocrx_word' id='word_1_4' title='bbox 205 258 399 326; x_wconf 81' lang='lat' dir='ltr'>tinent3</span> <span class='ocrx_word' id='word_1_5' title='bbox 425 256 647 308; x_wconf 90' lang='lat' dir='ltr'>eundem</span> <span class='ocrx_word' id='word_1_6' title='bbox 673 255 838 308; x_wconf 84' lang='lat' dir='ltr'>codex</span> <span class='ocrx_word' id='word_1_7' title='bbox 863 253 1142 307; x_wconf 89' lang='lat' dir='ltr'>Octauiani</span> <span class='ocrx_word' id='word_1_8' title='bbox 1163 252 1394 306; x_wconf 88' lang='lat' dir='ltr'>Ferrarii</span> <span class='ocrx_word' id='word_1_9' title='bbox 1417 270 1558 305; x_wconf 94' lang='lat' dir='ltr'>nunc</span> <span class='ocrx_word' id='word_1_10' title='bbox 1580 251 1887 305; x_wconf 84' lang='lat' dir='ltr'>Ambrosia-</span> 
     </span>
     <span class='ocr_line' id='line_1_3' title="bbox 205 340 1886 413; baseline -0.004 -15"><span class='ocrx_word' id='word_1_11' title='bbox 205 363 306 398; x_wconf 89' lang='lat' dir='ltr'>nus</span> <span class='ocrx_word' id='word_1_12' title='bbox 325 345 400 396; x_wconf 70' lang='lat' dir='ltr'>‘M</span> <span class='ocrx_word' id='word_1_13' title='bbox 415 345 483 397; x_wconf 79' lang='lat'>92</span> <span class='ocrx_word' id='word_1_14' title='bbox 517 344 650 412; x_wconf 62' lang='lat' dir='ltr'>sup?</span> <span class='ocrx_word' id='word_1_15' title='bbox 699 343 936 413; x_wconf 76' lang='lat' dir='ltr'>syllegae</span> <span class='ocrx_word' id='word_1_16' title='bbox 967 342 1242 394; x_wconf 89' lang='lat' dir='ltr'>rhetorum</span> <span class='ocrx_word' id='word_1_17' title='bbox 1273 359 1301 394; x_wconf 88' lang='lat' dir='ltr'>e</span> <span class='ocrx_word' id='word_1_18' title='bbox 1333 341 1509 394; x_wconf 88' lang='lat' dir='ltr'>codice</span> <span class='ocrx_word' id='word_1_19' title='bbox 1532 340 1775 394; x_wconf 83' lang='lat' dir='ltr'>Parisino</span> <span class='ocrx_word' id='word_1_20' title='bbox 1801 340 1886 392; x_wconf 89' lang='lat' dir='ltr'>de-</span> 
     </span>
     <span class='ocr_line' id='line_1_4' title="bbox 206 429 1884 501; baseline -0.002 -16"><span class='ocrx_word' id='word_1_21' title='bbox 206 433 393 486; x_wconf 90' lang='lat' dir='ltr'>ductae</span> <span class='ocrx_word' id='word_1_22' title='bbox 418 433 724 501; x_wconf 73' lang='lat' dir='ltr'>interponit,</span> <span class='ocrx_word' id='word_1_23' title='bbox 754 435 972 500; x_wconf 86' lang='lat' dir='ltr'>propter</span> <span class='ocrx_word' id='word_1_24' title='bbox 1004 429 1303 500; x_wconf 88' lang='lat' dir='ltr'>argumenti</span> <span class='ocrx_word' id='word_1_25' title='bbox 1335 429 1737 482; x_wconf 89' lang='lat' dir='ltr'>similitudinem</span> <span class='ocrx_word' id='word_1_26' title='bbox 1764 449 1884 482; x_wconf 93' lang='lat' dir='ltr'>cum</span> 
     </span>
     <span class='ocr_line' id='line_1_5' title="bbox 206 517 1886 590; baseline -0.001 -17"><span class='ocrx_word' id='word_1_27' title='bbox 206 521 436 590; x_wconf 72' lang='lat' dir='ltr'>epistula</span> <span class='ocrx_word' id='word_1_28' title='bbox 475 521 536 573; x_wconf 89' lang='lat' dir='ltr'>de</span> <span class='ocrx_word' id='word_1_29' title='bbox 569 521 731 572; x_wconf 89' lang='lat' dir='ltr'>Thuc.</span> <span class='ocrx_word' id='word_1_30' title='bbox 771 518 1038 572; x_wconf 88' lang='lat' dir='ltr'>idiomatis</span> <span class='ocrx_word' id='word_1_31' title='bbox 1071 518 1427 570; x_wconf 88' lang='lat' dir='ltr'>coniunctum.</span> <span class='ocrx_word' id='word_1_32' title='bbox 1480 517 1786 587; x_wconf 84' lang='lat' dir='ltr'>Epistulam</span> <span class='ocrx_word' id='word_1_33' title='bbox 1819 518 1886 571; x_wconf 88' lang='lat' dir='ltr'>ad</span> 
     </span>
     <span class='ocr_line' id='line_1_6' title="bbox 206 605 1884 679; baseline -0.001 -18"><span class='ocrx_word' id='word_1_34' title='bbox 206 607 521 662; x_wconf 92' lang='lat' dir='ltr'>Ammaeum</span> <span class='ocrx_word' id='word_1_35' title='bbox 563 607 635 679; x_wconf 89' lang='lat' dir='ltr'>(p.</span> <span class='ocrx_word' id='word_1_36' title='bbox 676 607 781 660; x_wconf 80' lang='lat'>257</span> <span class='ocrx_word' id='word_1_37' title='bbox 810 605 947 677; x_wconf 90' lang='lat' dir='ltr'>sqq.)</span> <span class='ocrx_word' id='word_1_38' title='bbox 995 606 1159 659; x_wconf 89' lang='lat' dir='ltr'>codex</span> <span class='ocrx_word' id='word_1_39' title='bbox 1196 605 1513 659; x_wconf 87' lang='lat' dir='ltr'>Parisiensis</span> <span class='ocrx_word' id='word_1_40' title='bbox 1556 606 1697 658; x_wconf 80' lang='grc'>1743</span> <span class='ocrx_word' id='word_1_41' title='bbox 1738 625 1884 676; x_wconf 89' lang='lat' dir='ltr'>sepa-</span> 
     </span>
     <span class='ocr_line' id='line_1_7' title="bbox 205 697 881 759; baseline 0.001 -10"><span class='ocrx_word' id='word_1_42' title='bbox 205 700 376 749; x_wconf 81' lang='lat' dir='ltr'>ratam</span> <span class='ocrx_word' id='word_1_43' title='bbox 414 697 591 750; x_wconf 85' lang='lat' dir='ltr'>tradit.</span> <span class='ocrx_word' id='word_1_44' title='bbox 878 758 881 759; x_wconf 12' lang='lat'><em>7</em></span> 
     </span>
    </p>

    <p class='ocr_par' dir='ltr' id='par_1_3' title="bbox 205 782 1884 1030">
     <span class='ocr_line' id='line_1_8' title="bbox 315 782 1882 852; baseline 0 -15"><span class='ocrx_word' id='word_1_45' title='bbox 315 785 554 838; x_wconf 87' lang='lat' dir='ltr'>Pertinet</span> <span class='ocrx_word' id='word_1_46' title='bbox 614 785 718 838; x_wconf 87' lang='lat' dir='ltr'>huc</span> <span class='ocrx_word' id='word_1_47' title='bbox 780 784 939 836; x_wconf 87' lang='lat' dir='ltr'>etiam</span> <span class='ocrx_word' id='word_1_48' title='bbox 998 782 1183 835; x_wconf 88' lang='lat' dir='ltr'>iudicii</span> <span class='ocrx_word' id='word_1_49' title='bbox 1244 782 1306 834; x_wconf 89' lang='lat' dir='ltr'>de</span> <span class='ocrx_word' id='word_1_50' title='bbox 1356 782 1664 852; x_wconf 81' lang='lat' dir='ltr'>Thucydide</span> <span class='ocrx_word' id='word_1_51' title='bbox 1720 785 1882 838; x_wconf 86' lang='lat' dir='ltr'>editio</span> 
     </span>
     <span class='ocr_line' id='line_1_9' title="bbox 207 871 1884 940; baseline 0 -16"><span class='ocrx_word' id='word_1_52' title='bbox 207 872 404 925; x_wconf 86' lang='lat' dir='ltr'>Aldina</span> <span class='ocrx_word' id='word_1_53' title='bbox 442 873 566 924; x_wconf 92' lang='lat' dir='ltr'>anni</span> <span class='ocrx_word' id='word_1_54' title='bbox 605 871 858 940; x_wconf 83' lang='lat' dir='ltr'>MDLIX,</span> <span class='ocrx_word' id='word_1_55' title='bbox 909 875 1018 923; x_wconf 84' lang='lat' dir='ltr'>tam</span> <span class='ocrx_word' id='word_1_56' title='bbox 1065 889 1184 922; x_wconf 88' lang='lat' dir='ltr'>rara</span> <span class='ocrx_word' id='word_1_57' title='bbox 1229 873 1290 923; x_wconf 89' lang='lat' dir='ltr'>ut</span> <span class='ocrx_word' id='word_1_58' title='bbox 1328 871 1416 923; x_wconf 92' lang='lat' dir='ltr'>uel</span> <span class='ocrx_word' id='word_1_59' title='bbox 1453 871 1757 925; x_wconf 87' lang='lat' dir='ltr'>Renouardi</span> <span class='ocrx_word' id='word_1_60' title='bbox 1797 891 1884 924; x_wconf 86' lang='lat' dir='ltr'>an-</span> 
     </span>
     <span class='ocr_line' id='line_1_10' title="bbox 205 957 1883 1030; baseline -0.001 -17"><span class='ocrx_word' id='word_1_61' title='bbox 205 962 406 1013; x_wconf 89' lang='lat' dir='ltr'>nalium</span> <span class='ocrx_word' id='word_1_62' title='bbox 446 961 800 1030; x_wconf 91' lang='lat' dir='ltr'>typographei</span> <span class='ocrx_word' id='word_1_63' title='bbox 838 958 1022 1012; x_wconf 90' lang='lat' dir='ltr'>Aldini</span> <span class='ocrx_word' id='word_1_64' title='bbox 1065 959 1341 1028; x_wconf 88' lang='lat' dir='ltr'>scriptoris</span> <span class='ocrx_word' id='word_1_65' title='bbox 1382 957 1522 1030; x_wconf 89' lang='lat' dir='ltr'>(Par.</span> <span class='ocrx_word' id='word_1_66' title='bbox 1565 959 1730 1030; x_wconf 77' lang='lat'>1803)</span> <span class='ocrx_word' id='word_1_67' title='bbox 1771 979 1883 1013; x_wconf 91' lang='lat' dir='ltr'>eru-</span> 
     </span>
    </p>
   </div>
   <div class='ocr_carea' id='block_1_3' title="bbox 206 1047 1883 1118">
    <p class='ocr_par' dir='ltr' id='par_1_4' title="bbox 206 1047 1958 1132">
     <span class='ocr_line' id='line_1_11' title="bbox 206 1047 1883 1118; baseline -0.001 -16"><span class='ocrx_word' id='word_1_68' title='bbox 206 1050 462 1102; x_wconf 91' lang='lat' dir='ltr'>ditionem</span> <span class='ocrx_word' id='word_1_69' title='bbox 501 1067 562 1101; x_wconf 90' lang='lat' dir='ltr'>ac</span> <span class='ocrx_word' id='word_1_70' title='bbox 602 1049 935 1118; x_wconf 81' lang='lat' dir='ltr'>diligentiam</span> <span class='ocrx_word' id='word_1_71' title='bbox 974 1048 1187 1117; x_wconf 86' lang='lat' dir='ltr'>fugerit.</span> <span class='ocrx_word' id='word_1_72' title='bbox 1251 1047 1353 1100; x_wconf 94' lang='lat' dir='ltr'>duo</span> <span class='ocrx_word' id='word_1_73' title='bbox 1394 1048 1642 1100; x_wconf 84' lang='lat' dir='ltr'>editionis</span> <span class='ocrx_word' id='word_1_74' title='bbox 1682 1049 1883 1101; x_wconf 85' lang='lat' dir='ltr'>rarissi-</span> 
     </span>
    </p>
   </div>
   <div class='ocr_carea' id='block_1_4' title="bbox 209 1136 1883 1206">
    <p class='ocr_par' dir='ltr' id='par_1_5' title="bbox 209 1136 1883 1206">
     <span class='ocr_line' id='line_1_12' title="bbox 209 1136 1883 1206; baseline 0.001 -17"><span class='ocrx_word' id='word_1_75' title='bbox 209 1156 326 1189; x_wconf 87' lang='lat' dir='ltr'>mae</span> <span class='ocrx_word' id='word_1_76' title='bbox 373 1138 567 1206; x_wconf 89' lang='lat' dir='ltr'>quippe</span> <span class='ocrx_word' id='word_1_77' title='bbox 617 1156 908 1206; x_wconf 89' lang='lat' dir='ltr'>numquam</span> <span class='ocrx_word' id='word_1_78' title='bbox 946 1137 1210 1206; x_wconf 82' lang='lat' dir='ltr'>perfectae</span> <span class='ocrx_word' id='word_1_79' title='bbox 1257 1154 1426 1205; x_wconf 88' lang='lat' dir='ltr'>neque</span> <span class='ocrx_word' id='word_1_80' title='bbox 1472 1136 1684 1204; x_wconf 88' lang='lat' dir='ltr'>publice</span> <span class='ocrx_word' id='word_1_81' title='bbox 1732 1138 1883 1190; x_wconf 91' lang='lat' dir='ltr'>emis-</span> 
     </span>
    </p>
   </div>
   <div class='ocr_carea' id='block_1_5' title="bbox 203 1223 1958 1382">
    <p class='ocr_par' dir='ltr' id='par_1_6' title="bbox 203 1223 1958 1382">
     <span class='ocr_line' id='line_1_13' title="bbox 203 1223 1958 1295; baseline -0.001 -18"><span class='ocrx_word' id='word_1_82' title='bbox 203 1244 290 1278; x_wconf 88' lang='lat' dir='ltr'>sae</span> <span class='ocrx_word' id='word_1_83' title='bbox 331 1226 572 1294; x_wconf 85' lang='lat' dir='ltr'>exempla</span> <span class='ocrx_word' id='word_1_84' title='bbox 621 1226 773 1295; x_wconf 90' lang='lat' dir='ltr'>noui,</span> <span class='ocrx_word' id='word_1_85' title='bbox 827 1244 994 1278; x_wconf 91' lang='lat' dir='ltr'>unum</span> <span class='ocrx_word' id='word_1_86' title='bbox 1032 1225 1087 1277; x_wconf 91' lang='lat' dir='ltr'>in</span> <span class='ocrx_word' id='word_1_87' title='bbox 1140 1224 1483 1294; x_wconf 83' lang='lat' dir='ltr'>bybliotheca</span> <span class='ocrx_word' id='word_1_88' title='bbox 1514 1223 1883 1295; x_wconf 84' lang='lat' dir='ltr'>Ambrosiana,</span> <span class='ocrx_word' id='word_1_89' title='bbox 1955 1251 1958 1293; x_wconf 63' lang='lat'>3</span> 
     </span>
     <span class='ocr_line' id='line_1_14' title="bbox 203 1313 1958 1382; baseline 0.001 -16"><span class='ocrx_word' id='word_1_90' title='bbox 203 1314 428 1366; x_wconf 89' lang='lat' dir='ltr'>alterum</span> <span class='ocrx_word' id='word_1_91' title='bbox 475 1315 530 1366; x_wconf 92' lang='lat' dir='ltr'>in</span> <span class='ocrx_word' id='word_1_92' title='bbox 569 1313 858 1367; x_wconf 88' lang='lat' dir='ltr'>Parisiensi</span> <span class='ocrx_word' id='word_1_93' title='bbox 903 1314 1173 1367; x_wconf 88' lang='lat' dir='ltr'>nationali.</span> <span class='ocrx_word' id='word_1_94' title='bbox 1251 1314 1390 1365; x_wconf 83' lang='lat' dir='ltr'>inter</span> <span class='ocrx_word' id='word_1_95' title='bbox 1439 1314 1618 1382; x_wconf 89' lang='lat' dir='ltr'>copias</span> <span class='ocrx_word' id='word_1_96' title='bbox 1657 1313 1883 1367; x_wconf 88' lang='lat' dir='ltr'>Ambro-</span> <span class='ocrx_word' id='word_1_97' title='bbox 1952 1345 1958 1367; x_wconf 62' lang='grc' dir='ltr'><strong><em>ι</em></strong></span> 
     </span>
    </p>
   </div>
   <div class='ocr_carea' id='block_1_6' title="bbox 203 1402 1883 1560">
    <p class='ocr_par' dir='ltr' id='par_1_7' title="bbox 203 1402 1883 1560">
     <span class='ocr_line' id='line_1_15' title="bbox 203 1402 1883 1472; baseline 0.001 -18"><span class='ocrx_word' id='word_1_98' title='bbox 203 1403 377 1454; x_wconf 84' lang='grc'>3131133</span> <span class='ocrx_word' id='word_1_99' title='bbox 432 1403 595 1455; x_wconf 84' lang='lat' dir='ltr'>codex</span> <span class='ocrx_word' id='word_1_100' title='bbox 657 1406 737 1455; x_wconf 87' lang='lat' dir='ltr'>est</span> <span class='ocrx_word' id='word_1_101' title='bbox 790 1421 1010 1472; x_wconf 85' lang='lat' dir='ltr'>graecus</span> <span class='ocrx_word' id='word_1_102' title='bbox 1071 1402 1440 1455; x_wconf 88' lang='lat' dir='ltr'>miscellaneus</span> <span class='ocrx_word' id='word_1_103' title='bbox 1503 1402 1698 1455; x_wconf 87' lang='lat' dir='ltr'>saeculi</span> <span class='ocrx_word' id='word_1_104' title='bbox 1751 1402 1883 1456; x_wconf 93' lang='lat' dir='ltr'>XVI</span> 
     </span>
     <span class='ocr_line' id='line_1_16' title="bbox 205 1490 1881 1560; baseline 0.001 -18"><span class='ocrx_word' id='word_1_105' title='bbox 205 1491 272 1542; x_wconf 72' lang='lat' dir='ltr'>‘R</span> <span class='ocrx_word' id='word_1_106' title='bbox 300 1491 401 1542; x_wconf 84' lang='lat'>117</span> <span class='ocrx_word' id='word_1_107' title='bbox 437 1492 586 1560; x_wconf 83' lang='lat' dir='ltr'>sup.’,</span> <span class='ocrx_word' id='word_1_108' title='bbox 624 1492 680 1543; x_wconf 92' lang='lat' dir='ltr'>in</span> <span class='ocrx_word' id='word_1_109' title='bbox 719 1510 822 1560; x_wconf 92' lang='lat' dir='ltr'>quo</span> <span class='ocrx_word' id='word_1_110' title='bbox 857 1494 1113 1560; x_wconf 90' lang='lat' dir='ltr'>quattuor</span> <span class='ocrx_word' id='word_1_111' title='bbox 1142 1491 1326 1543; x_wconf 90' lang='lat' dir='ltr'>insunt</span> <span class='ocrx_word' id='word_1_112' title='bbox 1356 1490 1598 1542; x_wconf 89' lang='lat' dir='ltr'>fasciculi</span> <span class='ocrx_word' id='word_1_113' title='bbox 1628 1491 1881 1544; x_wconf 90' lang='lat' dir='ltr'>foliorum</span> 
     </span>
    </p>
   </div>
   <div class='ocr_carea' id='block_1_7' title="bbox 202 1577 1881 1829">
    <p class='ocr_par' dir='ltr' id='par_1_8' title="bbox 202 1577 1881 1829">
     <span class='ocr_line' id='line_1_17' title="bbox 205 1577 1881 1651; baseline 0.001 -21"><span class='ocrx_word' id='word_1_114' title='bbox 205 1582 580 1647; x_wconf 89' lang='lat' dir='ltr'>quaternorum</span> <span class='ocrx_word' id='word_1_115' title='bbox 644 1578 728 1650; x_wconf 83' lang='lat' dir='ltr'>(ie.</span> <span class='ocrx_word' id='word_1_116' title='bbox 778 1577 1044 1651; x_wconf 83' lang='lat' dir='ltr'>biniones)</span> <span class='ocrx_word' id='word_1_117' title='bbox 1116 1597 1301 1649; x_wconf 86' lang='lat' dir='ltr'>graece</span> <span class='ocrx_word' id='word_1_118' title='bbox 1362 1579 1630 1648; x_wconf 73' lang='lat' dir='ltr'>impressi,</span> <span class='ocrx_word' id='word_1_119' title='bbox 1690 1580 1881 1632; x_wconf 88' lang='lat' dir='ltr'>titulus</span> 
     </span>
     <span class='ocr_line' id='line_1_18' title="bbox 202 1666 1878 1740; baseline 0.001 -21"><span class='ocrx_word' id='word_1_120' title='bbox 202 1669 239 1719; x_wconf 87' lang='lat' dir='ltr'>f.</span> <span class='ocrx_word' id='word_1_121' title='bbox 269 1670 294 1719; x_wconf 92' lang='lat'>1</span> <span class='ocrx_word' id='word_1_122' title='bbox 322 1668 633 1736; x_wconf 86' lang='lat' dir='ltr'>praefigitur</span> <span class='ocrx_word' id='word_1_123' title='bbox 662 1668 770 1720; x_wconf 90' lang='lat' dir='ltr'>hic:</span> <span class='ocrx_word' id='word_1_124' title='bbox 809 1672 1250 1721; x_wconf 76' lang='grc' dir='ltr'><em>ΔΙΟΝΥΣΙΟΤ</em></span> <span class='ocrx_word' id='word_1_125' title='bbox 1281 1666 1286 1739; x_wconf 72' lang='lat' dir='ltr'>l</span> <span class='ocrx_word' id='word_1_126' title='bbox 1323 1667 1844 1727; x_wconf 76' lang='grc' dir='ltr'><em>ΑΛΕΞΑΝΔΡΟΤ</em></span> <span class='ocrx_word' id='word_1_127' title='bbox 1872 1667 1878 1740; x_wconf 63' lang='lat' dir='ltr'><strong>f</strong></span> 
     </span>
     <span class='ocr_line' id='line_1_19' title="bbox 204 1755 1876 1829; baseline 0.001 -22"><span class='ocrx_word' id='word_1_128' title='bbox 204 1755 905 1829; x_wconf 74' lang='grc' dir='ltr'><em>ΑΛΙΚΑΡΝΑΣΣΕΩΣΙ</em></span> <span class='ocrx_word' id='word_1_129' title='bbox 934 1760 1125 1809; x_wconf 91' lang='grc' dir='ltr'><em>ΠΕΡΙ</em></span> <span class='ocrx_word' id='word_1_130' title='bbox 1155 1760 1303 1809; x_wconf 76' lang='grc' dir='ltr'>ΤΟΥ</span> <span class='ocrx_word' id='word_1_131' title='bbox 1339 1759 1843 1809; x_wconf 76' lang='grc' dir='ltr'><em>ΘΟΤΚΤΔΙΔΟΥ</em></span> <span class='ocrx_word' id='word_1_132' title='bbox 1872 1755 1876 1828; x_wconf 62' lang='lat' dir='ltr'>fl</span> 
     </span>
    </p>
   </div>
   <div class='ocr_carea' id='block_1_8' title="bbox 1946 1301 1958 1694">
    <p class='ocr_par' dir='ltr' id='par_1_9' title="bbox 1946 1301 1958 1694">
     <span class='ocr_line' id='line_1_20' title="bbox 1948 1301 1958 1494; baseline 0 0"><span class='ocrx_word' id='word_1_133' title='bbox 1948 1301 1958 1494; x_wconf 73' lang='grc' dir='ltr'><em>ἑ</em></span> 
     </span>
     <span class='ocr_line' id='line_1_21' title="bbox 1946 1496 1958 1694; baseline 0 0"><span class='ocrx_word' id='word_1_134' title='bbox 1946 1496 1958 1694; x_wconf 74' lang='grc' dir='ltr'><em>ἕ</em></span> 
     </span>
    </p>
   </div>
   <div class='ocr_carea' id='block_1_9' title="bbox 1945 1703 1952 1732">
    <p class='ocr_par' dir='ltr' id='par_1_10' title="bbox 1945 1703 1952 1732">
     <span class='ocr_line' id='line_1_22' title="bbox 1945 1703 1952 1732; baseline 0 0"><span class='ocrx_word' id='word_1_135' title='bbox 1945 1703 1952 1732; x_wconf 72' lang='lat' dir='ltr'>l</span> 
     </span>
    </p>
   </div>
   <div class='ocr_carea' id='block_1_10' title="bbox 1943 1740 1951 1831">
    <p class='ocr_par' dir='ltr' id='par_1_11' title="bbox 1943 1740 1951 1831">
     <span class='ocr_line' id='line_1_23' title="bbox 1943 1740 1951 1831; baseline 0 0"><span class='ocrx_word' id='word_1_136' title='bbox 1943 1740 1951 1831; x_wconf 67' lang='grc' dir='ltr'>ξ</span> 
     </span>
    </p>
   </div>
   <div class='ocr_carea' id='block_1_11' title="bbox 202 1844 1882 1917">
    <p class='ocr_par' dir='ltr' id='par_1_12' title="bbox 202 1844 1948 1925">
     <span class='ocr_line' id='line_1_24' title="bbox 202 1844 1882 1917; baseline 0.011 -23"><span class='ocrx_word' id='word_1_137' title='bbox 202 1852 553 1914; x_wconf 76' lang='grc' dir='ltr'>χαρακτῆρος,</span> <span class='ocrx_word' id='word_1_138' title='bbox 585 1844 811 1899; x_wconf 76' lang='grc' dir='ltr'><em>καὶτῶν</em></span> <span class='ocrx_word' id='word_1_139' title='bbox 842 1851 1053 1899; x_wconf 80' lang='grc' dir='ltr'><strong><em>λοιπῶν</em></strong></span> <span class='ocrx_word' id='word_1_140' title='bbox 1083 1854 1182 1899; x_wconf 86' lang='grc' dir='ltr'>τοῦ</span> <span class='ocrx_word' id='word_1_141' title='bbox 1218 1844 1223 1917; x_wconf 91' lang='grc' dir='ltr'>Ι</span> <span class='ocrx_word' id='word_1_142' title='bbox 1260 1844 1626 1915; x_wconf 73' lang='grc' dir='ltr'><em>συγγραφέως</em></span> <span class='ocrx_word' id='word_1_143' title='bbox 1659 1846 1882 1915; x_wconf 68' lang='grc' dir='ltr'><em>ἶδιωμά-</em></span> 
     </span>
    </p>
   </div>
   <div class='ocr_carea' id='block_1_12' title="bbox 202 1933 1945 2003">
    <p class='ocr_par' dir='ltr' id='par_1_13' title="bbox 202 1933 1945 2003">
     <span class='ocr_line' id='line_1_25' title="bbox 202 1933 1945 2003; baseline 0.001 -19"><span class='ocrx_word' id='word_1_144' title='bbox 202 1950 333 1985; x_wconf 86' lang='grc' dir='ltr'><strong>των·</strong></span> <span class='ocrx_word' id='word_1_145' title='bbox 378 1933 393 2001; x_wconf 92' lang='grc' dir='ltr'>ΙΙ</span> <span class='ocrx_word' id='word_1_146' title='bbox 440 1934 678 2002; x_wconf 89' lang='lat' dir='ltr'>sequitur</span> <span class='ocrx_word' id='word_1_147' title='bbox 710 1935 921 2003; x_wconf 82' lang='lat' dir='ltr'>signum</span> <span class='ocrx_word' id='word_1_148' title='bbox 953 1934 1210 1987; x_wconf 88' lang='lat' dir='ltr'>Aldinum</span> <span class='ocrx_word' id='word_1_149' title='bbox 1250 1953 1442 1987; x_wconf 89' lang='lat' dir='ltr'>ancora</span> <span class='ocrx_word' id='word_1_150' title='bbox 1475 1953 1595 1986; x_wconf 92' lang='lat' dir='ltr'>cum</span> <span class='ocrx_word' id='word_1_151' title='bbox 1629 1933 1878 2002; x_wconf 88' lang='lat' dir='ltr'>delphino</span> <span class='ocrx_word' id='word_1_152' title='bbox 1941 1935 1945 1972; x_wconf 63' lang='grc' dir='ltr'><em>ἕ</em></span> 
     </span>
    </p>
   </div>
   <div class='ocr_carea' id='block_1_13' title="bbox 203 2021 1958 2093">
    <p class='ocr_par' dir='ltr' id='par_1_14' title="bbox 203 2021 1958 2093">
     <span class='ocr_line' id='line_1_26' title="bbox 203 2021 1958 2093; baseline 0.001 -21"><span class='ocrx_word' id='word_1_153' title='bbox 203 2021 576 2089; x_wconf 88' lang='lat' dir='ltr'>interpositum</span> <span class='ocrx_word' id='word_1_154' title='bbox 630 2024 833 2075; x_wconf 90' lang='lat' dir='ltr'>nomini</span> <span class='ocrx_word' id='word_1_155' title='bbox 888 2027 993 2076; x_wconf 83' lang='lat' dir='ltr'>AA</span> <span class='ocrx_word' id='word_1_156' title='bbox 1045 2027 1226 2093; x_wconf 87' lang='grc' dir='ltr'>ΛΟΣ,</span> <span class='ocrx_word' id='word_1_157' title='bbox 1273 2023 1412 2075; x_wconf 86' lang='lat' dir='ltr'>infra</span> <span class='ocrx_word' id='word_1_158' title='bbox 1462 2022 1660 2092; x_wconf 87' lang='lat' dir='ltr'>legitur</span> <span class='ocrx_word' id='word_1_159' title='bbox 1705 2025 1881 2074; x_wconf 89' lang='lat' dir='ltr'><em>ENE-</em></span> <span class='ocrx_word' id='word_1_160' title='bbox 1939 2032 1958 2060; x_wconf 42' lang='grc' dir='ltr'>ι’</span> 
     </span>
    </p>
   </div>
   <div class='ocr_carea' id='block_1_14' title="bbox 211 2110 1939 2180">
    <p class='ocr_par' dir='ltr' id='par_1_15' title="bbox 211 2110 1939 2180">
     <span class='ocr_line' id='line_1_27' title="bbox 211 2110 1939 2180; baseline -0.001 -17"><span class='ocrx_word' id='word_1_161' title='bbox 211 2113 502 2177; x_wconf 88' lang='grc' dir='ltr'>ΤΙΗΣΙΝ,</span> <span class='ocrx_word' id='word_1_162' title='bbox 541 2110 802 2178; x_wconf 78' lang='grc' dir='ltr'>Α,ΦΝΘ’.</span> <span class='ocrx_word' id='word_1_163' title='bbox 833 2111 849 2180; x_wconf 80' lang='grc' dir='ltr'>ΙΙ</span> <span class='ocrx_word' id='word_1_164' title='bbox 879 2113 1040 2180; x_wconf 91' lang='lat' dir='ltr'>primi</span> <span class='ocrx_word' id='word_1_165' title='bbox 1072 2112 1307 2164; x_wconf 90' lang='lat' dir='ltr'>binionis</span> <span class='ocrx_word' id='word_1_166' title='bbox 1345 2111 1475 2164; x_wconf 83' lang='lat' dir='ltr'>folia</span> <span class='ocrx_word' id='word_1_167' title='bbox 1507 2110 1795 2163; x_wconf 91' lang='lat' dir='ltr'>secundum</span> <span class='ocrx_word' id='word_1_168' title='bbox 1828 2114 1880 2162; x_wconf 89' lang='lat' dir='ltr'>et</span> <span class='ocrx_word' id='word_1_169' title='bbox 1937 2125 1939 2129; x_wconf 85' lang='grc'><strong>’</strong></span> 
     </span>
    </p>
   </div>
   <div class='ocr_carea' id='block_1_15' title="bbox 203 2197 1881 2269">
    <p class='ocr_par' dir='ltr' id='par_1_16' title="bbox 203 2197 1881 2269">
     <span class='ocr_line' id='line_1_28' title="bbox 203 2197 1881 2269; baseline 0 -19"><span class='ocrx_word' id='word_1_170' title='bbox 203 2198 419 2250; x_wconf 80' lang='lat' dir='ltr'>tertium</span> <span class='ocrx_word' id='word_1_171' title='bbox 469 2197 783 2265; x_wconf 85' lang='lat' dir='ltr'>praefationi</span> <span class='ocrx_word' id='word_1_172' title='bbox 824 2203 1031 2252; x_wconf 88' lang='lat' dir='ltr'>seruata</span> <span class='ocrx_word' id='word_1_173' title='bbox 1085 2201 1300 2269; x_wconf 86' lang='lat' dir='ltr'>desunt,</span> <span class='ocrx_word' id='word_1_174' title='bbox 1353 2200 1408 2251; x_wconf 91' lang='lat' dir='ltr'>in</span> <span class='ocrx_word' id='word_1_175' title='bbox 1458 2202 1646 2268; x_wconf 91' lang='lat' dir='ltr'>quarto</span> <span class='ocrx_word' id='word_1_176' title='bbox 1693 2198 1881 2267; x_wconf 89' lang='lat' dir='ltr'>incipit</span> 
     </span>
    </p>
   </div>
   <div class='ocr_carea' id='block_1_16' title="bbox 204 2285 1958 2357">
    <p class='ocr_par' dir='ltr' id='par_1_17' title="bbox 204 2285 1958 2357">
     <span class='ocr_line' id='line_1_29' title="bbox 204 2285 1958 2357; baseline 0 -19"><span class='ocrx_word' id='word_1_177' title='bbox 204 2285 456 2338; x_wconf 90' lang='lat' dir='ltr'>iudicium</span> <span class='ocrx_word' id='word_1_178' title='bbox 497 2285 559 2336; x_wconf 90' lang='lat' dir='ltr'>de</span> <span class='ocrx_word' id='word_1_179' title='bbox 591 2285 754 2338; x_wconf 86' lang='lat' dir='ltr'>Thuc.</span> <span class='ocrx_word' id='word_1_180' title='bbox 795 2288 994 2357; x_wconf 90' lang='lat' dir='ltr'>eodem,</span> <span class='ocrx_word' id='word_1_181' title='bbox 1035 2289 1126 2357; x_wconf 91' lang='lat' dir='ltr'>qui</span> <span class='ocrx_word' id='word_1_182' title='bbox 1166 2289 1221 2340; x_wconf 90' lang='lat' dir='ltr'>in</span> <span class='ocrx_word' id='word_1_183' title='bbox 1261 2289 1439 2340; x_wconf 86' lang='lat' dir='ltr'>fronte</span> <span class='ocrx_word' id='word_1_184' title='bbox 1471 2287 1682 2356; x_wconf 86' lang='lat' dir='ltr'>legitur,</span> <span class='ocrx_word' id='word_1_185' title='bbox 1719 2286 1878 2339; x_wconf 87' lang='lat' dir='ltr'>titulo</span> <span class='ocrx_word' id='word_1_186' title='bbox 1955 2285 1958 2318; x_wconf 76' lang='lat'><em>÷</em></span> 
     </span>
    </p>
   </div>
   <div class='ocr_carea' id='block_1_17' title="bbox 201 2372 1879 2974">
    <p class='ocr_par' dir='ltr' id='par_1_18' title="bbox 201 2372 1879 2974">
     <span class='ocr_line' id='line_1_30' title="bbox 201 2372 1878 2445; baseline 0.002 -21"><span class='ocrx_word' id='word_1_187' title='bbox 201 2373 519 2442; x_wconf 88' lang='lat' dir='ltr'>praeposito.</span> <span class='ocrx_word' id='word_1_188' title='bbox 594 2372 718 2426; x_wconf 89' lang='lat' dir='ltr'>hinc</span> <span class='ocrx_word' id='word_1_189' title='bbox 758 2377 1134 2429; x_wconf 86' lang='lat' dir='ltr'>commentatio</span> <span class='ocrx_word' id='word_1_190' title='bbox 1173 2377 1424 2445; x_wconf 87' lang='lat' dir='ltr'>Dionysii</span> <span class='ocrx_word' id='word_1_191' title='bbox 1463 2375 1673 2427; x_wconf 87' lang='lat' dir='ltr'>ducitur</span> <span class='ocrx_word' id='word_1_192' title='bbox 1711 2393 1878 2444; x_wconf 88' lang='lat' dir='ltr'>usque</span> 
     </span>
     <span class='ocr_line' id='line_1_31' title="bbox 205 2462 1878 2533; baseline 0.002 -21"><span class='ocrx_word' id='word_1_193' title='bbox 205 2462 270 2513; x_wconf 89' lang='lat' dir='ltr'>ad</span> <span class='ocrx_word' id='word_1_194' title='bbox 301 2462 336 2512; x_wconf 89' lang='lat' dir='ltr'>f.</span> <span class='ocrx_word' id='word_1_195' title='bbox 376 2463 471 2513; x_wconf 81' lang='lat' dir='ltr'>16V</span> <span class='ocrx_word' id='word_1_196' title='bbox 512 2464 805 2513; x_wconf 85' lang='lat' dir='ltr'>extremum</span> <span class='ocrx_word' id='word_1_197' title='bbox 847 2464 1144 2533; x_wconf 88' lang='lat' dir='ltr'>desinitque</span> <span class='ocrx_word' id='word_1_198' title='bbox 1184 2466 1239 2517; x_wconf 92' lang='lat' dir='ltr'>in</span> <span class='ocrx_word' id='word_1_199' title='bbox 1270 2465 1435 2517; x_wconf 83' lang='lat' dir='ltr'>uerba</span> <span class='ocrx_word' id='word_1_200' title='bbox 1471 2483 1520 2532; x_wconf 92' lang='lat' dir='ltr'>p.</span> <span class='ocrx_word' id='word_1_201' title='bbox 1553 2463 1676 2533; x_wconf 84' lang='lat'>363,</span> <span class='ocrx_word' id='word_1_202' title='bbox 1716 2463 1747 2515; x_wconf 83' lang='lat'>6</span> <span class='ocrx_word' id='word_1_203' title='bbox 1787 2463 1878 2516; x_wconf 80' lang='grc' dir='ltr'>καὶ</span> 
     </span>
     <span class='ocr_line' id='line_1_32' title="bbox 201 2548 1878 2622; baseline 0.001 -20"><span class='ocrx_word' id='word_1_204' title='bbox 201 2550 376 2602; x_wconf 80' lang='grc' dir='ltr'><em>πολλὰ</em></span> <span class='ocrx_word' id='word_1_205' title='bbox 416 2548 752 2602; x_wconf 73' lang='grc' dir='ltr'>συντιθέναι.</span> <span class='ocrx_word' id='word_1_206' title='bbox 828 2550 941 2603; x_wconf 85' lang='grc'>13111</span> <span class='ocrx_word' id='word_1_207' title='bbox 980 2553 1185 2622; x_wconf 88' lang='lat' dir='ltr'>reliqua</span> <span class='ocrx_word' id='word_1_208' title='bbox 1223 2557 1284 2605; x_wconf 92' lang='lat' dir='ltr'>ut</span> <span class='ocrx_word' id='word_1_209' title='bbox 1323 2552 1605 2622; x_wconf 89' lang='lat' dir='ltr'>suppleret,</span> <span class='ocrx_word' id='word_1_210' title='bbox 1643 2552 1727 2603; x_wconf 89' lang='lat' dir='ltr'>uir</span> <span class='ocrx_word' id='word_1_211' title='bbox 1766 2553 1878 2620; x_wconf 91' lang='lat' dir='ltr'>qui-</span> 
     </span>
     <span class='ocr_line' id='line_1_33' title="bbox 203 2637 1879 2708; baseline 0.002 -18"><span class='ocrx_word' id='word_1_212' title='bbox 203 2638 323 2690; x_wconf 89' lang='lat' dir='ltr'>dam</span> <span class='ocrx_word' id='word_1_213' title='bbox 365 2637 549 2688; x_wconf 86' lang='lat' dir='ltr'>doctus</span> <span class='ocrx_word' id='word_1_214' title='bbox 590 2638 645 2688; x_wconf 90' lang='lat' dir='ltr'>in</span> <span class='ocrx_word' id='word_1_215' title='bbox 685 2638 882 2690; x_wconf 87' lang='lat' dir='ltr'>chartis</span> <span class='ocrx_word' id='word_1_216' title='bbox 923 2641 1140 2693; x_wconf 87' lang='lat' dir='ltr'>adiectis</span> <span class='ocrx_word' id='word_1_217' title='bbox 1179 2640 1365 2694; x_wconf 88' lang='lat' dir='ltr'>XVIII</span> <span class='ocrx_word' id='word_1_218' title='bbox 1404 2641 1524 2693; x_wconf 89' lang='lat' dir='ltr'>inde</span> <span class='ocrx_word' id='word_1_219' title='bbox 1572 2659 1602 2691; x_wconf 89' lang='lat' dir='ltr'>a</span> <span class='ocrx_word' id='word_1_220' title='bbox 1639 2658 1687 2691; x_wconf 90' lang='grc'>11.</span> <span class='ocrx_word' id='word_1_221' title='bbox 1730 2639 1879 2708; x_wconf 75' lang='grc' dir='ltr'><em>ἐκδη-</em></span> 
     </span>
     <span class='ocr_line' id='line_1_34' title="bbox 202 2721 1876 2799; baseline 0.001 -21"><span class='ocrx_word' id='word_1_222' title='bbox 202 2728 400 2778; x_wconf 80' lang='grc' dir='ltr'><em>λότατα</em></span> <span class='ocrx_word' id='word_1_223' title='bbox 447 2721 506 2776; x_wconf 74' lang='grc' dir='ltr'>δὲ</span> <span class='ocrx_word' id='word_1_224' title='bbox 556 2725 726 2777; x_wconf 82' lang='grc' dir='ltr'><em>αὐτοῦ</em></span> <span class='ocrx_word' id='word_1_225' title='bbox 765 2725 855 2778; x_wconf 82' lang='grc' dir='ltr'>καὶ</span> <span class='ocrx_word' id='word_1_226' title='bbox 895 2731 1333 2797; x_wconf 78' lang='grc' dir='ltr'><em>χαρακτικώτατά</em></span> <span class='ocrx_word' id='word_1_227' title='bbox 1373 2729 1484 2782; x_wconf 80' lang='grc' dir='ltr'><em>ἐστι</em></span> <span class='ocrx_word' id='word_1_228' title='bbox 1537 2726 1608 2799; x_wconf 85' lang='lat' dir='ltr'>(p.</span> <span class='ocrx_word' id='word_1_229' title='bbox 1649 2727 1778 2792; x_wconf 86' lang='grc'>363,</span> <span class='ocrx_word' id='word_1_230' title='bbox 1817 2727 1876 2798; x_wconf 78' lang='lat'>4)</span> 
     </span>
     <span class='ocr_line' id='line_1_35' title="bbox 202 2813 1875 2887; baseline 0.001 -21"><span class='ocrx_word' id='word_1_231' title='bbox 202 2831 369 2882; x_wconf 85' lang='lat' dir='ltr'>usque</span> <span class='ocrx_word' id='word_1_232' title='bbox 432 2813 496 2864; x_wconf 90' lang='lat' dir='ltr'>ad</span> <span class='ocrx_word' id='word_1_233' title='bbox 550 2816 843 2865; x_wconf 87' lang='lat' dir='ltr'>extremum</span> <span class='ocrx_word' id='word_1_234' title='bbox 895 2815 960 2867; x_wconf 85' lang='grc' dir='ltr'>οὐ</span> <span class='ocrx_word' id='word_1_235' title='bbox 1017 2818 1125 2884; x_wconf 83' lang='grc' dir='ltr'>μὴν</span> <span class='ocrx_word' id='word_1_236' title='bbox 1179 2817 1529 2886; x_wconf 75' lang='grc' dir='ltr'>ἀληθέστερα.</span> <span class='ocrx_word' id='word_1_237' title='bbox 1599 2814 1747 2886; x_wconf 79' lang='lat'>(418,</span> <span class='ocrx_word' id='word_1_238' title='bbox 1779 2815 1875 2887; x_wconf 80' lang='lat'>21)</span> 
     </span>
     <span class='ocr_line' id='line_1_36' title="bbox 203 2900 1879 2974; baseline 0.001 -20"><span class='ocrx_word' id='word_1_239' title='bbox 203 2902 357 2954; x_wconf 88' lang='lat' dir='ltr'>initio</span> <span class='ocrx_word' id='word_1_240' title='bbox 396 2901 431 2953; x_wconf 88' lang='lat' dir='ltr'>f.</span> <span class='ocrx_word' id='word_1_241' title='bbox 470 2900 675 2952; x_wconf 85' lang='lat' dir='ltr'>XVIIIr</span> <span class='ocrx_word' id='word_1_242' title='bbox 715 2902 998 2954; x_wconf 89' lang='lat' dir='ltr'>admodum</span> <span class='ocrx_word' id='word_1_243' title='bbox 1041 2904 1200 2956; x_wconf 90' lang='lat' dir='ltr'>laceri</span> <span class='ocrx_word' id='word_1_244' title='bbox 1241 2906 1467 2974; x_wconf 84' lang='lat' dir='ltr'>scripsit.</span> <span class='ocrx_word' id='word_1_245' title='bbox 1537 2904 1718 2957; x_wconf 92' lang='lat' dir='ltr'>eodem</span> <span class='ocrx_word' id='word_1_246' title='bbox 1758 2922 1879 2956; x_wconf 89' lang='lat' dir='ltr'>con-</span> 
     </span>
    </p>
   </div>
  </div>
 </body>
</html>
