2004 3202
202 115 272 170 66
625 117 964 159 ΔΙΟΝΤΣΙΟΤ
995 115 1460 159 ΑΛΙΚΑΡΝΑΣΕΩΣ

200 251 339 306 ἀλλὰ
384 252 484 319 τὴν
530 251 910 321 σωφροσύνην.
984 250 1044 302 τὸ
1093 246 1154 301 δὲ
1201 248 1498 319 ἐλεύθερον
1545 249 1645 303 οὐκ
1692 250 1752 303 ἐν
1798 258 1874 323 τῷ

199 348 567 410 καταφρονεῖν
603 347 715 392 τῶν
753 339 1035 409 ἀρχόντων
1074 336 1189 390 ἀλλ’
1232 337 1291 390 ἐν
1330 345 1404 410 τῷ
1443 340 1507 391 τὰ
1546 341 1875 408 κελευόμενα

198 438 380 482 ποιεῖν
429 431 712 495 τίθεσθαι,
760 426 1011 490 ἐξουσίαν
1057 445 1114 478 τε
1161 425 1355 478 οὐθενὶ
1403 436 1512 479 τῶν
1559 426 1875 481 ἀκολάστων

201 515 525 587 ἐπιτρέπειν,
565 515 701 569 ἀλλὰ
731 523 845 576 τοῖς
876 516 1177 582 βελτίστοις
1208 513 1531 567 ἀνατιθέναι
1563 517 1658 577 τὰς
1689 514 1875 585 ἀρχάς,

156 627 178 661 5
201 606 486 667 τοιούτους
510 607 732 657 ἔσεσθαι
749 604 877 664 τοὺς
895 603 1094 664 ἄλλους
1109 602 1615 671 ὑπολαμβάνοντας,
1641 597 1755 657 οἷοί
1772 622 1873 675 περ

202 693 271 747 ἂν
310 691 446 746 ὦσιν
486 694 538 745 οἱ
582 693 683 759 τὴν
727 693 892 743 πόλιν
938 691 1289 753 διοικοῦντες.
1359 690 1480 744 ἀντὶ
1528 689 1589 744 δὲ
1635 700 1734 745 τοῦ
1780 694 1875 755 τὰς

204 784 346 845 ἰδίας
386 782 574 842 οὐσίας
614 779 670 832 ἐκ
701 789 811 831 τῶν
843 780 1121 848 δημοσίων
1153 778 1505 850 ἐπανορθοῦν
1535 782 1664 842 τοὺς
1698 782 1877 843 ἰδίους

200 872 472 931 πλούτους
503 870 579 930 εἰς
610 870 674 920 τὰ
706 869 864 920 κοινὰ
899 876 1304 937 καταχορηγεῖν.
1375 867 1539 938 χωρὶς
1571 866 1631 921 δὲ
1663 870 1876 922 τούτων

200 962 367 1012 πλείω
393 959 493 1025 τὴν
518 955 829 1025 ἐπιμέλειαν
858 961 1142 1009 ποιεῖσθαι
1173 958 1302 1018 τοὺς
1333 955 1566 1026 πατέρας
1597 967 1706 1010 τῶν
1737 958 1876 1010 υἱῶν

135 1070 179 1102 10
204 1047 423 1117 ἀνδρῶν
461 1043 772 1114 γενομένων
809 1044 842 1113 ἢ
880 1046 1095 1097 παίδων
1134 1046 1313 1098 ὄντων
1353 1044 1663 1113 ἐποιοῦντο,
1713 1044 1877 1099 ἐνθυ-

200 1133 530 1204 μουμένους,
585 1134 656 1195 ὡς
711 1133 811 1186 οὐκ
860 1132 912 1196 ἐξ
962 1132 1168 1202 ἐκείνης
1219 1140 1314 1201 τῆς
1359 1134 1608 1196 παιδείας
1655 1133 1771 1187 ἀλλ’
1821 1134 1877 1186 ἐκ

199 1223 395 1290 ταύτης
440 1229 534 1289 τῆς
578 1222 939 1292 σωφροσύνης
986 1226 1196 1290 μᾶλλον
1243 1222 1531 1291 ὠφελεῖται
1571 1223 1632 1275 τὸ
1672 1225 1876 1275 κοινόν.

198 1311 482 1382 κρείττονά
528 1331 584 1363 τε
637 1311 1049 1379 ὑπολαμβάνειν
1103 1312 1168 1363 τὰ
1221 1312 1427 1380 χρηστὰ
1483 1310 1878 1380 ἐπιτηδεύματα

199 1408 293 1468 τῆς
340 1399 601 1469 ἀκριβοῦς
647 1402 1003 1468 νομοθεσίας,
1051 1407 1390 1461 σκοποῦντας
1437 1399 1537 1468 οὐχ
1577 1400 1721 1462 ὅπως
1760 1409 1878 1462 ταῖς

134 1511 176 1543 15
199 1492 481 1559 τιμωρίαις
507 1490 632 1550 τοὺς
649 1487 1059 1558 ἁμαρτάνοντας
1084 1486 1448 1557 ἀνείρξουσιν,
1474 1487 1590 1540 ἀλλ’
1617 1489 1688 1550 ὡς
1704 1485 1878 1557 μηδὲν

1988 942 1991 949 -
1986 840 1995 930 *Van-»s
1984 648 1994 823 *„--—.o·-
1985 609 1990 619 ν

1991 1482 1999 1577 Ξ

201 1577 355 1641 ἄξιον
391 1579 575 1645 ζημίας
608 1574 837 1629 ἕκαστον
863 1576 1450 1647 <παρασκευάσουσιν>
1484 1574 1857 1647 ἐπιτηξδεύειν,
1883 1592 1966 1631 551
1993 1595 1999 1648 2

198 1664 289 1718 καὶ
319 1666 420 1733 τὴν
451 1662 550 1734 μὲν
579 1666 815 1735 πατρίδα
847 1666 966 1718 δεῖν
998 1663 1285 1733 οἰομένους
1323 1663 1382 1716 έν
1416 1663 1633 1735 ἐξουσίᾳ
1665 1666 1879 1733 διάγειν

200 1755 428 1823 μεγάλῃ,
483 1763 595 1816 τοῖς
641 1753 690 1805 δ’
741 1754 984 1815 ἰδιώταις
1032 1749 1207 1822 μηδὲν
1259 1751 1455 1816 ἐξεῖναι
1501 1762 1704 1822 ποιεῖν,
1759 1755 1787 1807 ὅ
1827 1774 1879 1807 τι

201 1841 271 1893 ἂν
310 1843 361 1894 οἱ
400 1844 559 1910 νόμοι
597 1843 863 1895 κωλύωσι.
933 1850 1221 1912 καρτερεῖν
1260 1838 1320 1893 δὲ
1358 1842 1424 1894 τὰ
1471 1842 1625 1894 δεινὰ
1671 1841 1760 1895 καὶ
1806 1844 1878 1912 μὴ

134 1955 179 1986 20
204 1929 592 1997 ἐκπλήττεσθαι
631 1939 748 1992 ταῖς
788 1939 1110 1999 συμφοραῖς.

147 2029 178 2080 9
317 2021 398 2080 τίς
445 2017 499 2070 δ’
547 2018 615 2071 ἂν
661 2023 870 2088 μᾶλλον
918 2021 1119 2071 πείσειε
1172 2017 1261 2070 καὶ
1315 2021 1479 2071 πόλιν
1531 2017 1621 2070 καὶ
1675 2021 1881 2090 ἄνδρας

200 2241 258 2279 40
305 2182 359 2279 442
380 2178 531 2279 1ῗὲοΡ
557 2182 610 2219 22
726 2183 751 2222 6
783 2179 936 2235 Axeop
961 2184 1016 2222 24
1131 2183 1155 2222 9
1187 2178 1339 2234 Areop
1364 2183 1417 2221 37
1538 2183 1591 2222 13
1633 2169 1785 2235 Areop
1810 2182 1881 2235 39,

262 2272 272 2292 ‚
364 2273 374 2292 ‚

327 2388 354 2425 4
385 2382 499 2426 ἀλλὰ
530 2384 746 2428 Wolfius:
787 2383 884 2428 ἀλλ’
917 2385 966 2429 ἐν
999 2385 1135 2428 FMP
1182 2382 1279 2428 ἀλλ’
1316 2385 1353 2427 Β
1467 2390 1491 2428 5
1524 2383 1880 2442 ὑπολαμβάνον-

210 2442 329 2499 [τας]
363 2442 421 2483 F²
453 2455 553 2484 cum
586 2457 661 2485 ras
778 2448 803 2486 8
838 2443 901 2493 εἰς
932 2443 1008 2502 τὰ]
1043 2444 1083 2487 εἰ
1112 2443 1170 2486 τὰ
1201 2445 1237 2487 Ρ
1280 2446 1285 2500 Ι
1327 2451 1664 2501 καταχορηγεῖν
1695 2442 1878 2487 Corais:

207 2501 600 2557 καταχορηγήσειν
625 2501 717 2543 ΜΡ
764 2503 1198 2560 καταχ[ο]ρηγήσειν
1230 2503 1264 2545 F
1298 2517 1401 2545 eum
1431 2517 1506 2545 ras
1554 2501 1879 2559 καταχωρηγή-

207 2573 303 2602 σειν
347 2560 381 2601 Ρ
444 2567 816 2616 καταχορηγῆσαι
853 2561 1048 2605 Wolfius
1099 2564 1104 2618 Ι
1153 2562 1279 2620 χορὶς
1325 2575 1425 2604 corr
1463 2561 1511 2603 in
1549 2560 1686 2618 χωρὶς
1724 2561 1761 2602 Β

208 2622 234 2660 9
266 2621 497 2673 ποιῆσθαι
528 2618 585 2660 F1
679 2623 731 2661 10
765 2618 1019 2674 γινομένων
1050 2621 1131 2663 ΡΒ
1167 2623 1172 2677 Ι
1209 2620 1398 2664 ἐποιοῦν
1430 2619 1488 2662 F¹
1519 2618 1568 2662 in
1597 2619 1687 2662 fine
1719 2633 1879 2662 uersus

209 2690 310 2720 corr
341 2677 400 2718 F²
505 2682 559 2719 13
594 2675 832 2731 κρείττονα
868 2680 919 2721 δε
951 2679 985 2721 F
1021 2681 1026 2736 Ι
1061 2680 1466 2736 ὑπολαμβανοντες
1497 2678 1531 2720 F
1639 2683 1691 2721 15
1726 2676 1879 2733 ἀνείρ-

207 2736 334 2787 ξουσι
374 2735 411 2778 Β
520 2741 572 2779 16
618 2735 1017 2790 παρασκευάσουσι
1064 2738 1373 2795 βουλήσεσθαι
1419 2736 1654 2792 suppleuit
1700 2737 1881 2793 Kn'iger

205 2792 307 2838 ἀλλ’
338 2793 382 2846 ἐξ
415 2789 479 2838 ὧν
511 2794 912 2849 παρασκευάσουσι
944 2795 1087 2869 μηδεν
1121 2796 1289 2847 αὐτους
1320 2796 1451 2848 ἄξιον
1483 2793 1643 2851 ζημίας
1685 2795 1880 2850 ἐξαμαρ-

205 2851 366 2897 τάνειν
388 2854 521 2955 II3s1<3cr
613 2858 664 2896 21
699 2851 886 2911 πείσειε]
920 2854 1032 2900 ποί.
1052 2871 1141 2899 σειε
1173 2856 1207 2898 F
1240 2869 1294 2898 ex
1326 2854 1527 2909 ποιήσειε
1557 2856 1562 2910 Ι
1597 2853 1733 2898 πόλιν
1765 2854 1878 2898 FM:

203 2911 357 2963 πόλεις

1995 1817 1999 1842 k
