2004 3202
175 139 284 191 310
597 141 936 183 ΔΙΟΝΥΣΙΟΤ
967 139 1434 182 ΑΛΙΚΑΡΝΑΣΕΩΣ
1956 107 1988 171 ἱ

175 276 382 345 δωρος,
423 277 796 343 Καλλίμαχος,
840 276 1128 342 Θεόφιλος,
1179 276 1570 342 Θεμιστοκλῆς,
1613 271 1847 341 Ἀρχίας,

174 364 485 432 Εὔβουλος,
538 366 835 429 Λυκίσκος,
888 362 1242 430 Πυθόδοτος,
1290 360 1632 429 Σωσιγένης,
1679 363 1849 413 Νικό-

176 449 383 523 μαΙχος,
428 453 801 520 Θεόφραστος,
842 450 1242 518 Λυσιμαχίδης,
1281 451 1644 520 Χαιρωνίδας,
1687 449 1836 517 Φρύ-
1853 462 1936 501 649
1984 500 1987 502 ι

174 561 350 609 νιχος,
399 540 763 607 Πυθόδημος·
812 536 898 590 ἐπὶ
945 538 1145 590 τούτου
1186 548 1406 608 πρῶτον
1445 538 1615 590 αὐτὸν
1654 539 1730 598 εἰς
1770 538 1851 589 δι-
1981 550 1989 603 ξ.

130 645 151 676 5
176 631 473 698 καστήριον
526 630 724 694 λόγους
779 627 1123 696 συγγράφειν
1175 625 1510 695 ὑπεθέμεθα.
1602 627 1735 695 μετὰ
1790 622 1851 678 δὲ
1982 616 1989 642 ²

173 726 373 771 τοῦτον
418 716 740 782 Εὐαίνετος,
795 718 1127 790 Κτησικλῆς,
1173 716 1543 784 Νικοκράτης,
1590 716 1851 782 Νικήτης,

165 806 588 877 Ἀριστοφάνης,
634 802 1001 873 Ἀριστοφῶν,
1056 806 1428 872 Κηφισοφῶν,
1483 802 1851 872 Εὐθύκριτος,

179 897 443 963 Ηγήμων,
470 892 700 962 Χρέμης,
723 890 1023 960 Ἀντικλῆς,
1048 891 1398 961 <“Ηγησίας>,
1431 893 1850 960 Κηφισόδωρος,

179 988 473 1050 Φιλοκλῆς·
516 979 522 1052 Ι
574 979 661 1034 ἐπὶ
708 981 908 1033 τούτου
947 982 1048 1049 τὴν
1087 982 1342 1051 φρουρὰν
1382 979 1633 1044 ἐδέξαντο
1672 979 1836 1048 Ἀθη·
1855 993 1939 1032 650
1984 983 1988 1041 ς’

109 1086 152 1118 10
177 1081 348 1138 ναῖοι,
394 1069 485 1123 καὶ
532 1069 560 1122 ὁ
610 1071 779 1138 δῆμος
824 1070 1115 1138 κατελύθη.
1184 1068 1510 1139 ’Ἀρχιππος,
1557 1067 1850 1138 Νέαιχμος,

165 1159 602 1228 Ἀπολλόδωρος,
655 1157 982 1228 ’Ἀρχιππος,
1044 1157 1391 1227 Δημογένης,
1454 1159 1851 1227 Δημοκλείδης,

175 1248 582 1318 Πραξίβουλος,
623 1248 971 1317 Νικόδωρος,
1016 1249 1384 1317 Θεόφραστος,
1425 1245 1711 1315 Πολέμων,
1753 1249 1852 1298 Σι-

173 1338 436 1405 μωνίδης,
485 1335 876 1405 Ἱερομνήμων,
925 1337 1262 1405 Δημήτριος,
1310 1338 1604 1405 Καίριμος,
1644 1333 1852 1397 Ἀναξι-

172 1427 393 1495 κράτης·
442 1423 528 1477 ἐπὶ
575 1425 776 1477 τούτου
822 1423 854 1491 ἡ
895 1430 1296 1477 κατασταθεῖσα
1333 1425 1441 1476 ὑπὸ
1482 1423 1852 1492 Κασσάνδρου

110 1526 151 1558 15
175 1514 462 1583 ὀλιγαρχία
501 1513 794 1580 κατελύθη,
833 1511 923 1564 καὶ
964 1513 1016 1564 οἱ
1048 1511 1494 1580 εἰσαγγελθέντες
1525 1514 1752 1580 ἔφυγον,
1794 1510 1853 1563 ἐν

176 1595 258 1664 οἷς
295 1600 386 1654 καὶ
425 1604 732 1670 Δείναρχος
770 1596 853 1668 ἧν.
931 1602 1227 1669 Κόροιβος,
1271 1599 1640 1667 Εὐξένιππος,
1686 1603 1852 1669 Φερε-

174 1695 329 1757 κλῆς,
391 1691 767 1758 Λεώστρατος,
823 1691 1123 1756 Νικοκλῆς,
1180 1687 1485 1757 Κλέαρχος,
1533 1686 1851 1756 Ἡγέμαχος,

175 1774 520 1848 ΕὐκτήΙμων,
573 1778 961 1845 Μνησίδημος,
1000 1775 1348 1845 Ἀντιφάτης,
1396 1779 1619 1843 Νικίας,
1666 1778 1837 1828 Νικό-
1855 1788 1937 1828 651
1980 1830 1982 1833 ,

177 1880 430 1935 στρατος,
477 1864 944 1934 Ὀλυμπιόδωρος,
1005 1868 1277 1927 Φίλιππος
1510 1862 1598 1917 ἐπὶ
1652 1865 1853 1917 τούτου

112 1966 154 1998 20
176 1955 420 2015 κάθοδος
467 1953 637 2022 ἐδόθη
686 1962 800 2015 τοῖς
846 1973 903 2005 τε
950 1954 1136 2015 ἄλλοις
1183 1954 1391 2022 φυγάσι
1434 1951 1524 2005 καὶ
1563 1953 1852 2024 Δεινάρχῳ

175 2042 282 2095 ὑπὸ
322 2041 588 2110 βασιλέως
627 2045 964 2111 Δημητρίου.

295 2295 317 2332 1
359 2289 621 2346 θεόμνητος
653 2290 710 2345 F,
751 2290 832 2334 sed
874 2289 1101 2345 Θεόφιλος
1141 2289 1267 2345 apud
1298 2289 1415 2332 alios
1456 2291 1503 2332 et
1533 2289 1686 2344 ipsum
1715 2287 1851 2331 Dion.

178 2362 234 2404 ep
267 2349 328 2391 ad
359 2349 506 2392 Amm.
532 2350 553 2391 I
585 2352 632 2392 eb
663 2349 784 2392 infra
815 2364 846 2405 p
871 2353 971 2404 312,
997 2353 1050 2392 21
1082 2350 1086 2405 Ι
1122 2346 1316 2405 ἀρχίδας
1343 2348 1392 2403 F,
1434 2348 1515 2391 sed
1539 2345 1714 2404 Ἀρχίας
1742 2345 1854 2390 CIG

180 2412 277 2461 155,
304 2412 359 2450 ⁶24
412 2407 642 2450 Diodorus
697 2407 831 2451 Dion.
859 2421 914 2463 ep
941 2407 1002 2450 ad
1026 2409 1173 2451 Amm.
1208 2409 1254 2451 et
1292 2407 1414 2450 infra
1511 2411 1536 2449 2
1571 2406 1771 2461 εὔδωρος
1802 2405 1851 2459 F,

179 2466 260 2508 sed
295 2466 530 2521 Εὔβουλος
570 2469 616 2509 eb
654 2466 776 2509 infra
814 2466 887 2510 bis
921 2469 968 2510 et
1000 2465 1116 2509 alibi
1148 2466 1397 2522 Dionysius
1519 2469 1544 2507 3
1578 2465 1854 2519 Χαιρώνὸας

178 2538 339 2567 uerum
377 2538 545 2567 nomen
583 2539 682 2568 esse
721 2525 816 2568 iam
846 2525 1074 2568 Meursius
1115 2525 1237 2568 uidit
1380 2529 1405 2567 3
1437 2530 1464 2567 4
1513 2524 1764 2581 φρούνιχος
1795 2523 1852 2567 F:

179 2596 280 2626 corr
297 2582 532 2625 Victorius
626 2588 650 2626 5
675 2583 838 2640 λόγους
863 2582 1145 2640 συγγράφειν
1169 2583 1441 2640 Sylburgius
1487 2597 1566 2638 mg
1582 2582 1722 2626 Bodl:
1747 2582 1855 2632 τοὺς

179 2648 458 2697 συγγραφεῖς
503 2642 537 2683 F
676 2648 697 2685 7
747 2647 1036 2698 Κηφισοφῶν
1086 2642 1380 2699 Sylburgius:
1428 2649 1638 2697 κησιφῶν
1684 2641 1718 2683 F

180 2706 205 2743 8
237 2698 406 2755 κρέμης
431 2700 486 2743 F:
522 2714 623 2742 corr
648 2700 923 2756 Sylburgius
952 2699 1202 2758 1²Hy‘qoioc9
1234 2702 1393 2745 deesse
1425 2700 1549 2743 idem
1580 2699 1762 2743 monuit

180 2764 233 2801 13
269 2763 322 2801 14
362 2757 703 2815 ἀναρχικράτης
735 2759 790 2803 F:
831 2773 931 2802 corr
964 2759 1237 2818 Sylburgius
1278 2758 1462 2803 collatis
1493 2758 1708 2814 Dionysii
1738 2757 1852 2801 locis

178 2816 492 2873 compluribus
638 2823 691 2860 16
727 2823 778 2860 17
814 2819 1037 2872 φερεκλής
1061 2819 1094 2861 F
1219 2824 1271 2862 17
1304 2817 1517 2872 νικοκλής
1540 2817 1574 2859 F
1604 2819 1608 2874 Ι
1637 2814 1854 2873 κλέαρχος

178 2875 491 2919 Kirchhoffius
515 2876 712 2919 Hermae
730 2876 773 2918 II
793 2881 897 2919 169:
924 2875 1195 2934 καλλίαρχος
1211 2878 1245 2920 F
1338 2882 1389 2920 19
1406 2876 1624 2919 lacunam
1642 2876 1852 2931 Ungerus

179 2934 480 2992 significauit,
529 2934 637 2978 uide
678 2938 835 2978 tamen
866 2934 1278 2979 Wilamowitzium
1312 2934 1469 2991 Antig.
1504 2934 1679 2990 Caryst.
1712 2949 1744 2990 p
1767 2937 1852 2976 240
