2004 3202
176 141 286 193 360
603 137 943 181 ΔιοΝΤΣΙοΤ
974 133 1442 179 ΑΑῙΚΑΡΝΑΣΕΩΣ

177 274 264 328 ἐπὶ
310 275 453 327 πολὺ
507 281 601 341 τῆς
654 270 1005 342 τετριμμένης
1057 266 1147 320 καὶ
1200 273 1390 334 κοινῆς
1434 265 1525 319 καὶ
1573 267 1858 334 συνήθους

178 365 344 416 ἅπασι
392 360 694 414 διαλέκτου.
779 361 874 420 τὰς
928 354 1029 426 μὲν
1082 351 1185 408 οὖν
1238 354 1537 422 ἀναγκαίας
1583 354 1778 423 ἀρετὰς
1823 354 1858 422 ἡ

178 451 319 514 λέξις
358 450 540 503 αὐτῶν
577 449 799 502 πάντων
838 449 946 514 ἔχει
987 442 1101 515 (καὶ
1140 445 1245 513 γὰρ
1291 444 1512 513 καθαρὰ
1550 441 1641 496 καὶ
1681 443 1859 512 σαφὴς

178 539 268 592 καὶ
324 540 591 607 σύντομός
641 536 789 589 ἐστιν
837 534 1225 603 ἀποχρώντως,
1273 530 1519 603 σῴζουσα
1564 533 1663 584 τὸν
1711 533 1862 585 ἴδιον

135 645 155 676 5
181 626 373 695 ἑκάστη
423 634 517 694 τῆς
567 623 853 678 διαλέκτου
899 617 1256 692 χαρακτῆρα)·
1311 621 1407 683 τὰς
1453 618 1504 672 δ’
1552 619 1862 688 ἐπιθέτους,

180 716 233 780 ἐξ
259 711 337 768 ὧν
360 716 590 784 μάλιστα
621 713 881 780 διάδηλος
903 710 936 778 ἡ
971 717 1071 762 τοῦ
1105 709 1335 780 ῥήτορος
1367 711 1578 777 γίνεται
1610 709 1862 779 δύναμις,

181 805 308 857 οὔτε
349 803 557 864 ἁπάσας
597 802 722 853 οὔτε
762 801 838 861 εἰς
878 787 1050 869 ἄκρον
1087 797 1344 865 ἡκούσας,
1384 796 1504 850 ἀλλ’
1545 797 1733 865 ὀλίγας
1771 797 1863 851 καὶ

182 891 270 945 ἐπὶ
309 891 501 960 βραχύ,
539 889 679 953 ὕψος
719 887 857 955 λέγω
897 885 988 939 καὶ
1027 887 1510 957 καλλιρημοσύνην
1536 886 1630 941 καὶ
1671 902 1863 956 σεμνο-

183 982 377 1047 λογίαν
414 977 503 1030 καὶ
534 975 1027 1046 μεγαλοπρέπειαν·
1067 972 1198 1028 οὐδὲ
1231 975 1298 1043 δὴ
1330 978 1498 1029 τόνον
1529 973 1659 1029 οὐδὲ
1694 976 1866 1046 βάρος

121 1084 164 1115 10
187 1064 316 1120 οὐδὲ
347 1067 526 1128 πάθος
566 1067 841 1135 διεγεῖρον
871 1065 970 1117 τὸν
1001 1071 1140 1117 νοῦν
1173 1061 1303 1116 οὐδὲ
1334 1065 1394 1116 τὸ
1428 1063 1742 1135 ἐρρωμένον
1771 1063 1863 1117 καὶ

183 1155 484 1223 ἐναγώνιον
536 1161 774 1222 πνεῦμα,
830 1151 883 1216 ἐξ
930 1147 1009 1205 ὧν
1053 1151 1086 1220 ἡ
1133 1151 1443 1221 καλουμένη
1490 1156 1699 1221 γίνεται
1754 1155 1865 1206 δει-

186 1246 364 1311 νότης·
403 1243 547 1311 πλὴν
587 1241 709 1304 ἑνὸς
740 1241 1062 1312 “Ηροδότου.
1125 1237 1286 1303 οὗτος
1326 1238 1387 1294 δὲ
1425 1243 1560 1294 κατά
1597 1243 1726 1311 <τε>
1765 1243 1866 1310 τὴν

184 1331 414 1398 ἐκλογὴν
466 1339 576 1383 τῶν
630 1330 917 1398 ὀνομάτων
969 1328 1061 1382 καὶ
1114 1331 1250 1382 κατὰ
1303 1330 1404 1398 τὴν
1459 1330 1729 1384 σύνθεσιν
1774 1328 1865 1383 καὶ

182 1421 315 1472 κατὰ
354 1420 454 1487 τὴν
491 1428 602 1471 τῶν
649 1426 1036 1487 σχηματισμῶν
1080 1421 1363 1471 ποικιλίαν
1408 1425 1597 1490 μακρῷ
1647 1420 1715 1487 δή
1754 1439 1866 1471 τινι

122 1525 160 1555 15
183 1509 312 1570 τοὺς
343 1509 543 1569 ἄλλους
573 1507 957 1577 ὑπερεβάλετο,
988 1505 1080 1559 καὶ
1110 1507 1484 1576 παρεσκεύασε
1515 1516 1578 1578 τῇ
1603 1509 1865 1577 κρατίστῃ

181 1597 395 1664 ποιήσει
426 1596 527 1663 τὴν
556 1596 721 1664 πεζὴν
752 1596 960 1666 φράσιν
991 1595 1189 1665 ὁμοίαν
1220 1594 1482 1663 γενέσθαι
1511 1593 1774 1667 πειΙθοῦς
1793 1615 1850 1648 τε
1867 1612 1956 1652 866

184 1683 275 1736 καὶ
314 1687 551 1754 χαρίτων
588 1682 678 1736 καὶ
716 1691 811 1752 τῆς
850 1686 928 1746 εἰς
967 1685 1138 1754 ἄκρον
1168 1683 1408 1752 ἡκούσης
1445 1683 1649 1752 ἡδονῆς
1688 1683 1868 1737 ἕνεκα·

186 1772 379 1840 ἀρετάς
431 1792 488 1825 τε
541 1774 635 1835 τὰς
689 1775 944 1842 μεγίστας
1008 1771 1099 1825 καὶ
1154 1773 1534 1843 λαμπροτάτας
1595 1772 1694 1837 ἔξω
1757 1782 1869 1826 τῶν

188 1860 502 1928 ἐναγωνίων
548 1859 825 1914 οὐδὲν***
875 1861 935 1914 ἐν
979 1861 1203 1924 ταύταις
1250 1860 1522 1930 ἐνέλιπεν,
1577 1866 1631 1914 εἴ
1671 1880 1728 1914 τε
1767 1860 1869 1913 οὐκ

122 1963 165 1993 20
188 1945 249 2001 εὖ
304 1950 558 2017 πεφυκὼς
610 1951 747 2020 πρὸς
800 1949 967 2013 αὐτὰς
1022 1955 1077 2003 εἴ
1125 1970 1183 2003 τε
1235 1951 1371 2003 κατὰ
1425 1952 1692 2019 λογισμόν
1745 1968 1870 2002 τινα

188 2035 448 2099 ἑκουσίως
500 2038 779 2108 ὑπεριδὼν
841 2039 912 2102 ὡς
975 2038 1075 2108 οὐχ
1137 2039 1527 2109 ἁρμοττουσῶν
1589 2039 1869 2109 ἱστορίαις.

189 2126 314 2178 οὔτε
351 2127 456 2195 γὰρ
497 2128 854 2196 δημηγορίαις
891 2131 1120 2190 πολλαῖς
1152 2127 1181 2180 ὁ
1215 2126 1353 2198 ἀνὴρ
1393 2125 1515 2180 οὐδ’
1549 2126 1870 2195 ἐναγωνίοις

189 2213 440 2283 κέχρηται
478 2216 679 2283 λόγοις,
720 2214 835 2267 οὔτ’
869 2214 929 2268 ἐν
959 2223 1035 2287 τῷ
1065 2218 1366 2268 παθαίνειν
1403 2214 1494 2268 καὶ
1533 2216 1871 2268 δεινοποιεῖν

127 2323 168 2353 21
193 2303 256 2353 τὰ
295 2304 580 2370 πράγματα
619 2304 719 2370 τὴν
758 2303 931 2372 ἀλκὴν
969 2306 1093 2372 ἔχει.

105 2392 175 2442 24
311 2390 494 2460 Τούτῳ
535 2410 591 2442 τε
630 2391 697 2458 δὴ
738 2398 812 2461 τῷ
859 2391 1023 2462 ἀνδρὶ
1067 2393 1415 2461 Θουκυδίδης
1465 2391 1741 2460 ἐπιβαλὼν
1778 2390 1869 2445 καὶ

317 2521 342 2558 3
375 2515 515 2569 λέξεις
539 2519 574 2560 P
665 2523 692 2560 4
725 2518 860 2572 ἐστιν,
894 2519 1199 2578 ἀποχρώντως
1229 2522 1431 2575 σώζουσα
1457 2521 1812 2578 distinguebant

199 2580 225 2615 ἴ)
261 2573 424 2630 ἑκάστη
457 2577 554 2633 τῆς]
590 2575 781 2633 ἑκάστης
811 2578 936 2621 MPf
1031 2585 1056 2623 8
1088 2581 1234 2638 βραχύ
1259 2580 1298 2625 f:
1332 2582 1495 2640 βραχεῖ
1521 2581 1614 2624 ΜΡ
1705 2584 1731 2624 8
1762 2583 1872 2624 καλ-

199 2630 538 2689 λιρόημοσύνην
571 2635 592 2675 f
779 2641 832 2678 10
873 2636 1156 2693 διεγείροντα
1196 2639 1276 2682 Mf
1317 2641 1633 2697 διεγειροῢντα
1672 2640 1729 2684 P:
1770 2653 1872 2683 corr

198 2691 414 2734 Reiskius
538 2697 590 2734 12
622 2692 740 2736 κατὰ
771 2694 855 2749 τὴν
878 2695 1017 2740 MPf:
1051 2710 1152 2740 corr
1183 2698 1388 2742 Sadaeus
1419 2714 1450 2755 p
1475 2703 1562 2742 250
1677 2703 1732 2741 14
1764 2713 1871 2755 σχη-

199 2757 451 2814 ματωσμῶν
470 2750 526 2792 Ρι
619 2756 671 2793 15
696 2751 1023 2809 ὑπερεβάλλετο
1048 2755 1084 2797 Ρ
1180 2761 1232 2799 19
1258 2756 1440 2800 hiatum
1462 2756 1671 2800 indicaui
1700 2759 1705 2814 Ι
1734 2754 1863 2815 [εἰ’]τ’

199 2823 304 2851 eum
321 2807 463 2851 litura
481 2811 552 2863 (ex
569 2811 647 2865 αἳ)
665 2809 699 2851 Ρ
776 2815 830 2852 22
857 2809 963 2854 οὐδὲ
982 2811 1068 2868 γὰρ
1087 2815 1134 2857 et
1152 2820 1205 2857 23
1225 2813 1329 2859 οὐδ’
1351 2815 1462 2858 libri
1539 2820 1686 2872 25—p
1703 2819 1802 2871 363,
1815 2819 1870 2858 17

199 2866 448 2923 Dionysius
483 2866 710 2922 epistulae
743 2868 803 2911 ad
845 2870 1117 2914 Ammaeum
1158 2874 1214 2916 de
1255 2873 1527 2929 Thucydide
1558 2887 1582 2917 ο
1608 2879 1633 2917 2
1673 2873 1871 2917 ίῃεθτιιίίῑ

201 2929 275 2981 (Δ)
297 2926 302 2982 Ι
322 2926 390 2983 τε]
423 2922 472 2968 δὲ
500 2926 622 2967 MPf
645 2928 649 2981 Ι
677 2942 794 2970 τε
817 2929 977 2986 Θουκ.]
1010 2929 1096 2985 γὰρ
1129 2930 1420 2987 Θουκυδίδης
1451 2936 1512 2989 τῷ
1545 2933 1683 2987 ἀνδρὶ
1711 2938 1753 2975 Δ
