2004 3202
734 118 899 160 ΠΡΟΣ
930 114 1210 159 ΑΜΜΑΙΟΝ
1698 114 1807 166 265

132 251 194 307 δὲ
232 253 571 322 φαινόμενον
610 253 944 320 φαινόμενος
975 251 1367 318 συλλογισμός·
1406 253 1554 302 καλῶ
1585 251 1689 318 γὰρ
1724 249 1808 302 ε’ν-

130 342 360 410 θύμημα
411 337 512 409 μὲν
567 339 859 409 ῥητορικὸν
908 339 1303 407 συλλογισμόν,
1356 337 1700 407 παράδειγμα
1748 335 1809 390 δὲ

133 428 421 497 ἐπαγωγὴν
460 428 777 498 ῥητορικήν·
815 428 1014 490 πάντες
1052 424 1114 480 δὲ
1149 428 1246 489 τὰς
1278 425 1488 488 πίστεις
1518 433 1809 478 ποιοῦνται

133 519 226 571 διὰ
263 525 363 570 τοῦ
409 536 436 566 *
462 537 489 566 *
514 535 543 566 *
583 517 867 569 δεικνύναι
913 516 1131 584 ὁτιοῦν,
1171 517 1344 583 δῆλον
1383 513 1446 567 δ’·
1476 514 1608 583 ἡμῖν
1645 522 1807 567 τοῦτο

133 605 191 659 ἐκ
229 615 340 658 τῶν
378 605 747 673 ἀναλυτικῶν,
799 604 1099 672 ἀναγκαῖον
1139 603 1396 673 ἑκάτερον
1433 602 1652 671 <αὐτῶν
1692 601 1810 655 ἑκα-
1858 618 1880 651 5

131 693 306 766 τέρφ>
338 678 551 748 τούτων
581 695 642 746 τὸ
675 693 808 746 αὐτὸ
841 689 996 746 εἶναι.
1050 696 1133 755 τίς
1161 691 1209 745 δ’
1236 691 1349 745 ἐστὶ
1374 692 1616 761 διαφορὰ
1639 710 1811 762 παρα-

133 784 422 853 δείγματος
459 781 549 835 καὶ
591 782 992 851 ἐνθυμήματος,
1033 782 1278 851 φανερὸν
1317 779 1375 833 ἐκ
1409 790 1519 833 τῶν
1550 789 1813 833 τοπικῶν·

133 871 244 925 ἐκεῖ
281 873 386 941 γὰρ
425 870 551 941 περὶ
591 876 964 940 συλλογισμοῦ
1003 869 1094 923 καὶ
1127 869 1410 938 ἐπαγωγῆς
1442 874 1650 939 εἴρηται
1680 871 1813 939 πρό-

132 979 319 1030 τερον,
359 960 443 1013 ὅτι
481 960 542 1012 τὸ
582 956 683 1028 μὲν
723 957 809 1011 ἐπὶ
847 963 1070 1013 πολλῶν
1106 957 1197 1011 καὶ
1237 958 1443 1028 ὁμοίων
1485 959 1814 1011 δείκνυσθαι

135 1049 218 1101 ὅτι
266 1048 439 1110 οὕτως
484 1050 593 1117 ἔχει
640 1048 750 1100 ἐκεῖ
794 1044 895 1116 μὲν
942 1046 1193 1115 ἐπαγωγή
1241 1046 1415 1115 ἐστιν,
1464 1046 1706 1100 ἐνταῦθα
1752 1043 1814 1099 δὲ
1837 1063 1887 1096 ιο

45 1149 129 1191 ’132
146 1138 513 1206 παράδειγμα·
552 1137 612 1189 τὸ
654 1133 714 1188 δὲ
751 1145 921 1189 τινῶν
960 1138 1139 1189 ὄντων
1173 1133 1362 1206 ἕτερόν
1396 1135 1402 1204 Ι
1437 1155 1489 1188 τι
1522 1137 1614 1189 διὰ
1643 1142 1814 1188 ταῦτα

135 1227 463 1294 συμβαίνειν
505 1226 652 1295 παρὰ
698 1225 758 1276 τὸ
805 1222 952 1276 ταῦτ’
1000 1220 1142 1277 εἶναι
1181 1224 1214 1292 ἢ
1253 1226 1502 1277 καθόλου
1539 1223 1572 1292 ἢ
1613 1225 1685 1287 ὡς
1725 1221 1814 1276 ἐπὶ

133 1314 195 1366 τὸ
234 1314 395 1381 πολύ,
436 1312 545 1366 ἐκεῖ
582 1310 684 1382 μὲν
722 1315 1107 1382 συλλογισμός,
1147 1312 1391 1365 ἐνταῦθα
1430 1309 1491 1365 δὲ
1523 1311 1815 1381 ἐνθύμημα

133 1406 389 1455 καλεῖται.
470 1402 716 1472 φανερὸν
761 1398 822 1454 δὲ
867 1399 958 1453 καὶ
1006 1401 1090 1454 ὅτι
1137 1400 1394 1471 ἑκάτερον
1440 1403 1549 1470 ἔχει
1596 1400 1814 1468 ἀγαθὸν

133 1491 195 1543 τὸ
228 1487 374 1553 εἶδος
405 1498 499 1559 τῆς
531 1490 835 1561 ῥητορείας·
874 1490 1124 1560 καθάπερ
1159 1490 1335 1560 <γάρ>
1365 1488 1455 1542 καὶ
1488 1489 1548 1542 ἐν
1579 1498 1693 1551 τοῖς
1724 1509 1815 1558 με-
1839 1505 1886 1539 1⁵

133 1580 387 1642 θοδικοῖς
432 1584 666 1649 εἴρηται,
715 1576 806 1630 καὶ
855 1577 915 1630 ἐν
960 1578 1177 1641 τούτοις
1222 1578 1424 1647 ὁμοίως
1471 1578 1613 1646 ἔχει.’
1682 1576 1817 1630 Ὅσα

135 1665 236 1738 μὲν
283 1664 386 1722 οὗν
416 1666 792 1738 Ἀριστοτέλης
836 1664 975 1738 ὑπὲρ
1025 1666 1223 1720 ἑαυτοῦ
1266 1666 1509 1738 γέγραφε
1547 1668 1819 1735 μαρτυρό-

135 1775 299 1826 μενος
338 1758 662 1827 διαρρήδην,
701 1757 785 1809 ὅτι
815 1757 911 1818 τὰς
944 1755 1234 1826 ῥητορικὰς
1264 1755 1457 1824 τέχνας
1489 1753 1817 1818 συνετάξατο

135 1845 503 1915 πρεσβύτερος
543 1845 621 1897 ὢν
659 1845 762 1913 ἤδη
802 1843 893 1896 καὶ
923 1846 1019 1907 τὰς
1049 1847 1341 1914 κρατίστας
1373 1842 1656 1907 συντάξεις
1685 1861 1818 1913 προ-

258 2098 281 2136 1
309 2091 618 2150 φαινόμενον]
645 2091 934 2148 φαινόμενον
959 2091 1208 2148 ἐνθύμημα
1234 2091 1509 2165 Spengelius
1537 2093 1543 2149 Ι
1571 2089 1679 2148 γὰρ]
1705 2087 1755 2134 δὲ
1777 2091 1819 2133 Α

259 2157 281 2195 1
316 2154 441 2196 καλῶ
475 2188 483 2195 .
512 2186 520 2195 .
550 2188 559 2196 .
595 2156 620 2194 2
653 2150 952 2207 συλλογισμὸν
985 2164 1059 2194 om
1090 2150 1127 2194 B
1247 2155 1275 2193 4
1306 2152 1387 2194 δια
1416 2157 1497 2194 τοῦ
1529 2150 1621 2194 As:
1654 2147 1735 2193 διὰ
1765 2149 1817 2192 τὸ

137 2211 248 2255 libri
276 2214 282 2268 Ι
310 2211 532 2254 iterassum
563 2225 593 2253 u
625 2210 867 2254 δεικνύναι
899 2208 1054 2253 effecit
1083 2211 1137 2253 ut
1166 2210 1312 2253 uerba
1343 2209 1585 2253 δεικνύναι
1615 2207 1643 2264 ἢ
1669 2223 1819 2263 παρα-

138 2269 363 2327 δείγματα
394 2267 603 2327 λέγοντες
633 2267 662 2325 ἢ
696 2268 1017 2324 ἐνθυμήματα,
1049 2268 1129 2312 καὶ
1159 2267 1289 2324 παρὰ
1318 2276 1463 2312 ταῦτα
1497 2265 1635 2312 οὐδέν
1669 2267 1816 2333 [πως].

139 2327 238 2380 ὤςτ’
278 2328 326 2373 εἴ
356 2343 441 2384 περ
478 2328 558 2373 καὶ
591 2327 704 2378 ὅλως
734 2326 916 2384 ἀνάγκη
950 2326 1326 2384 συλλογιζόμενον
1356 2325 1384 2384 ἢ
1418 2326 1651 2384 ἐπάγοντα
1683 2325 1731 2368 in
1762 2325 1820 2368 11-

138 2388 327 2432 brorum
352 2388 607 2444 archetypo
631 2386 978 2441 interciderent,
1005 2399 1059 2430 ex
1077 2386 1118 2429 A
1142 2386 1379 2443 suppleuit
1396 2401 1416 2429 s
1438 2387 1442 2439 Ι
1465 2386 1640 2444 ὁτιοῦν]
1661 2385 1821 2429 ὁτιοῦν

140 2446 188 2505 [ἢ
222 2447 492 2505 ὁντιναοῦν]
525 2460 580 2490 ex
611 2446 653 2490 A
683 2445 884 2489 lectione
916 2444 1203 2502 interpolata
1236 2445 1511 2503 Sylburgius
1640 2449 1665 2487 5
1701 2444 1820 2488 ἀνα-

139 2509 390 2551 λυτυτικῶν
414 2507 450 2550 Ρ
503 2506 850 2562 ἀναλογυτικῶν
873 2503 910 2547 Β
939 2506 944 2559 Ι
972 2501 1244 2561 ἀναγκαίων
1267 2505 1305 2547 Β
1418 2510 1444 2549 ὅ
1471 2512 1495 2549 6
1528 2505 1681 2548 αὐτῶν
1715 2502 1821 2547 ἑκα-

139 2562 253 2625 τέρῳ
278 2579 334 2610 ex
357 2566 398 2608 A
424 2564 662 2621 suppleuit
687 2562 961 2620 Sylburgius
1077 2568 1102 2606 6
1135 2561 1227 2607 ἐστί
1249 2563 1321 2607 Μ1
1375 2563 1495 2608 ἐστιν
1519 2563 1556 2606 Β
1664 2567 1688 2605 9
1723 2562 1819 2620 ἐπὶ]

142 2623 193 2668 ἐκ
230 2639 311 2681 mg
340 2623 544 2668 Morellii
673 2628 728 2666 10
770 2621 996 2679 εἰσαγωγή
1026 2621 1157 2667 libri:
1206 2636 1308 2667 corr
1339 2638 1359 2667 s
1483 2627 1535 2666 12
1578 2636 1664 2678 συμ
1697 2619 1820 2665 αἰνει

140 2681 272 2728 libri:
303 2697 405 2727 corr
429 2698 448 2726 s
477 2686 482 2737 Ι
510 2680 640 2738 παρὰ
663 2682 712 2725 τὸ
737 2678 867 2725 ταῦτ’
890 2677 1030 2740 εἶναι]
1056 2679 1184 2737 παρὰ
1207 2689 1351 2726 ταῦτα
1376 2685 1438 2742 τῷ
1460 2688 1606 2725 ταῦτα
1631 2697 1651 2725 ε
1675 2697 1754 2725 ναι
1778 2680 1820 2723 Α

142 2741 192 2784 ef
223 2741 409 2786 Vahlen
446 2743 594 2787 Wien.
627 2741 943 2798 sitzunqsberr.
979 2745 1088 2784 1861
1131 2743 1164 2785 t..
1192 2745 1262 2798 38,
1296 2746 1351 2785 98
1506 2745 1558 2784 13
1606 2738 1650 2784 δ’
1679 2755 1702 2783 r

145 2803 200 2843 14
247 2801 455 2867 φανερὸν
502 2798 546 2844 δ’
579 2799 657 2867 ,ὅτι
697 2799 777 2844 καὶ
816 2797 1034 2855 ἑκάτερον
1071 2800 1161 2903 Al}
1203 2800 1392 2858 ἀγαθὸν
1429 2800 1479 2844 in
1517 2800 1557 2841 A
1620 2813 1694 2842 om
1733 2797 1822 2868 PJb

143 2858 308 2915 ἀγαθὰ
340 2874 383 2903 01
416 2859 646 2916 Sauppius
770 2863 824 2902 15
855 2858 906 2902 τὸ
940 2855 1063 2909 εἶδος
1116 2874 1136 2902 ε
1159 2860 1240 2910 δος
1267 2860 1333 2903 Ps
1362 2860 1368 2919 Ι
1396 2857 1611 2915 ῥἠτοριας
1635 2859 1669 2901 Ρ
1698 2860 1702 2913 Ι
1731 2872 1820 2912 γαρ

145 2929 202 2960 ex
231 2919 272 2961 A
318 2918 455 2975 suppl
487 2917 762 2975 Sylburgius
884 2922 939 2961 16
973 2860 1083 2976 &cai
1111 2917 1135 2962 ὁ
1167 2918 1278 2962 libri
1333 2917 1363 2961 ἃ
1397 2918 1603 2962 Sadaeus
