2004 3202
806 156 1154 199 ῙΣΟΚΡΑΤΗΣ
1750 156 1821 210 59

54 307 137 348 541
164 293 540 359 βουλευτικοῖς
578 308 635 342 τε
672 288 763 342 καὶ
803 291 1106 352 δικανικοῖς
1145 287 1370 359 λόγοις),
1414 289 1420 356 Ι
1463 289 1578 343 ἀλλ’
1623 292 1696 353 ὡς
1736 291 1818 344 ε’πὶ

143 378 202 430 τὸ
248 379 391 430 πολὺ
438 384 513 448 τῷ
568 377 767 449 ῥυθμῷ
822 379 1185 440 δουλεύοντος
1238 375 1330 430 καὶ
1377 384 1453 449 τῷ
1502 379 1683 450 κύκλῳ
1731 388 1824 448 τῆς

142 467 406 535 περιόδου
444 464 535 518 καὶ
574 466 634 518 τὸ
673 467 874 528 κάλλος
906 473 1002 534 τῆς
1032 465 1363 534 ἀπαγγελίας
1395 465 1456 518 ἐν
1485 473 1561 538 τῷ
1591 474 1825 538 περιττῷ

141 553 439 623 τιθεμένου
499 557 818 623 κοινότερον
875 560 1065 624 εἴρηκα
1116 553 1240 624 περὶ
1297 554 1482 607 αὐτοῦ.
1566 556 1702 608 κατὰ
1756 557 1823 624 δὴ

142 644 311 695 ταῦτά
343 663 482 711 φημι
513 644 614 711 τὴν
638 642 983 713 Ἰσοκράτους
1007 642 1154 707 λέξιν
1178 645 1466 696 λείπεσθαι
1489 651 1584 712 τῆς
1610 646 1825 697 Λυσίου
1870 662 1890 695 5

140 729 232 783 καὶ
271 733 350 783 ε”τι
388 733 523 784 κατὰ
562 732 662 800 τὴν
701 733 876 800 χάριν.
952 735 1130 785 καίτοι
1169 752 1228 800 γε
1268 731 1517 802 ἀνθηρός
1556 731 1729 800 ἐστιν,
1777 734 1824 785 εἳ

141 822 237 872 καί
270 840 352 882 τις
392 821 580 887 ἄλλος,
627 819 716 872 καὶ
757 819 1037 888 ἐπαγωγὸς
1083 820 1254 890 ἡδονῇ
1302 830 1413 873 τῶν
1459 819 1825 890 ἀκροωμένων

134 906 478 977 Ἰσοκράτης,
533 907 649 961 ἀλλ’
706 908 806 961 οὐκ
861 911 970 977 ἔχει
1024 910 1124 977 τὴν
1178 908 1350 977 αὐτὴν
1403 910 1566 979 χάριν
1620 909 1823 982 ἐκείνῳ.

141 1004 408 1050 τοσοῦτον
448 994 508 1050 δὲ
547 997 718 1050 αὐτοῦ
759 1000 998 1061 λείπεται
1036 999 1172 1050 κατὰ
1209 998 1415 1066 ταύτην
1460 998 1562 1066 τὴν
1607 997 1823 1068 ἀρετήν,

142 1086 276 1138 ὅσον
322 1095 432 1138 τῶν
483 1086 646 1154 φύσει
699 1090 883 1139 καλῶν
937 1086 1203 1154 σωμάτων
1252 1087 1318 1138 τὰ
1365 1089 1826 1155 συνερανιζόμενα
1849 1106 1891 1138 10

141 1176 367 1243 κόσμοις
407 1173 697 1236 ἐπιθέτοις.
765 1173 975 1243 πέφυκε
1014 1176 1118 1243 γὰρ
1158 1174 1190 1242 ἡ
1233 1177 1448 1227 Λυσίου
1496 1173 1636 1238 λέξις
1678 1177 1825 1243 ἔχειν

142 1264 202 1315 τὸ
242 1265 448 1331 χαρίεν,
487 1262 520 1330 ἡ
554 1259 613 1315 δὲ
646 1261 990 1332 Ἰσοκράτους
1029 1263 1300 1331 βούλεται.
1369 1264 1592 1325 ταύταις
1623 1260 1723 1332 μὲν
1755 1264 1822 1331 δὴ

140 1360 258 1413 ταῖς
319 1351 535 1421 ἀρεταῖς
595 1351 813 1420 ὑστερεῖ
867 1354 1082 1404 Λυσίου
1143 1353 1278 1404 κατὰ
1339 1359 1479 1419 γοῦν
1534 1352 1636 1419 τὴν
1689 1351 1825 1420 ἐμὴν

141 1440 380 1509 γνώμην.
448 1448 703 1509 προτερεῖ
741 1438 807 1492 δέ
841 1459 902 1507 γε
943 1439 1003 1492 ἐν
1033 1449 1151 1501 ταῖς
1182 1440 1510 1508 μελλούσαις
1541 1439 1823 1507 λέγεσθαι·

140 1528 479 1597 ὑψηλότερός
542 1527 691 1580 ε’στιν
749 1527 963 1581 ἐκείνου
1023 1530 1158 1581 κατὰ
1219 1529 1321 1596 τὴν
1383 1527 1676 1598 ἑρμηνείαν
1735 1527 1824 1581 καὶ
1851 1546 1893 1579 15

141 1615 709 1686 μεγαλοπρεπέστερος
748 1623 936 1688 μακρῷ
973 1615 1065 1669 καὶ
1104 1616 1617 1687 ἀξιωματικώτερος.
1685 1623 1826 1670 θαυ-

142 1706 350 1773 μαστὸν
381 1706 485 1774 γὰρ
519 1706 585 1773 δὴ
618 1703 707 1758 καὶ
740 1704 878 1774 μέγα
907 1706 968 1758 τὸ
998 1712 1092 1773 τῆς
1115 1704 1462 1776 Ἰσοκράτους
1492 1712 1826 1773 κατασκευῆς

141 1793 298 1868 ὕψρς,
338 1793 574 1862 ἡρωϊκῆς
612 1798 822 1862 μᾶλλον
860 1793 893 1862 ἢ
934 1793 1292 1864 ἀνθρωπίνης
1342 1795 1560 1863 φύσεως
1607 1795 1824 1847 οἰκεῖον.

144 1882 295 1934 δοκεῖ
332 1883 400 1949 δή
440 1903 532 1950 μοι
571 1883 642 1950 μὴ
683 1883 788 1935 ἄπο
829 1890 1038 1935 σκοποῦ
1084 1902 1166 1944 τις
1206 1881 1276 1934 ἂν
1323 1884 1533 1936 εἰκάσαι
1580 1883 1680 1950 τὴν
1726 1880 1826 1951 μὲν

54 1988 139 2027 542
159 1969 504 2039 Ἰσοκράτους
535 1970 832 2040 ῥητορικὴν
854 1979 918 2041 τῇ
946 1973 1324 2024 Πολυκλείτου
1386 1991 1443 2024 τε
1474 1970 1564 2024 καὶ
1597 1972 1827 2024 Φειδίου
1851 1990 1893 2022 20

142 2057 304 2129 τέχνῃ
343 2060 478 2110 κατὰ
525 2059 585 2111 τὸ
626 2060 830 2127 σεμνὸν
874 2057 964 2111 καὶ
1012 2061 1412 2128 μεγαλότεχνον
1456 2059 1546 2113 καὶ
1593 2059 1826 2128 ἀξιωμα-

142 2149 320 2215 τικόν,
368 2148 468 2215 τὴν
514 2144 575 2199 δὲ
615 2151 831 2200 Λυσίου
877 2156 940 2217 τῇ
980 2149 1299 2217 Καλάμιδος
1337 2146 1427 2200 καὶ
1466 2149 1825 2216 Καλλιμάχου

142 2243 237 2304 τῆς
288 2237 611 2304 λεπτότητος
664 2234 823 2288 ἕνεκα
875 2234 965 2288 καὶ
1019 2243 1113 2303 τῆς
1166 2237 1399 2305 χάριτος.
1483 2237 1664 2306 ὥσπερ
1721 2237 1824 2305 γὰρ

264 2430 314 2468 11
351 2424 400 2468 cf
427 2437 630 2480 anonym
661 2422 711 2467 in
740 2423 944 2481 Hermog
975 2424 1036 2467 W
1059 2423 1175 2468 VII²
1200 2429 1327 2481 1036,
1357 2430 1409 2468 15

265 2606 287 2644 1
323 2601 398 2645 ἐπὶ
430 2602 480 2646 τὸ
507 2601 562 2645 F:
596 2600 672 2644 ἐπὶ
695 2600 872 2643 MPBv
963 2606 991 2645 4
1023 2600 1143 2645 κατὰ
1173 2615 1256 2658 per
1287 2616 1362 2645 ras
1396 2615 1451 2646 ex
1483 2600 1646 2645 καὶτὰ
1671 2602 1705 2644 F

146 2665 172 2703 5
197 2662 295 2727 τῆς]
320 2667 421 2711 ταῖς
436 2660 472 2703 Β
498 2660 581 2704 sed
604 2666 684 2717 τῆς
705 2673 806 2703 corr
829 2659 878 2702 in
902 2674 980 2716 mg
1063 2665 1089 2704 8
1113 2658 1250 2718 χάριν
1269 2689 1284 2706 .
1302 2690 1318 2706 .
1337 2659 1497 2705 ἐκείνω
1524 2661 1705 2704 duabus
1730 2660 1823 2704 fere

146 2717 317 2763 litteus
349 2719 493 2763 erasis
525 2719 561 2762 F
666 2723 719 2763 12
751 2716 911 2776 χαρίεν
943 2719 979 2761 F
1011 2718 1137 2763 solus
1180 2720 1185 2778 Ι
1227 2720 1256 2776 ἡ
1290 2716 1341 2763 δὲ
1375 2720 1430 2764 F:
1463 2719 1491 2776 ἡ
1525 2717 1573 2763 δ’
1602 2719 1780 2762 MPBv
1815 2721 1818 2766 0

147 2777 426 2833 ἰσωκράτους
456 2778 492 2821 F
596 2782 651 2821 13
682 2775 849 2834 καταγ’
881 2773 966 2822 οὖν
997 2777 1032 2821 F
1126 2783 1180 2822 14
1212 2779 1480 2835 μελλούσαις
1503 2793 1560 2822 ex
1583 2779 1826 2834 μελούσαις

146 2835 204 2878 F¹
288 2841 342 2880 16
375 2835 849 2894 μεγαλοπρεπέστερος
873 2850 922 2881 a:
947 2835 1429 2894 μεγαλοπρεπέστατος
1451 2837 1562 2881 libri
1647 2842 1700 2880 17
1733 2851 1824 2879 ισο-

146 2892 372 2949 κράτκους
402 2896 438 2939 F
470 2910 572 2940 corr
602 2896 659 2939 F¹
753 2901 806 2939 18
840 2895 1014 2940 οἰκεῖον
1047 2910 1102 2940 ex
1135 2896 1280 2941 οἰκεῖν
1313 2896 1347 2939 F
1443 2902 1494 2940 19
1527 2896 1621 2940 ἀπὸ
1654 2896 1690 2938 Ρ
1730 2894 1823 2938 ἄπο

148 2964 205 2995 ex
235 2952 337 2998 ἄπω
368 2954 404 2998 F
495 2960 550 2999 22
583 2953 837 3011 καλαμίδος
867 2954 903 2998 Ρ
