2004 3202
231 118 338 170 352
654 119 995 162 ΔΙοΝΤΣῙοΤ
1026 118 1492 162 ΑΛῙΚΑΡΝΑΣΕῼΣ

228 257 517 323 κρείττοσι,
557 252 624 306 δι’
667 253 763 316 οὓς
800 252 1076 307 ὑπέπεσον
1105 251 1422 320 Ἀθηναίοις
1454 254 1507 305 οἱ
1537 253 1635 305 τὸν
1665 255 1909 323 πόλεμον

230 341 603 410 ἐξενέγκαντες
639 340 752 394 κατ’
793 341 998 408 αὐτῶν,
1046 339 1499 410 ἐπιτηδειοτέροις
1546 337 1672 394 οὖσι
1709 342 1909 411 ταύτης

229 438 324 498 τῆς
361 438 519 500 τιμῆς
564 431 858 499 τυγχάνειν
905 429 1006 481 οὐκ
1054 428 1274 497 ἐποίησε
1318 430 1417 482 τὸν
1457 429 1771 499 ἐπιτάφιον;
1817 431 1911 484 ἵνα

231 517 292 572 δὲ
329 520 506 581 πάσας
544 519 667 588 ἀφῶ
707 520 801 580 τὰς
841 519 1009 580 ἄλλας
1047 519 1219 586 μάχας
1265 519 1360 580 τάς
1406 537 1464 571 τε
1501 520 1637 572 κατὰ
1675 526 1780 587 γῆν
1818 518 1910 572 καὶ

184 626 205 659 5
229 610 365 661 κατὰ
402 609 699 674 θάλατταν,
740 606 800 659 έν
831 599 918 668 αἷς
955 604 1151 659 πολλοὶ
1187 607 1591 676 διεφθάρησαν,
1632 607 1728 670 οὓς
1765 610 1908 661 πολὺ

230 697 574 766 δικαιότερον
611 691 681 762 ἦν
718 700 1046 763 κοσμεῖσθαι
1077 703 1193 757 τοῖς
1225 693 1532 764 ἐπιταφίοις
1570 694 1830 767 ἐπαίὶνοις
1860 696 1994 765 ἢὸὅῖ

229 787 357 847 τοὺς
394 786 726 854 περιπόλους
763 790 858 852 τῆς
887 782 1149 851 Ἀττικῆς,
1191 784 1369 846 ἱππεῖς
1409 782 1539 836 δέκα
1568 783 1602 852 ἢ
1631 788 1910 838 πεντεκαί-

229 875 360 926 δεκα
399 875 577 940 ὄντας,
618 873 671 925 οἱ
711 871 772 924 ἐν
811 874 1041 942 Σικελία
1079 872 1211 940 μετὰ
1242 874 1448 924 Νικίου
1485 870 1576 943 καὶ
1615 872 1910 941 Δημοσθέ-

228 981 361 1023 νους
400 961 779 1022 ἀποθανόντες
807 958 1124 1028 Ἀθηναίων
1154 958 1246 1012 καὶ
1277 969 1388 1012 τῶν
1421 961 1721 1029 συμμάχων
1760 963 1821 1014 ἔν
1851 981 1908 1015 τε

164 1069 205 1100 10
228 1058 346 1112 ταῖς
391 1052 719 1118 ναυμαχίαις
764 1050 826 1101 ἔν
870 1068 928 1101 τε
973 1057 1089 1111 τοῖς
1140 1050 1276 1101 κατὰ
1328 1055 1434 1116 γῆν
1484 1048 1657 1116 ἀγῶσι
1709 1048 1800 1102 καὶ
1846 1051 1907 1103 τὸ

228 1143 541 1191 τελευταῖον
581 1137 641 1190 ἐν
685 1145 748 1207 τῇ
802 1138 1052 1208 δυστήνῳ
1100 1145 1250 1207 φυγῇ
1300 1139 1762 1207 τετρακιςμυρίων
1809 1138 1910 1192 οὐκ

230 1226 485 1288 ἐλάττους
524 1228 679 1288 ὄντες
715 1223 807 1278 καὶ
847 1222 978 1278 οὐδὲ
1016 1233 1192 1294 ταφῆς
1224 1223 1560 1294 δυνηθέντες
1590 1234 1777 1294 τυχεῖν
1815 1234 1910 1295 τῆς

227 1318 465 1384 νομίμου
509 1317 660 1386 πόσῳ
708 1318 919 1383 μᾶλλον
964 1310 1105 1382 ἦσαν
1152 1313 1576 1383 ἐπιτηδειότεροι
1614 1315 1909 1383 τυγχάνειν

229 1409 428 1456 οἴκτων
464 1423 522 1456 τε
559 1401 650 1455 καὶ
688 1405 909 1471 κόσμων
948 1401 1276 1471 έπιταφίων;
1316 1401 1344 1454 ὃ
1378 1400 1429 1454 δ’
1466 1401 1639 1464 οὕτως
1677 1402 1908 1471 ἠμέληκε

162 1509 204 1540 15
228 1501 339 1544 τῶν
379 1491 616 1562 ἀνδρῶν,
658 1492 788 1553 ὥςτε
819 1487 955 1560 μηδὲ
986 1498 1148 1544 τοῦτο
1182 1491 1315 1543 αὐτὸ
1348 1492 1537 1558 εἰπεῖν,
1578 1491 1662 1543 ὅτι
1698 1489 1908 1555 πένθος

229 1581 464 1651 δημοσίᾳ
501 1581 779 1650 προῦθετο
819 1579 851 1647 ἡ
890 1581 1050 1641 πόλις
1095 1578 1186 1631 καὶ
1235 1581 1365 1641 τοὺς
1410 1580 1676 1641 εἰωθότας
1727 1579 1907 1647 ἐναγι-

229 1670 400 1737 σμοὺς
438 1678 552 1730 τοῖς
593 1666 679 1720 ἐπὶ
712 1666 867 1735 ξένης
906 1667 1291 1720 ἀποθανοῦσιν
1331 1666 1640 1720 ἐπετέλεσεν
1677 1667 1769 1720 καὶ
1808 1670 1907 1722 τὸν
1983 1668 1985 1670 ’

230 1755 463 1826 ἐροῦντα
509 1754 592 1808 ἐπ’
630 1755 815 1818 αὐτοῖς
861 1745 1166 1824 ἀπέδειξεν,
1221 1754 1281 1817 ὃς
1334 1764 1444 1807 τῶν
1490 1757 1610 1807 τότε
1658 1755 1907 1827 ῥητόρων
1980 1759 1985 1795 ἕ

229 1843 410 1911 λέγειν
433 1841 502 1911 ἦν
528 1845 870 1906 ἱκανώτατος.
926 1843 992 1896 οὐ
1029 1843 1034 1912 Ι
1069 1845 1173 1913 γὰρ
1200 1844 1266 1911 δὴ
1299 1844 1443 1905 εἰκὸς
1465 1840 1535 1911 ἦν
1562 1842 1891 1912 Ἀθηναίους
1908 1857 1961 1898 85

163 1951 205 1983 20
231 1931 317 1985 ἐπὶ
357 1930 458 2001 μὲν
495 1941 610 1994 τοῖς
647 1933 1031 1985 πεντεκαίδεκα
1080 1932 1339 1984 ἱππεῦσιν
1384 1933 1621 2002 δημοσίᾳ
1657 1939 1905 2002 πενθεῖν,
1976 1931 1999 1953 ''

228 2022 391 2089 <τοὺς
416 2019 463 2073 δ’
491 2020 550 2074 έν
567 2024 795 2091 Σικελίᾳ
816 2023 1100 2089 πεσόντας,
1135 2020 1195 2073 έν
1220 2013 1418 2088 οἷς>**,
1450 2030 1561 2073 τῶν
1585 2020 1632 2073 δ’
1659 2020 1718 2073 ἐκ
1745 2041 1905 2074 κατα-

228 2112 398 2177 λόγου
428 2113 652 2172 πλείους
684 2112 737 2163 οἱ
769 2108 1171 2180 διαφθαρέντες
1200 2108 1233 2177 ἢ
1264 2112 1706 2178 πεντακιςχίλιοι,
1743 2112 1905 2179 μηδε-

227 2206 353 2265 μιᾶς
377 2197 601 2261 άξιῶσαι
625 2205 795 2267 τιμῆς.
835 2197 951 2251 ἀλλ’
983 2200 1162 2250 ἔοικεν
1185 2197 1214 2250 ὁ
1241 2199 1592 2267 συγγραφεὺς
1608 2195 1905 2268 (εἰρήσεται

227 2287 331 2354 γὰρ
358 2286 390 2338 ἃ
415 2288 626 2356 φρονῶ)
654 2294 730 2358 τῷ
755 2285 1091 2356 Περικλέους
1113 2286 1386 2357 προσώπῳ
1411 2288 1748 2354 βουλόμενος
1771 2285 1903 2339 ἀπο-

163 2391 204 2423 25
228 2376 539 2442 χρήσασθαι
577 2373 668 2426 καὶ
707 2376 804 2427 τὸν
852 2374 1142 2443 ἐπιτάφιον
1180 2376 1410 2427 ἔπαινον
1448 2375 1520 2436 ὡς
1558 2373 1648 2427 ὑπ’
1690 2373 1902 2427 ἐκείνου

349 2566 370 2602 1
406 2560 450 2603 οἱ
480 2569 570 2605 τῶν
602 2562 637 2604 Ρ
743 2568 768 2605 5
804 2562 882 2613 οὓς
912 2563 950 2607 f:
985 2563 1038 2606 οὐ
1064 2562 1158 2604 ΜΡ
1263 2567 1287 2605 7
1318 2559 1595 2616 περιπόλους
1626 2562 1898 2606 Dudibhius:

227 2619 421 2669 πολλοὺς
453 2619 577 2662 MPf
679 2625 731 2663 11
765 2619 998 2666 τελευτέον
1029 2621 1064 2663 Ρ
1092 2625 1097 2673 Ι
1126 2620 1356 2676 δυσςτήνω
1381 2621 1416 2663 Ρ
1521 2625 1573 2663 12
1608 2621 1901 2671 ἐλάττοντονς

228 2678 420 2720 confusa
453 2678 627 2733 duplici
658 2679 856 2723 lectione
881 2681 928 2722 M
956 2682 961 2738 Ι
991 2680 1123 2731 ὄντος
1154 2680 1188 2722 Ρ
1311 2685 1364 2722 13
1398 2678 1900 2734 ἐπιτειδειόιέροιΜΡ2

229 2734 539 2790 -δεινότεροι
570 2737 627 2778 P1
778 2743 829 2781 17
864 2737 1013 2790 ξένοις
1043 2739 1078 2781 Ρ
1107 2741 1111 2795 Ι
1141 2737 1369 2782 ἐπετέλεσε
1392 2738 1415 2780 f
1560 2742 1613 2780 18
1647 2738 1840 2783 ἐνοῦντα
1863 2738 1898 2780 Ρ

347 2800 400 2838 19
434 2791 512 2852 ἦν]
544 2791 571 2851 ἦ
604 2796 638 2838 Ρ
774 2801 828 2838 2Ο
862 2797 1046 2841 ἱππεῦσι
1078 2798 1146 2839 Pf
1276 2802 1328 2840 21
1362 2797 1543 2839 hiatum
1574 2796 1781 2840 indicaui

229 2859 283 2896 22
317 2853 361 2898 οἱ
392 2852 736 2910 διαφθαρέντες
767 2855 880 2899 MP:
915 2854 1269 2911 διαφθαρέντας
1292 2856 1315 2898 f
1353 2858 1358 2911 Ι
1400 2854 1754 2913 πεντακιςχίλιοι
1783 2855 1895 2899 MP:

228 2911 615 2970 πεντακιςχιλίους
638 2913 661 2955 f
776 2919 831 2956 24
863 2913 950 2968 γὰρ
983 2916 1200 2970 ἀφρονῶς
1231 2914 1290 2957 Ρ1
