<?xml version="1.0" encoding="UTF-8"?>
<!DOCTYPE html PUBLIC "-//W3C//DTD XHTML 1.0 Transitional//EN"
    "http://www.w3.org/TR/xhtml1/DTD/xhtml1-transitional.dtd">
<html xmlns="http://www.w3.org/1999/xhtml" xml:lang="en" lang="en">
 <head>
  <title>
</title>
<meta http-equiv="Content-Type" content="text/html;charset=utf-8" />
  <meta name='ocr-system' content='tesseract 3.04.00' />
  <meta name='ocr-capabilities' content='ocr_page ocr_carea ocr_par ocr_line ocrx_word'/>
</head>
<body>
  <div class='ocr_page' id='page_1' title='image "./quaeexstant05dionuoft_0069.png"; bbox 0 0 1958 3192; ppageno 0'>
   <div class='ocr_carea' id='block_1_1' title="bbox 26 941 36 967">
    <p class='ocr_par' dir='ltr' id='par_1_1' title="bbox 26 941 36 967">
     <span class='ocr_line' id='line_1_1' title="bbox 26 941 36 967; baseline 0 0"><span class='ocrx_word' id='word_1_1' title='bbox 26 941 36 967; x_wconf 61' lang='lat' dir='ltr'>b</span> 
     </span>
    </p>
   </div>
   <div class='ocr_carea' id='block_1_2' title="bbox 872 89 1827 142">
    <p class='ocr_par' dir='ltr' id='par_1_2' title="bbox 872 89 1827 142">
     <span class='ocr_line' id='line_1_2' title="bbox 872 89 1827 142; baseline 0.013 -12"><span class='ocrx_word' id='word_1_2' title='bbox 872 90 1104 132; x_wconf 76' lang='grc' dir='ltr'><strong>ΛΤΣῙΑΣ</strong></span> <span class='ocrx_word' id='word_1_3' title='bbox 1758 89 1827 142; x_wconf 88' lang='grc'><em>19</em></span> 
     </span>
    </p>
   </div>
   <div class='ocr_carea' id='block_1_3' title="bbox 55 222 1834 294">
    <p class='ocr_par' dir='ltr' id='par_1_3' title="bbox 55 222 1834 294">
     <span class='ocr_line' id='line_1_3' title="bbox 55 222 1834 294; baseline -0.002 -15"><span class='ocrx_word' id='word_1_4' title='bbox 55 223 66 269; x_wconf 70' lang='grc' dir='ltr'>Ϊ</span> <span class='ocrx_word' id='word_1_5' title='bbox 155 227 410 294; x_wconf 80' lang='grc' dir='ltr'><strong><em>αἰσθήσει</em></strong></span> <span class='ocrx_word' id='word_1_6' title='bbox 470 226 575 294; x_wconf 83' lang='grc' dir='ltr'><em>γὰρ</em></span> <span class='ocrx_word' id='word_1_7' title='bbox 635 225 848 277; x_wconf 91' lang='grc' dir='ltr'><em>τούτων</em></span> <span class='ocrx_word' id='word_1_8' title='bbox 911 222 1143 277; x_wconf 79' lang='grc' dir='ltr'><em>ἕκαστον</em></span> <span class='ocrx_word' id='word_1_9' title='bbox 1210 225 1679 293; x_wconf 80' lang='grc' dir='ltr'><em>καταλαμβάνεται</em></span> <span class='ocrx_word' id='word_1_10' title='bbox 1744 223 1834 277; x_wconf 88' lang='grc' dir='ltr'><em>καὶ</em></span> 
     </span>
    </p>
   </div>
   <div class='ocr_carea' id='block_1_4' title="bbox 153 310 1835 559">
    <p class='ocr_par' dir='ltr' id='par_1_4' title="bbox 153 310 1835 559">
     <span class='ocr_line' id='line_1_4' title="bbox 156 310 1835 384; baseline -0.001 -18"><span class='ocrx_word' id='word_1_11' title='bbox 156 313 223 366; x_wconf 86' lang='grc' dir='ltr'><em>οὐ</em></span> <span class='ocrx_word' id='word_1_12' title='bbox 251 315 410 384; x_wconf 79' lang='grc' dir='ltr'><em>λόγῳ.</em></span> <span class='ocrx_word' id='word_1_13' title='bbox 471 311 612 366; x_wconf 81' lang='grc' dir='ltr'><em>ὥσθ’</em></span> <span class='ocrx_word' id='word_1_14' title='bbox 644 313 776 382; x_wconf 84' lang='grc' dir='ltr'><em>ὅπερ</em></span> <span class='ocrx_word' id='word_1_15' title='bbox 810 314 862 366; x_wconf 82' lang='grc' dir='ltr'><em>οἱ</em></span> <span class='ocrx_word' id='word_1_16' title='bbox 893 310 1150 382; x_wconf 81' lang='grc' dir='ltr'><em>μουσικοὶ</em></span> <span class='ocrx_word' id='word_1_17' title='bbox 1180 310 1623 382; x_wconf 79' lang='grc' dir='ltr'><em>παραγγέλλουσι</em></span> <span class='ocrx_word' id='word_1_18' title='bbox 1653 320 1835 364; x_wconf 84' lang='grc' dir='ltr'><em>ποιεῖν</em></span> 
     </span>
     <span class='ocr_line' id='line_1_5' title="bbox 153 397 1835 471; baseline -0.001 -17"><span class='ocrx_word' id='word_1_19' title='bbox 153 410 268 463; x_wconf 92' lang='grc' dir='ltr'><em>τοῖς</em></span> <span class='ocrx_word' id='word_1_20' title='bbox 298 399 658 470; x_wconf 81' lang='grc' dir='ltr'><em>βουλομένοις</em></span> <span class='ocrx_word' id='word_1_21' title='bbox 688 400 913 454; x_wconf 83' lang='grc' dir='ltr'><em>ἀκούειν</em></span> <span class='ocrx_word' id='word_1_22' title='bbox 943 400 1182 471; x_wconf 81' lang='grc' dir='ltr'><em>ἀκριβῶς</em></span> <span class='ocrx_word' id='word_1_23' title='bbox 1213 400 1494 470; x_wconf 77' lang='grc' dir='ltr'><em>ἁρμονίας,</em></span> <span class='ocrx_word' id='word_1_24' title='bbox 1529 401 1667 452; x_wconf 81' lang='grc' dir='ltr'><em>ὥστε</em></span> <span class='ocrx_word' id='word_1_25' title='bbox 1698 397 1835 468; x_wconf 77' lang='grc' dir='ltr'><em>μηδὲ</em></span> 
     </span>
     <span class='ocr_line' id='line_1_6' title="bbox 153 487 1834 559; baseline -0.001 -17"><span class='ocrx_word' id='word_1_26' title='bbox 153 489 255 558; x_wconf 87' lang='grc' dir='ltr'><em>τὴν</em></span> <span class='ocrx_word' id='word_1_27' title='bbox 294 489 585 558; x_wconf 83' lang='grc' dir='ltr'><em>ἐλαχίστην</em></span> <span class='ocrx_word' id='word_1_28' title='bbox 624 489 684 542; x_wconf 89' lang='grc' dir='ltr'><em>ἐν</em></span> <span class='ocrx_word' id='word_1_29' title='bbox 722 498 837 552; x_wconf 90' lang='grc' dir='ltr'><em>τοῖς</em></span> <span class='ocrx_word' id='word_1_30' title='bbox 876 491 1203 559; x_wconf 86' lang='grc' dir='ltr'><em>διαστήμασι</em></span> <span class='ocrx_word' id='word_1_31' title='bbox 1243 490 1422 542; x_wconf 82' lang='grc' dir='ltr'><em>δίεσιν</em></span> <span class='ocrx_word' id='word_1_32' title='bbox 1451 487 1693 556; x_wconf 79' lang='grc' dir='ltr'><em>ἀγνοεῖν,</em></span> <span class='ocrx_word' id='word_1_33' title='bbox 1732 488 1834 556; x_wconf 84' lang='grc' dir='ltr'><em>τὴν</em></span> 
     </span>
    </p>
   </div>
   <div class='ocr_carea' id='block_1_5' title="bbox 63 568 1896 654">
    <p class='ocr_par' dir='ltr' id='par_1_5' title="bbox 63 568 1896 654">
     <span class='ocr_line' id='line_1_7' title="bbox 63 568 1896 654; baseline -0.003 -20"><span class='ocrx_word' id='word_1_34' title='bbox 63 597 150 636; x_wconf 81' lang='grc'><em>475</em></span> <span class='ocrx_word' id='word_1_35' title='bbox 176 577 347 646; x_wconf 85' lang='grc' dir='ltr'><em>ἀκοὴν</em></span> <span class='ocrx_word' id='word_1_36' title='bbox 387 577 590 643; x_wconf 82' lang='grc' dir='ltr'><em>ἐθίζειν</em></span> <span class='ocrx_word' id='word_1_37' title='bbox 631 576 636 648; x_wconf 88' lang='grc' dir='ltr'>Ι</span> <span class='ocrx_word' id='word_1_38' title='bbox 678 577 769 631; x_wconf 85' lang='grc' dir='ltr'><em>καὶ</em></span> <span class='ocrx_word' id='word_1_39' title='bbox 808 575 981 647; x_wconf 76' lang='grc' dir='ltr'><em>μηδὲν</em></span> <span class='ocrx_word' id='word_1_40' title='bbox 1019 579 1153 631; x_wconf 79' lang='grc' dir='ltr'><em>ἄλλο</em></span> <span class='ocrx_word' id='word_1_41' title='bbox 1198 578 1399 646; x_wconf 80' lang='grc' dir='ltr'><em>ταύτης</em></span> <span class='ocrx_word' id='word_1_42' title='bbox 1444 568 1833 654; x_wconf 84' lang='grc' dir='ltr'><em>ἀκριβέστερον</em></span> <span class='ocrx_word' id='word_1_43' title='bbox 1874 596 1896 628; x_wconf 83' lang='grc'>5</span> 
     </span>
    </p>
   </div>
   <div class='ocr_carea' id='block_1_6' title="bbox 153 659 1835 827">
    <p class='ocr_par' dir='ltr' id='par_1_6' title="bbox 153 659 1835 827">
     <span class='ocr_line' id='line_1_8' title="bbox 153 659 1835 737; baseline -0.001 -19"><span class='ocrx_word' id='word_1_44' title='bbox 153 668 329 734; x_wconf 80' lang='grc' dir='ltr'><em>ζητεῖν</em></span> <span class='ocrx_word' id='word_1_45' title='bbox 366 659 668 737; x_wconf 78' lang='grc' dir='ltr'><em>κριτήριον,</em></span> <span class='ocrx_word' id='word_1_46' title='bbox 707 674 870 720; x_wconf 86' lang='grc' dir='ltr'><em>τοῦτο</em></span> <span class='ocrx_word' id='word_1_47' title='bbox 909 665 1058 734; x_wconf 83' lang='grc' dir='ltr'><em>κάγὼ</em></span> <span class='ocrx_word' id='word_1_48' title='bbox 1096 674 1212 729; x_wconf 90' lang='grc' dir='ltr'><em>τοῖς</em></span> <span class='ocrx_word' id='word_1_49' title='bbox 1255 665 1697 733; x_wconf 80' lang='grc' dir='ltr'><em>ἀναγινώσκουσι</em></span> <span class='ocrx_word' id='word_1_50' title='bbox 1735 665 1835 717; x_wconf 89' lang='grc' dir='ltr'><em>τὸν</em></span> 
     </span>
     <span class='ocr_line' id='line_1_9' title="bbox 154 752 1834 827; baseline 0 -21"><span class='ocrx_word' id='word_1_51' title='bbox 154 757 371 807; x_wconf 90' lang='grc' dir='ltr'><em>Λυσίαν</em></span> <span class='ocrx_word' id='word_1_52' title='bbox 407 753 498 807; x_wconf 78' lang='grc' dir='ltr'><em>καὶ</em></span> <span class='ocrx_word' id='word_1_53' title='bbox 543 758 627 818; x_wconf 91' lang='grc' dir='ltr'><em>τίς</em></span> <span class='ocrx_word' id='word_1_54' title='bbox 664 755 697 824; x_wconf 84' lang='grc' dir='ltr'><em>ἡ</em></span> <span class='ocrx_word' id='word_1_55' title='bbox 736 754 864 825; x_wconf 81' lang='grc' dir='ltr'><em>παρ’</em></span> <span class='ocrx_word' id='word_1_56' title='bbox 912 755 1060 827; x_wconf 77' lang='grc' dir='ltr'><em>αὐτῷ</em></span> <span class='ocrx_word' id='word_1_57' title='bbox 1110 756 1266 825; x_wconf 90' lang='grc' dir='ltr'><em>χάρις</em></span> <span class='ocrx_word' id='word_1_58' title='bbox 1314 753 1426 807; x_wconf 85' lang='grc' dir='ltr'><em>ε’στὶ</em></span> <span class='ocrx_word' id='word_1_59' title='bbox 1474 752 1834 823; x_wconf 82' lang='grc' dir='ltr'><em>βουλομένοις</em></span> 
     </span>
    </p>
   </div>
   <div class='ocr_carea' id='block_1_7' title="bbox 61 841 1834 915">
    <p class='ocr_par' dir='ltr' id='par_1_7' title="bbox 61 841 1834 915">
     <span class='ocr_line' id='line_1_10' title="bbox 61 841 1834 915; baseline 0 -20"><span class='ocrx_word' id='word_1_60' title='bbox 61 864 147 904; x_wconf 76' lang='lat'><em>476</em></span> <span class='ocrx_word' id='word_1_61' title='bbox 172 849 376 911; x_wconf 82' lang='grc' dir='ltr'><em>μαθεῖν</em></span> <span class='ocrx_word' id='word_1_62' title='bbox 413 844 729 913; x_wconf 82' lang='grc' dir='ltr'><em>ὑποθείμην</em></span> <span class='ocrx_word' id='word_1_63' title='bbox 767 843 837 896; x_wconf 77' lang='grc' dir='ltr'><em>ἂν</em></span> <span class='ocrx_word' id='word_1_64' title='bbox 876 842 1258 915; x_wconf 75' lang='grc' dir='ltr'><em>ἐπιτηΙδεύειν,</em></span> <span class='ocrx_word' id='word_1_65' title='bbox 1297 845 1477 915; x_wconf 79' lang='grc' dir='ltr'><em>χρόνῳ</em></span> <span class='ocrx_word' id='word_1_66' title='bbox 1516 847 1704 914; x_wconf 76' lang='grc' dir='ltr'><em>πολλῷ</em></span> <span class='ocrx_word' id='word_1_67' title='bbox 1741 841 1834 895; x_wconf 85' lang='grc' dir='ltr'><em>καὶ</em></span> 
     </span>
    </p>
   </div>
   <div class='ocr_carea' id='block_1_8' title="bbox 147 931 1900 1889">
    <p class='ocr_par' dir='ltr' id='par_1_8' title="bbox 147 931 1900 1889">
     <span class='ocr_line' id='line_1_11' title="bbox 150 931 1834 1004; baseline 0 -20"><span class='ocrx_word' id='word_1_68' title='bbox 150 939 332 1003; x_wconf 77' lang='grc' dir='ltr'><em>μακρᾷ</em></span> <span class='ocrx_word' id='word_1_69' title='bbox 367 935 527 1003; x_wconf 78' lang='grc' dir='ltr'><em>τριβῇ</em></span> <span class='ocrx_word' id='word_1_70' title='bbox 564 931 656 985; x_wconf 89' lang='grc' dir='ltr'><em>καὶ</em></span> <span class='ocrx_word' id='word_1_71' title='bbox 695 932 876 1004; x_wconf 79' lang='grc' dir='ltr'><em>ἀλόγῳ</em></span> <span class='ocrx_word' id='word_1_72' title='bbox 923 934 1092 986; x_wconf 80' lang='grc' dir='ltr'><em>πάθει</em></span> <span class='ocrx_word' id='word_1_73' title='bbox 1137 934 1239 1001; x_wconf 83' lang='grc' dir='ltr'><em>τὴν</em></span> <span class='ocrx_word' id='word_1_74' title='bbox 1286 934 1491 1000; x_wconf 76' lang='grc' dir='ltr'><em>ἄλογον</em></span> <span class='ocrx_word' id='word_1_75' title='bbox 1537 941 1834 985; x_wconf 88' lang='grc' dir='ltr'><em>συνασκεῖν</em></span> 
     </span>
     <span class='ocr_line' id='line_1_12' title="bbox 151 1019 1900 1091; baseline 0.003 -19"><span class='ocrx_word' id='word_1_76' title='bbox 151 1025 430 1089; x_wconf 81' lang='grc' dir='ltr'><em>αἴσθησιν.</em></span> <span class='ocrx_word' id='word_1_77' title='bbox 513 1023 718 1091; x_wconf 89' lang='grc' dir='ltr'><em>ταύτην</em></span> <span class='ocrx_word' id='word_1_78' title='bbox 777 1021 966 1091; x_wconf 89' lang='grc' dir='ltr'><em>μέντοι</em></span> <span class='ocrx_word' id='word_1_79' title='bbox 1025 1024 1322 1091; x_wconf 86' lang='grc' dir='ltr'><em>κρατίστην</em></span> <span class='ocrx_word' id='word_1_80' title='bbox 1373 1041 1430 1074; x_wconf 92' lang='grc' dir='ltr'><em>τε</em></span> <span class='ocrx_word' id='word_1_81' title='bbox 1484 1020 1684 1091; x_wconf 87' lang='grc' dir='ltr'><em>ἀρετὴν</em></span> <span class='ocrx_word' id='word_1_82' title='bbox 1740 1019 1830 1073; x_wconf 85' lang='grc' dir='ltr'><em>καὶ</em></span> <span class='ocrx_word' id='word_1_83' title='bbox 1857 1045 1900 1077; x_wconf 87' lang='lat'><em>10</em></span> 
     </span>
     <span class='ocr_line' id='line_1_13' title="bbox 151 1109 1833 1180; baseline 0 -19"><span class='ocrx_word' id='word_1_84' title='bbox 151 1111 701 1180; x_wconf 80' lang='grc' dir='ltr'><em>χαρακτηρικωτάτην</em></span> <span class='ocrx_word' id='word_1_85' title='bbox 739 1118 834 1178; x_wconf 86' lang='grc' dir='ltr'><em>τῆς</em></span> <span class='ocrx_word' id='word_1_86' title='bbox 874 1113 1090 1164; x_wconf 89' lang='grc' dir='ltr'><em>Λυσίου</em></span> <span class='ocrx_word' id='word_1_87' title='bbox 1138 1109 1330 1174; x_wconf 83' lang='grc' dir='ltr'><em>λέξεως</em></span> <span class='ocrx_word' id='word_1_88' title='bbox 1376 1113 1545 1178; x_wconf 80' lang='grc' dir='ltr'><em>ἔγωγε</em></span> <span class='ocrx_word' id='word_1_89' title='bbox 1594 1112 1833 1178; x_wconf 75' lang='grc' dir='ltr'><em>τίθεμαι,</em></span> 
     </span>
     <span class='ocr_line' id='line_1_14' title="bbox 151 1197 1831 1267; baseline 0.001 -18"><span class='ocrx_word' id='word_1_90' title='bbox 151 1202 258 1250; x_wconf 81' lang='grc' dir='ltr'><em>εἴτε</em></span> <span class='ocrx_word' id='word_1_91' title='bbox 296 1199 514 1266; x_wconf 89' lang='grc' dir='ltr'><em>φύσεως</em></span> <span class='ocrx_word' id='word_1_92' title='bbox 551 1198 725 1266; x_wconf 84' lang='grc' dir='ltr'><em>αὐτὴν</em></span> <span class='ocrx_word' id='word_1_93' title='bbox 763 1200 848 1251; x_wconf 91' lang='grc' dir='ltr'><em>δεῖ</em></span> <span class='ocrx_word' id='word_1_94' title='bbox 885 1203 1074 1252; x_wconf 90' lang='grc' dir='ltr'><em>καλεῖν</em></span> <span class='ocrx_word' id='word_1_95' title='bbox 1105 1198 1364 1267; x_wconf 86' lang='grc' dir='ltr'><em>εὐτυχίαν</em></span> <span class='ocrx_word' id='word_1_96' title='bbox 1396 1203 1503 1251; x_wconf 80' lang='grc' dir='ltr'><em>εἴτε</em></span> <span class='ocrx_word' id='word_1_97' title='bbox 1532 1201 1710 1251; x_wconf 90' lang='grc' dir='ltr'><em>πόνου</em></span> <span class='ocrx_word' id='word_1_98' title='bbox 1740 1197 1831 1251; x_wconf 87' lang='grc' dir='ltr'><em>καὶ</em></span> 
     </span>
     <span class='ocr_line' id='line_1_15' title="bbox 150 1284 1833 1356; baseline 0.001 -18"><span class='ocrx_word' id='word_1_99' title='bbox 150 1284 342 1355; x_wconf 83' lang='grc' dir='ltr'><em>τέχνης</em></span> <span class='ocrx_word' id='word_1_100' title='bbox 378 1286 640 1356; x_wconf 84' lang='grc' dir='ltr'><em>ἐργασίαν</em></span> <span class='ocrx_word' id='word_1_101' title='bbox 671 1292 779 1340; x_wconf 79' lang='grc' dir='ltr'><em>εἴτε</em></span> <span class='ocrx_word' id='word_1_102' title='bbox 810 1288 1007 1355; x_wconf 88' lang='grc' dir='ltr'><em>μικτὴν</em></span> <span class='ocrx_word' id='word_1_103' title='bbox 1039 1286 1091 1351; x_wconf 82' lang='grc' dir='ltr'><em>ἐξ</em></span> <span class='ocrx_word' id='word_1_104' title='bbox 1125 1286 1334 1356; x_wconf 85' lang='grc' dir='ltr'><em>ἀμφοῖν</em></span> <span class='ocrx_word' id='word_1_105' title='bbox 1365 1285 1530 1350; x_wconf 80' lang='grc' dir='ltr'><em>ἕξιν</em></span> <span class='ocrx_word' id='word_1_106' title='bbox 1510 1288 1542 1354; x_wconf 80' lang='grc' dir='ltr'><strong><em>ἠ</em></strong></span> <span class='ocrx_word' id='word_1_107' title='bbox 1576 1287 1833 1356; x_wconf 87' lang='grc' dir='ltr'><em>δύναμιν,</em></span> 
     </span>
     <span class='ocr_line' id='line_1_16' title="bbox 154 1367 1834 1445; baseline 0 -18"><span class='ocrx_word' id='word_1_108' title='bbox 154 1367 184 1445; x_wconf 85' lang='grc' dir='ltr'><em>ᾗ</em></span> <span class='ocrx_word' id='word_1_109' title='bbox 228 1374 437 1437; x_wconf 83' lang='grc' dir='ltr'><em>πάντας</em></span> <span class='ocrx_word' id='word_1_110' title='bbox 482 1373 734 1445; x_wconf 84' lang='grc' dir='ltr'><em>ὑπερέχει</em></span> <span class='ocrx_word' id='word_1_111' title='bbox 780 1377 910 1437; x_wconf 89' lang='grc' dir='ltr'><em>τοὺς</em></span> <span class='ocrx_word' id='word_1_112' title='bbox 965 1377 1194 1437; x_wconf 86' lang='grc' dir='ltr'><em>λοιποὺς</em></span> <span class='ocrx_word' id='word_1_113' title='bbox 1241 1375 1486 1445; x_wconf 87' lang='grc' dir='ltr'><em>ρήτορας.</em></span> <span class='ocrx_word' id='word_1_114' title='bbox 1563 1374 1654 1427; x_wconf 86' lang='grc' dir='ltr'><em>καὶ</em></span> <span class='ocrx_word' id='word_1_115' title='bbox 1701 1376 1834 1428; x_wconf 84' lang='grc' dir='ltr'><em>ὅταν</em></span> 
     </span>
     <span class='ocr_line' id='line_1_17' title="bbox 149 1462 1899 1534; baseline 0.002 -19"><span class='ocrx_word' id='word_1_116' title='bbox 149 1464 396 1534; x_wconf 79' lang='grc' dir='ltr'><em>διαπορῶ</em></span> <span class='ocrx_word' id='word_1_117' title='bbox 427 1466 559 1534; x_wconf 91' lang='grc' dir='ltr'><em>περί</em></span> <span class='ocrx_word' id='word_1_118' title='bbox 583 1483 736 1526; x_wconf 91' lang='grc' dir='ltr'><em>τινος</em></span> <span class='ocrx_word' id='word_1_119' title='bbox 767 1473 878 1517; x_wconf 89' lang='grc' dir='ltr'><em>τῶν</em></span> <span class='ocrx_word' id='word_1_120' title='bbox 902 1462 1332 1534; x_wconf 84' lang='grc' dir='ltr'><em>ἀναφερομένων</em></span> <span class='ocrx_word' id='word_1_121' title='bbox 1356 1465 1433 1526; x_wconf 83' lang='grc' dir='ltr'><em>εἰς</em></span> <span class='ocrx_word' id='word_1_122' title='bbox 1457 1463 1628 1516; x_wconf 85' lang='grc' dir='ltr'><em>αὐτὸν</em></span> <span class='ocrx_word' id='word_1_123' title='bbox 1652 1466 1833 1531; x_wconf 89' lang='grc' dir='ltr'><em>λόγων</em></span> <span class='ocrx_word' id='word_1_124' title='bbox 1857 1488 1899 1519; x_wconf 87' lang='lat'><em>15</em></span> 
     </span>
     <span class='ocr_line' id='line_1_18' title="bbox 147 1546 1832 1623; baseline 0.001 -19"><span class='ocrx_word' id='word_1_125' title='bbox 147 1550 238 1604; x_wconf 84' lang='grc' dir='ltr'><em>καὶ</em></span> <span class='ocrx_word' id='word_1_126' title='bbox 277 1553 349 1621; x_wconf 88' lang='grc' dir='ltr'><em>μὴ</em></span> <span class='ocrx_word' id='word_1_127' title='bbox 391 1551 587 1623; x_wconf 80' lang='grc' dir='ltr'><em>ῥᾴδιον</em></span> <span class='ocrx_word' id='word_1_128' title='bbox 625 1546 659 1623; x_wconf 81' lang='grc' dir='ltr'><em>ᾗ</em></span> <span class='ocrx_word' id='word_1_129' title='bbox 697 1573 790 1622; x_wconf 92' lang='grc' dir='ltr'><em>μοι</em></span> <span class='ocrx_word' id='word_1_130' title='bbox 830 1554 922 1605; x_wconf 81' lang='grc' dir='ltr'><em>διὰ</em></span> <span class='ocrx_word' id='word_1_131' title='bbox 960 1562 1072 1606; x_wconf 91' lang='grc' dir='ltr'><em>τῶν</em></span> <span class='ocrx_word' id='word_1_132' title='bbox 1111 1554 1295 1605; x_wconf 76' lang='grc' dir='ltr'><em>ἄλλων</em></span> <span class='ocrx_word' id='word_1_133' title='bbox 1327 1555 1565 1621; x_wconf 87' lang='grc' dir='ltr'><em>σημείων</em></span> <span class='ocrx_word' id='word_1_134' title='bbox 1595 1549 1832 1621; x_wconf 76' lang='grc' dir='ltr'><em>τάληθὲς</em></span> 
     </span>
     <span class='ocr_line' id='line_1_19' title="bbox 149 1639 1831 1710; baseline -0.001 -16"><span class='ocrx_word' id='word_1_135' title='bbox 149 1641 362 1710; x_wconf 85' lang='grc' dir='ltr'><em>εὑρεῖν,</em></span> <span class='ocrx_word' id='word_1_136' title='bbox 423 1640 512 1694; x_wconf 84' lang='grc' dir='ltr'><em>ἐπὶ</em></span> <span class='ocrx_word' id='word_1_137' title='bbox 572 1642 778 1710; x_wconf 89' lang='grc' dir='ltr'><em>ταύτην</em></span> <span class='ocrx_word' id='word_1_138' title='bbox 829 1641 1154 1710; x_wconf 84' lang='grc' dir='ltr'><em>καταφεύγω</em></span> <span class='ocrx_word' id='word_1_139' title='bbox 1209 1641 1311 1709; x_wconf 85' lang='grc' dir='ltr'><em>τὴν</em></span> <span class='ocrx_word' id='word_1_140' title='bbox 1363 1640 1564 1710; x_wconf 87' lang='grc' dir='ltr'><em>ἀρετὴν</em></span> <span class='ocrx_word' id='word_1_141' title='bbox 1617 1642 1689 1704; x_wconf 84' lang='grc' dir='ltr'><em>ὡς</em></span> <span class='ocrx_word' id='word_1_142' title='bbox 1743 1639 1831 1694; x_wconf 86' lang='grc' dir='ltr'><em>ἐπὶ</em></span> 
     </span>
     <span class='ocr_line' id='line_1_20' title="bbox 148 1727 1833 1800; baseline -0.001 -17"><span class='ocrx_word' id='word_1_143' title='bbox 148 1736 339 1798; x_wconf 83' lang='grc' dir='ltr'><em>ψῆφον</em></span> <span class='ocrx_word' id='word_1_144' title='bbox 400 1729 645 1799; x_wconf 86' lang='grc' dir='ltr'><em>ἐσχάτην.</em></span> <span class='ocrx_word' id='word_1_145' title='bbox 729 1732 916 1783; x_wconf 81' lang='grc' dir='ltr'><em>ἔπειτα</em></span> <span class='ocrx_word' id='word_1_146' title='bbox 969 1729 1039 1783; x_wconf 81' lang='grc' dir='ltr'><em>ἂν</em></span> <span class='ocrx_word' id='word_1_147' title='bbox 1092 1727 1194 1799; x_wconf 74' lang='grc' dir='ltr'><em>μὲν</em></span> <span class='ocrx_word' id='word_1_148' title='bbox 1248 1731 1305 1783; x_wconf 82' lang='grc' dir='ltr'><em>αἱ</em></span> <span class='ocrx_word' id='word_1_149' title='bbox 1357 1731 1574 1800; x_wconf 89' lang='grc' dir='ltr'><em>χάριτες</em></span> <span class='ocrx_word' id='word_1_150' title='bbox 1628 1731 1685 1782; x_wconf 79' lang='grc' dir='ltr'><em>αἱ</em></span> <span class='ocrx_word' id='word_1_151' title='bbox 1737 1737 1833 1797; x_wconf 85' lang='grc' dir='ltr'><em>τῆς</em></span> 
     </span>
     <span class='ocr_line' id='line_1_21' title="bbox 148 1817 1830 1889; baseline 0 -19"><span class='ocrx_word' id='word_1_152' title='bbox 148 1817 341 1882; x_wconf 83' lang='grc' dir='ltr'><em>λέξεως</em></span> <span class='ocrx_word' id='word_1_153' title='bbox 376 1818 693 1888; x_wconf 86' lang='grc' dir='ltr'><em>ἐπικοσμεῖν</em></span> <span class='ocrx_word' id='word_1_154' title='bbox 723 1820 932 1872; x_wconf 89' lang='grc' dir='ltr'><em>δοκῶσί</em></span> <span class='ocrx_word' id='word_1_155' title='bbox 958 1839 1051 1888; x_wconf 94' lang='grc' dir='ltr'><em>μοι</em></span> <span class='ocrx_word' id='word_1_156' title='bbox 1082 1819 1184 1887; x_wconf 86' lang='grc' dir='ltr'><em>τὴν</em></span> <span class='ocrx_word' id='word_1_157' title='bbox 1215 1821 1454 1889; x_wconf 82' lang='grc' dir='ltr'><em>γραφήν,</em></span> <span class='ocrx_word' id='word_1_158' title='bbox 1485 1826 1582 1886; x_wconf 77' lang='grc' dir='ltr'><em>τῆς</em></span> <span class='ocrx_word' id='word_1_159' title='bbox 1614 1821 1830 1872; x_wconf 89' lang='grc' dir='ltr'><em>Λυσίου</em></span> 
     </span>
    </p>
   </div>
   <div class='ocr_carea' id='block_1_9' title="bbox 58 1904 1896 1979">
    <p class='ocr_par' dir='ltr' id='par_1_9' title="bbox 58 1904 1896 1979">
     <span class='ocr_line' id='line_1_22' title="bbox 58 1904 1896 1979; baseline 0.002 -19"><span class='ocrx_word' id='word_1_160' title='bbox 58 1926 145 1965; x_wconf 83' lang='lat'><em>477</em></span> <span class='ocrx_word' id='word_1_161' title='bbox 170 1915 347 1976; x_wconf 82' lang='grc' dir='ltr'><em>ψυχῆς</em></span> <span class='ocrx_word' id='word_1_162' title='bbox 378 1907 551 1976; x_wconf 86' lang='grc' dir='ltr'><em>αὐτὴν</em></span> <span class='ocrx_word' id='word_1_163' title='bbox 580 1911 803 1977; x_wconf 89' lang='grc' dir='ltr'><em>τίθεμαι</em></span> <span class='ocrx_word' id='word_1_164' title='bbox 832 1906 923 1960; x_wconf 85' lang='grc' dir='ltr'><em>καὶ</em></span> <span class='ocrx_word' id='word_1_165' title='bbox 956 1904 1122 1961; x_wconf 73' lang='grc' dir='ltr'><em>οὐδὲν</em></span> <span class='ocrx_word' id='word_1_166' title='bbox 1153 1909 1233 1960; x_wconf 83' lang='grc' dir='ltr'><em>ἔτι</em></span> <span class='ocrx_word' id='word_1_167' title='bbox 1255 1905 1598 1979; x_wconf 65' lang='grc' dir='ltr'><em>πορξρωτέρῳ</em></span> <span class='ocrx_word' id='word_1_168' title='bbox 1631 1908 1829 1975; x_wconf 90' lang='grc' dir='ltr'><em>ταύτης</em></span> <span class='ocrx_word' id='word_1_169' title='bbox 1852 1931 1896 1963; x_wconf 84' lang='lat'><em>20</em></span> 
     </span>
    </p>
   </div>
   <div class='ocr_carea' id='block_1_10' title="bbox 148 1993 1829 2242">
    <p class='ocr_par' dir='ltr' id='par_1_10' title="bbox 148 1993 1829 2242">
     <span class='ocr_line' id='line_1_23' title="bbox 150 1993 1829 2065; baseline 0 -17"><span class='ocrx_word' id='word_1_170' title='bbox 150 2004 376 2049; x_wconf 90' lang='grc' dir='ltr'><em>σκοπεῖν</em></span> <span class='ocrx_word' id='word_1_171' title='bbox 406 1995 553 2059; x_wconf 80' lang='grc' dir='ltr'><em>ἀξιῶ.</em></span> <span class='ocrx_word' id='word_1_172' title='bbox 616 1995 712 2049; x_wconf 80' lang='grc' dir='ltr'><em>ἐὰν</em></span> <span class='ocrx_word' id='word_1_173' title='bbox 735 1993 796 2049; x_wconf 76' lang='grc' dir='ltr'><em>δὲ</em></span> <span class='ocrx_word' id='word_1_174' title='bbox 818 1997 1090 2065; x_wconf 88' lang='grc' dir='ltr'><em>μηδεμιάν</em></span> <span class='ocrx_word' id='word_1_175' title='bbox 1111 1995 1323 2064; x_wconf 85' lang='grc' dir='ltr'><em>ἡδονὴν</em></span> <span class='ocrx_word' id='word_1_176' title='bbox 1352 1993 1490 2065; x_wconf 77' lang='grc' dir='ltr'><em>μηδὲ</em></span> <span class='ocrx_word' id='word_1_177' title='bbox 1521 1995 1829 2065; x_wconf 90' lang='grc' dir='ltr'><em>ἀφροδίτην</em></span> 
     </span>
     <span class='ocr_line' id='line_1_24' title="bbox 148 2082 1827 2155; baseline 0 -18"><span class='ocrx_word' id='word_1_178' title='bbox 148 2086 177 2138; x_wconf 88' lang='grc' dir='ltr'>ὁ</span> <span class='ocrx_word' id='word_1_179' title='bbox 225 2093 318 2153; x_wconf 80' lang='grc' dir='ltr'><em>τῆς</em></span> <span class='ocrx_word' id='word_1_180' title='bbox 365 2083 556 2148; x_wconf 84' lang='grc' dir='ltr'><em>λέξεως</em></span> <span class='ocrx_word' id='word_1_181' title='bbox 602 2085 875 2155; x_wconf 85' lang='grc' dir='ltr'><em>χαρακτὴρ</em></span> <span class='ocrx_word' id='word_1_182' title='bbox 930 2087 1049 2155; x_wconf 81' lang='grc' dir='ltr'><em>ἔχῃ,</em></span> <span class='ocrx_word' id='word_1_183' title='bbox 1105 2085 1340 2137; x_wconf 82' lang='grc' dir='ltr'><em>δυσωπῶ</em></span> <span class='ocrx_word' id='word_1_184' title='bbox 1394 2082 1485 2136; x_wconf 83' lang='grc' dir='ltr'><em>καὶ</em></span> <span class='ocrx_word' id='word_1_185' title='bbox 1537 2085 1827 2138; x_wconf 88' lang='grc' dir='ltr'><em>ὑποπτεύω</em></span> 
     </span>
     <span class='ocr_line' id='line_1_25' title="bbox 148 2170 1829 2242; baseline 0 -16"><span class='ocrx_word' id='word_1_186' title='bbox 148 2172 342 2242; x_wconf 84' lang='grc' dir='ltr'><em>μήποτ’</em></span> <span class='ocrx_word' id='word_1_187' title='bbox 383 2172 449 2226; x_wconf 86' lang='grc' dir='ltr'><em>οὐ</em></span> <span class='ocrx_word' id='word_1_188' title='bbox 490 2176 706 2226; x_wconf 90' lang='grc' dir='ltr'><em>Λυσίου</em></span> <span class='ocrx_word' id='word_1_189' title='bbox 745 2173 773 2227; x_wconf 89' lang='grc' dir='ltr'>ὁ</span> <span class='ocrx_word' id='word_1_190' title='bbox 815 2175 978 2240; x_wconf 87' lang='grc' dir='ltr'><em>λόγος</em></span> <span class='ocrx_word' id='word_1_191' title='bbox 1015 2170 1106 2225; x_wconf 85' lang='grc' dir='ltr'><em>καὶ</em></span> <span class='ocrx_word' id='word_1_192' title='bbox 1157 2171 1258 2225; x_wconf 86' lang='grc' dir='ltr'><em>οὐκ</em></span> <span class='ocrx_word' id='word_1_193' title='bbox 1304 2174 1384 2224; x_wconf 83' lang='grc' dir='ltr'><em>ἔτι</em></span> <span class='ocrx_word' id='word_1_194' title='bbox 1431 2174 1680 2242; x_wconf 84' lang='grc' dir='ltr'><em>βιάζομαι</em></span> <span class='ocrx_word' id='word_1_195' title='bbox 1726 2174 1829 2241; x_wconf 87' lang='grc' dir='ltr'><em>τὴν</em></span> 
     </span>
    </p>
   </div>
   <div class='ocr_carea' id='block_1_11' title="bbox 146 2359 1823 2948">
    <p class='ocr_par' dir='ltr' id='par_1_11' title="bbox 146 2359 1823 2833">
     <span class='ocr_line' id='line_1_26' title="bbox 267 2359 1823 2437; baseline -0.001 -31"><span class='ocrx_word' id='word_1_196' title='bbox 267 2369 290 2406; x_wconf 99' lang='grc'>1</span> <span class='ocrx_word' id='word_1_197' title='bbox 325 2361 767 2437; x_wconf 83' lang='grc' dir='ltr'><em>[κατα]λαμβάνεται</em></span> <span class='ocrx_word' id='word_1_198' title='bbox 799 2362 833 2404; x_wconf 87' lang='lat' dir='ltr'><strong>F</strong></span> <span class='ocrx_word' id='word_1_199' title='bbox 873 2376 976 2405; x_wconf 82' lang='lat' dir='ltr'><em>eum</em></span> <span class='ocrx_word' id='word_1_200' title='bbox 1012 2375 1087 2405; x_wconf 85' lang='lat' dir='ltr'><em>ras</em></span> <span class='ocrx_word' id='word_1_201' title='bbox 1208 2368 1233 2406; x_wconf 82' lang='lat'>2</span> <span class='ocrx_word' id='word_1_202' title='bbox 1275 2363 1328 2406; x_wconf 84' lang='grc' dir='ltr'><em>οὐ</em></span> <span class='ocrx_word' id='word_1_203' title='bbox 1367 2359 1481 2419; x_wconf 84' lang='grc' dir='ltr'><em>λέγω</em></span> <span class='ocrx_word' id='word_1_204' title='bbox 1518 2361 1557 2406; x_wconf 96' lang='lat' dir='ltr'><strong>G</strong></span> <span class='ocrx_word' id='word_1_205' title='bbox 1606 2362 1612 2420; x_wconf 72' lang='grc' dir='ltr'>Ι</span> <span class='ocrx_word' id='word_1_206' title='bbox 1662 2362 1707 2406; x_wconf 85' lang='grc' dir='ltr'><em>οἱ</em></span> <span class='ocrx_word' id='word_1_207' title='bbox 1748 2376 1823 2405; x_wconf 90' lang='lat' dir='ltr'><em>om</em></span> 
     </span>
     <span class='ocr_line' id='line_1_27' title="bbox 146 2420 1822 2494; baseline -0.001 -29"><span class='ocrx_word' id='word_1_208' title='bbox 146 2421 181 2464; x_wconf 87' lang='lat' dir='ltr'><strong>F</strong></span> <span class='ocrx_word' id='word_1_209' title='bbox 193 2421 270 2465; x_wconf 84' lang='lat' dir='ltr'><em>Gv</em></span> <span class='ocrx_word' id='word_1_210' title='bbox 389 2427 416 2464; x_wconf 88' lang='grc'>4</span> <span class='ocrx_word' id='word_1_211' title='bbox 457 2421 732 2477; x_wconf 86' lang='grc' dir='ltr'><em>διαστήμασι</em></span> <span class='ocrx_word' id='word_1_212' title='bbox 772 2420 1066 2494; x_wconf 76' lang='lat' dir='ltr'>Sylburgiusz</span> <span class='ocrx_word' id='word_1_213' title='bbox 1100 2421 1350 2478; x_wconf 84' lang='grc' dir='ltr'><em>διηγήμασι</em></span> <span class='ocrx_word' id='word_1_214' title='bbox 1381 2422 1416 2464; x_wconf 89' lang='lat' dir='ltr'><strong>F</strong></span> <span class='ocrx_word' id='word_1_215' title='bbox 1427 2420 1615 2465; x_wconf 87' lang='lat' dir='ltr'><strong>GMBP</strong></span> <span class='ocrx_word' id='word_1_216' title='bbox 1635 2421 1822 2494; x_wconf 85' lang='grc' dir='ltr'><em>διηχή-</em></span> 
     </span>
     <span class='ocr_line' id='line_1_28' title="bbox 147 2477 1820 2539; baseline -0.001 -15"><span class='ocrx_word' id='word_1_217' title='bbox 147 2495 255 2536; x_wconf 77' lang='grc' dir='ltr'><em>μασι</em></span> <span class='ocrx_word' id='word_1_218' title='bbox 287 2481 520 2524; x_wconf 78' lang='lat' dir='ltr'>Victorius</span> <span class='ocrx_word' id='word_1_219' title='bbox 612 2486 637 2524; x_wconf 88' lang='lat'>5</span> <span class='ocrx_word' id='word_1_220' title='bbox 670 2497 741 2536; x_wconf 89' lang='grc' dir='ltr'><em>μη</em></span> <span class='ocrx_word' id='word_1_221' title='bbox 740 2477 894 2536; x_wconf 86' lang='grc' dir='ltr'><em>μηδεν</em></span> <span class='ocrx_word' id='word_1_222' title='bbox 919 2479 954 2522; x_wconf 86' lang='lat' dir='ltr'><strong>F</strong></span> <span class='ocrx_word' id='word_1_223' title='bbox 1046 2485 1071 2523; x_wconf 88' lang='lat'>6</span> <span class='ocrx_word' id='word_1_224' title='bbox 1102 2481 1248 2525; x_wconf 84' lang='grc' dir='ltr'><em>τούτω</em></span> <span class='ocrx_word' id='word_1_225' title='bbox 1276 2481 1325 2524; x_wconf 92' lang='grc' dir='ltr'><em>Μ</em></span> <span class='ocrx_word' id='word_1_226' title='bbox 1417 2485 1440 2524; x_wconf 83' lang='grc'>7</span> <span class='ocrx_word' id='word_1_227' title='bbox 1471 2480 1500 2538; x_wconf 86' lang='grc' dir='ltr'>ἡ</span> <span class='ocrx_word' id='word_1_228' title='bbox 1532 2478 1648 2536; x_wconf 84' lang='grc' dir='ltr'><em>παρ’</em></span> <span class='ocrx_word' id='word_1_229' title='bbox 1677 2481 1820 2539; x_wconf 79' lang='grc' dir='ltr'><em>αὐτῷ]</em></span> 
     </span>
     <span class='ocr_line' id='line_1_29' title="bbox 146 2538 1704 2613; baseline -0.001 -30"><span class='ocrx_word' id='word_1_230' title='bbox 146 2538 230 2583; x_wconf 81' lang='grc' dir='ltr'><em>ὑπ’</em></span> <span class='ocrx_word' id='word_1_231' title='bbox 267 2541 391 2598; x_wconf 82' lang='grc' dir='ltr'><em>αὐτῷ</em></span> <span class='ocrx_word' id='word_1_232' title='bbox 429 2554 493 2587; x_wconf 66' lang='grc' dir='ltr'><em>ας</em></span> <span class='ocrx_word' id='word_1_233' title='bbox 622 2545 647 2583; x_wconf 87' lang='grc'><strong>9</strong></span> <span class='ocrx_word' id='word_1_234' title='bbox 671 2541 845 2613; x_wconf 83' lang='grc' dir='ltr'><em>τριβῆι</em></span> <span class='ocrx_word' id='word_1_235' title='bbox 893 2539 927 2581; x_wconf 87' lang='lat' dir='ltr'><strong>F</strong></span> <span class='ocrx_word' id='word_1_236' title='bbox 1061 2544 1115 2582; x_wconf 90' lang='lat'><em>10</em></span> <span class='ocrx_word' id='word_1_237' title='bbox 1162 2555 1209 2584; x_wconf 89' lang='grc' dir='ltr'><em>τε</em></span> <span class='ocrx_word' id='word_1_238' title='bbox 1262 2539 1452 2596; x_wconf 84' lang='lat' dir='ltr'>insuper</span> <span class='ocrx_word' id='word_1_239' title='bbox 1498 2539 1600 2583; x_wconf 78' lang='lat' dir='ltr'><em>add</em></span> <span class='ocrx_word' id='word_1_240' title='bbox 1646 2539 1704 2582; x_wconf 88' lang='lat' dir='ltr'><em>F¹</em></span> 
     </span>
     <span class='ocr_line' id='line_1_30' title="bbox 148 2596 1820 2656; baseline 0 -15"><span class='ocrx_word' id='word_1_241' title='bbox 148 2604 200 2642; x_wconf 89' lang='grc'><em>11</em></span> <span class='ocrx_word' id='word_1_242' title='bbox 234 2597 768 2656; x_wconf 85' lang='grc' dir='ltr'><em>χαρακτηριστικωτάτην</em></span> <span class='ocrx_word' id='word_1_243' title='bbox 793 2597 939 2641; x_wconf 85' lang='lat' dir='ltr'><em>F¹Gv</em></span> <span class='ocrx_word' id='word_1_244' title='bbox 981 2600 1088 2654; x_wconf 75' lang='lat' dir='ltr'><strong>post</strong></span> <span class='ocrx_word' id='word_1_245' title='bbox 1118 2599 1234 2643; x_wconf 88' lang='lat' dir='ltr'><strong>Rob.</strong></span> <span class='ocrx_word' id='word_1_246' title='bbox 1262 2598 1550 2656; x_wconf 80' lang='lat' dir='ltr'><strong>Stephanum</strong></span> <span class='ocrx_word' id='word_1_247' title='bbox 1576 2601 1582 2655; x_wconf 82' lang='grc' dir='ltr'>Ι</span> <span class='ocrx_word' id='word_1_248' title='bbox 1609 2596 1820 2655; x_wconf 84' lang='grc' dir='ltr'><em>τίθεμαι]</em></span> 
     </span>
     <span class='ocr_line' id='line_1_31' title="bbox 147 2614 1822 2715; baseline 0 -15"><span class='ocrx_word' id='word_1_249' title='bbox 147 2655 374 2713; x_wconf 85' lang='grc' dir='ltr'><em>πείθομαι</em></span> <span class='ocrx_word' id='word_1_250' title='bbox 403 2657 526 2702; x_wconf 81' lang='lat' dir='ltr'><em>FGv</em></span> <span class='ocrx_word' id='word_1_251' title='bbox 656 2662 711 2701; x_wconf 85' lang='lat'><em>14</em></span> <span class='ocrx_word' id='word_1_252' title='bbox 742 2654 981 2715; x_wconf 83' lang='grc' dir='ltr'><em>ὑπερέχειν</em></span> <span class='ocrx_word' id='word_1_253' title='bbox 1014 2656 1053 2700; x_wconf 90' lang='lat' dir='ltr'><strong>G</strong></span> <span class='ocrx_word' id='word_1_254' title='bbox 1095 2659 1101 2714; x_wconf 72' lang='grc'>1</span> <span class='ocrx_word' id='word_1_255' title='bbox 1143 2661 1331 2709; x_wconf 81' lang='grc' dir='ltr'><em>λοιποὺς</em></span> <span class='ocrx_word' id='word_1_256' title='bbox 1342 2614 1464 2701; x_wconf 77' lang='lat' dir='ltr'><em>padd</em></span> <span class='ocrx_word' id='word_1_257' title='bbox 1495 2658 1552 2700; x_wconf 83' lang='lat' dir='ltr'><em>F¹</em></span> <span class='ocrx_word' id='word_1_258' title='bbox 1675 2662 1728 2700; x_wconf 83' lang='lat'><em>17</em></span> <span class='ocrx_word' id='word_1_259' title='bbox 1761 2658 1822 2707; x_wconf 84' lang='grc' dir='ltr'><em>ὡς</em></span> 
     </span>
     <span class='ocr_line' id='line_1_32' title="bbox 147 2674 1820 2775; baseline 0 -16"><span class='ocrx_word' id='word_1_260' title='bbox 147 2716 242 2759; x_wconf 85' lang='lat' dir='ltr'><em>add</em></span> <span class='ocrx_word' id='word_1_261' title='bbox 271 2717 330 2760; x_wconf 85' lang='lat' dir='ltr'><em>F¹</em></span> <span class='ocrx_word' id='word_1_262' title='bbox 429 2722 482 2760; x_wconf 87' lang='lat'><em>18</em></span> <span class='ocrx_word' id='word_1_263' title='bbox 514 2717 659 2774; x_wconf 81' lang='grc' dir='ltr'><em>ψήφω</em></span> <span class='ocrx_word' id='word_1_264' title='bbox 693 2714 857 2774; x_wconf 79' lang='grc' dir='ltr'><em>ἐσχάτη</em></span> <span class='ocrx_word' id='word_1_265' title='bbox 883 2674 930 2759; x_wconf 92' lang='lat' dir='ltr'><strong>G</strong></span> <span class='ocrx_word' id='word_1_266' title='bbox 974 2716 1140 2773; x_wconf 77' lang='grc' dir='ltr'><em>ψήφωι</em></span> <span class='ocrx_word' id='word_1_267' title='bbox 1171 2715 1356 2775; x_wconf 77' lang='grc' dir='ltr'><em>ἐσχάτηι</em></span> <span class='ocrx_word' id='word_1_268' title='bbox 1395 2730 1497 2760; x_wconf 83' lang='lat' dir='ltr'>corr</span> <span class='ocrx_word' id='word_1_269' title='bbox 1534 2715 1599 2760; x_wconf 82' lang='lat' dir='ltr'><em>F?</em></span> <span class='ocrx_word' id='word_1_270' title='bbox 1645 2716 1820 2772; x_wconf 84' lang='grc' dir='ltr'><em>ψήφων</em></span> 
     </span>
     <span class='ocr_line' id='line_1_33' title="bbox 149 2773 1819 2848; baseline -0.001 -30"><span class='ocrx_word' id='word_1_271' title='bbox 149 2773 342 2833; x_wconf 77' lang='grc' dir='ltr'><em>ἐσχάτην</em></span> <span class='ocrx_word' id='word_1_272' title='bbox 373 2791 403 2819; x_wconf 85' lang='lat' dir='ltr'>v</span> <span class='ocrx_word' id='word_1_273' title='bbox 525 2781 579 2819; x_wconf 76' lang='lat'><em>20</em></span> <span class='ocrx_word' id='word_1_274' title='bbox 609 2774 774 2831; x_wconf 83' lang='grc' dir='ltr'><em>τίθημι</em></span> <span class='ocrx_word' id='word_1_275' title='bbox 806 2774 844 2818; x_wconf 98' lang='lat' dir='ltr'><strong>G</strong></span> <span class='ocrx_word' id='word_1_276' title='bbox 872 2775 878 2833; x_wconf 86' lang='grc' dir='ltr'>Ι</span> <span class='ocrx_word' id='word_1_277' title='bbox 908 2774 972 2818; x_wconf 79' lang='grc' dir='ltr'><em>ἔτι</em></span> <span class='ocrx_word' id='word_1_278' title='bbox 1003 2789 1060 2819; x_wconf 86' lang='lat' dir='ltr'><em>ex</em></span> <span class='ocrx_word' id='word_1_279' title='bbox 1092 2775 1167 2819; x_wconf 77' lang='grc' dir='ltr'><em>ἐπὶ</em></span> <span class='ocrx_word' id='word_1_280' title='bbox 1198 2776 1233 2819; x_wconf 89' lang='lat' dir='ltr'><strong>F</strong></span> <span class='ocrx_word' id='word_1_281' title='bbox 1262 2778 1268 2833; x_wconf 77' lang='grc'>1</span> <span class='ocrx_word' id='word_1_282' title='bbox 1305 2773 1594 2848; x_wconf 85' lang='grc' dir='ltr'><em>πορρωτέρωι</em></span> <span class='ocrx_word' id='word_1_283' title='bbox 1626 2775 1661 2818; x_wconf 88' lang='lat' dir='ltr'><strong>F</strong></span> <span class='ocrx_word' id='word_1_284' title='bbox 1695 2774 1819 2818; x_wconf 81' lang='lat' dir='ltr'>solus</span> 
     </span>
    </p>

    <p class='ocr_par' dir='ltr' id='par_1_12' title="bbox 148 2827 1818 2948">
     <span class='ocr_line' id='line_1_34' title="bbox 265 2827 1818 2893; baseline 0 -17"><span class='ocrx_word' id='word_1_285' title='bbox 265 2839 319 2877; x_wconf 80' lang='lat'><em>23</em></span> <span class='ocrx_word' id='word_1_286' title='bbox 360 2835 384 2878; x_wconf 87' lang='grc' dir='ltr'><strong><em>ὁ</em></strong></span> <span class='ocrx_word' id='word_1_287' title='bbox 422 2834 555 2891; x_wconf 83' lang='grc' dir='ltr'><em>λόγος</em></span> <span class='ocrx_word' id='word_1_288' title='bbox 592 2835 776 2878; x_wconf 90' lang='lat' dir='ltr'><strong>MPBF</strong></span> <span class='ocrx_word' id='word_1_289' title='bbox 815 2834 858 2890; x_wconf 84' lang='grc' dir='ltr'><em>(ὁ</em></span> <span class='ocrx_word' id='word_1_290' title='bbox 890 2834 984 2878; x_wconf 84' lang='lat' dir='ltr'><em>add</em></span> <span class='ocrx_word' id='word_1_291' title='bbox 1014 2835 1121 2891; x_wconf 89' lang='lat' dir='ltr'><strong>m¹):</strong></span> <span class='ocrx_word' id='word_1_292' title='bbox 1161 2833 1294 2892; x_wconf 80' lang='grc' dir='ltr'><em>λόγος</em></span> <span class='ocrx_word' id='word_1_293' title='bbox 1326 2834 1365 2878; x_wconf 87' lang='lat' dir='ltr'><strong>G</strong></span> <span class='ocrx_word' id='word_1_294' title='bbox 1419 2828 1447 2893; x_wconf 83' lang='grc' dir='ltr'><strong><em>ᾖ</em></strong></span> <span class='ocrx_word' id='word_1_295' title='bbox 1488 2834 1621 2891; x_wconf 83' lang='grc' dir='ltr'><em>λόγος</em></span> <span class='ocrx_word' id='word_1_296' title='bbox 1652 2848 1679 2877; x_wconf 84' lang='lat' dir='ltr'>a</span> <span class='ocrx_word' id='word_1_297' title='bbox 1733 2827 1761 2891; x_wconf 84' lang='grc' dir='ltr'><em>ᾗ</em></span> <span class='ocrx_word' id='word_1_298' title='bbox 1794 2833 1818 2876; x_wconf 89' lang='grc' dir='ltr'><strong><em>ὁ</em></strong></span> 
     </span>
     <span class='ocr_line' id='line_1_35' title="bbox 148 2889 525 2948; baseline 0.005 -13"><span class='ocrx_word' id='word_1_299' title='bbox 148 2889 280 2948; x_wconf 84' lang='grc' dir='ltr'><em>λόγος</em></span> <span class='ocrx_word' id='word_1_300' title='bbox 310 2893 525 2937; x_wconf 81' lang='lat' dir='ltr'>Reiskius</span> 
     </span>
    </p>
   </div>
   <div class='ocr_carea' id='block_1_12' title="bbox 1499 2967 1555 3010">
    <p class='ocr_par' dir='ltr' id='par_1_13' title="bbox 1499 2967 1555 3010">
     <span class='ocr_line' id='line_1_36' title="bbox 1499 2967 1555 3010; baseline 0 -20"><span class='ocrx_word' id='word_1_301' title='bbox 1499 2967 1555 3010; x_wconf 70' lang='lat'><em>2*</em></span> 
     </span>
    </p>
   </div>
  </div>
 </body>
</html>
