1958 3192
384 146 726 189 ΔΙΟΝΥΣΙΟΤ
756 145 1225 188 ΑΛΙΚΑΡΝΑΣΕΩΣ
1255 145 1489 187 ΛΤΣΙΑΣ
1745 145 1778 197 9

33 343 47 353 ·
97 282 234 351 πρὸς
265 277 326 333 δὲ
356 281 572 342 τούτοις
600 278 1028 349 πανηγυρικούς,
1053 277 1362 349 ἐρωτικούς,
1387 278 1780 348 ἐπιστολικούς,

98 380 209 424 τῶν
253 366 355 439 μὲν
399 371 714 438 ἔμπροσθεν
759 365 1071 437 γενομένων
1117 367 1367 437 ρητόρων
1418 367 1451 436 ἢ
1501 370 1636 422 κατὰ
1682 370 1780 421 τὸν

99 459 268 512 αὐτὸν
306 460 510 528 χρόνον
548 456 910 525 ἀκμασάντων
946 456 1183 525 ἠφάνισε
1221 457 1317 518 τὰς
1355 455 1534 524 δόξας,
1572 466 1684 509 τῶν
1719 453 1780 508 δὲ

11 545 520 617 464έπιγινομένων
559 546 684 599 οὔτε
715 543 956 616 πολΙλοῖς
992 558 1103 597 τισι
1140 542 1781 614 κατέλιπεν“ὑπερβολὴν

99 634 212 690 οὔτ’
260 635 321 688 ἐν
368 634 602 697 ἁπάσαις
648 643 766 696 ταῖς
814 632 984 696 ἰδέαις
1022 643 1133 686 τῶν
1172 635 1355 701 λόγων
1391 653 1420 683 *
1451 651 1480 683 *
1511 653 1539 682 *
1577 631 1667 686 καὶ
1706 635 1780 702 μὰ
1827 652 1849 684 5

98 723 196 778 Δί’
237 725 303 778 οὔ
334 727 392 776 τί
419 744 480 791 γε
512 733 629 785 ταῖς
662 723 1045 791 φαυλοτάταις.
1092 723 1201 774 τίνι
1237 718 1299 774 δὲ
1330 720 1584 791 κέχρηται
1617 742 1780 791 χαρα-

98 821 255 883 κτῆρι
309 815 491 881 λόγων
543 811 633 864 καὶ
688 815 840 874 τίνας
893 811 1087 881 ἀρετὰς
1140 812 1507 878 εἰσενήνεκται
1559 813 1670 863 τίνι
1725 829 1781 862 τε

12 931 20 945 ··
99 906 360 973 κρείττων
409 899 520 954 ἐστὶ
569 910 679 954 τῶν
725 898 849 969 μεθ’
905 898 1102 952 ἑαυτὸν
1155 899 1516 968 ἀκμασάντων
1567 898 1657 952 καὶ
1707 906 1780 968 πῇ

98 989 515 1060 καταδεέστερος
559 988 650 1042 καὶ
696 992 754 1042 τί
795 990 880 1042 δεῖ
923 989 1224 1057 λαμβάνειν
1260 987 1386 1058 παρ’
1434 987 1628 1055 αὐτοῦ,
1675 995 1782 1040 νῦν

98 1082 202 1149 ἤδη
240 1080 567 1149 πειράσομαι
608 1077 803 1146 λέγειν.
1805 1095 1850 1127 10

208 1170 454 1237 καθαρός
493 1166 606 1219 ε’στι
644 1167 745 1234 τὴν
784 1165 1077 1236 ἑρμηνείαν
1114 1166 1262 1219 πάνυ
1292 1164 1382 1218 καὶ
1414 1174 1508 1235 τῆς
1538 1165 1782 1235 Ἀττικῆς
1806 1169 1842 1221 2

15 1312 19 1322 τ
98 1258 339 1325 γλώττης
385 1258 607 1325 ἄριστος
652 1255 860 1322 κανών,
908 1254 975 1307 οὐ
1021 1262 1115 1323 τῆς
1161 1254 1411 1325 ἀρχαίας,
1459 1248 1493 1325 ᾗ
1530 1254 1782 1325 κέχρηται

15 1351 20 1356 ’
100 1346 338 1399 Πλάτων
389 1364 446 1396 τε
496 1342 587 1396 καὶ
637 1343 1007 1410 Θουκυδίδης,
1067 1342 1204 1396 ἀλλὰ
1258 1351 1352 1411 τῆς
1403 1342 1517 1396 κατ’
1572 1343 1784 1397 ἐκεῖνον

15 1442 26 1467 '-
99 1436 196 1488 τὸν
234 1435 438 1503 χρόνον
477 1431 953 1502 ἐπιχωριαζούσης,
993 1432 1065 1494 ὡς
1105 1434 1219 1484 ἔστι
1258 1434 1631 1502 τεκμήρασθαι
1669 1441 1784 1494 τοῖς

22 1544 26 1548 ’
98 1544 156 1577 τε
208 1522 536 1575 Ἀνδοκίδου
596 1523 783 1588 λόγοις
842 1519 933 1572 καὶ
994 1529 1109 1582 τοῖς
1162 1522 1398 1590 Κριτίου
1451 1519 1541 1573 καὶ
1596 1522 1784 1583 ἄλλοις
1809 1519 1853 1570 15

100 1620 336 1681 συχνοῖς.
420 1611 555 1662 κατὰ
600 1617 763 1663 τοῦτο
809 1606 911 1678 μὲν
964 1610 1031 1677 δὴ
1086 1609 1147 1661 τὸ
1195 1608 1382 1679 μέρος,
1440 1609 1469 1662 ὅ
1515 1607 1615 1679 πέρ
1672 1609 1785 1663 ἐστι

99 1702 318 1771 πρῶτόν
370 1719 428 1751 τε
480 1697 571 1751 καὶ
624 1698 964 1768 κυριώτατον
1019 1697 1079 1750 ἐν
1133 1699 1344 1765 λόγοις,
1406 1697 1546 1766 λέγω
1601 1694 1662 1751 δὲ
1722 1699 1783 1751 τὸ

42 1799 98 1840 55
122 1789 457 1859 καθαρεύειν
494 1788 595 1855 τὴν
630 1787 636 1855 Ι
671 1787 982 1854 διάλεκτον,
1030 1785 1222 1848 οὐθεὶς
1260 1796 1371 1839 τῶν
1409 1785 1785 1855 μεταγενεστέ-

26 1943 28 1945 ,
102 1898 216 1948 ρων
254 1876 423 1930 αὐτὸν
459 1876 843 1945 ὑπερεβάλετο,
884 1873 999 1928 ἀλλ’
1039 1872 1170 1927 οὐδὲ
1208 1876 1553 1943 μιμήσασθαι
1590 1874 1785 1929 πολλοὶ

16 1989 23 2014 ι
101 1966 342 2035 δύναμιν
381 1967 543 2034 ἔσχον
582 1965 665 2017 ὄτι
704 1964 776 2033 μὴ
820 1966 988 2032 μόνος
1019 1962 1351 2033 Ἰσοκράτης·
1396 1965 1786 2034 καθαρώτατος
1810 1980 1855 2012 20

101 2056 206 2125 γὰρ
262 2055 329 2122 δὴ
383 2063 494 2106 τῶν
548 2054 732 2105 ἄλλων
784 2053 917 2121 μετὰ
966 2054 1185 2104 Λυσίαν
1239 2051 1300 2104 ἐν
1352 2061 1466 2114 τοῖς
1520 2053 1787 2122 ὀνόμασιν

24 2175 33 2186 -
102 2139 263 2205 οὗτος
316 2145 501 2212 ἔμοιγε
555 2142 706 2194 δοκεῖ
758 2139 1019 2208 γενέσθαι
1075 2139 1103 2193 ὁ
1150 2139 1305 2209 ἀνήρ.
1388 2143 1521 2209 μιάν
1571 2139 1671 2210 μὲν
1717 2142 1786 2210 δὴ

101 2232 307 2300 ταύτην
323 2231 522 2301 ἀρετὴν
538 2229 698 2294 ἀξίαν
714 2231 878 2298 ζήλου
894 2227 983 2281 καὶ
1002 2229 1277 2297 μιμήσεως
1298 2228 1530 2298 εὑρίσκω
1548 2231 1695 2299 παρὰ
1713 2236 1787 2301 τῷ

222 2425 247 2464 2
273 2417 592 2478 γεγενημένων
609 2435 638 2462 v
714 2423 740 2461 3
765 2416 978 2474 ἠφάνησε
995 2418 1043 2460 Μ
1118 2422 1145 2460 4
1171 2415 1511 2475 ἐπιγενομένων
1529 2417 1757 2462 MPBGv

105 2478 229 2538 οὔτε]
255 2481 309 2524 οὐ
341 2478 452 2523 libri
475 2494 505 2522 v
597 2484 621 2522 5
657 2475 755 2522 οὔτ’
786 2477 836 2521 ἐν
861 2477 1065 2521 FMPB:
1100 2474 1172 2520 ἅτ’
1203 2476 1253 2521 ἐν
1280 2476 1357 2520 Gv
1385 2478 1390 2536 Ι
1418 2477 1634 2520 lacunam
1666 2477 1787 2520 indi-

104 2537 224 2595 caui,
250 2539 382 2582 deest
405 2538 523 2582 fere:
549 2535 649 2581 ἀλλ’
675 2536 723 2581 ἔν
740 2550 830 2580 τισι
853 2536 932 2580 καὶ
950 2537 1174 2591 πρωτεύει
1242 2542 1267 2580 6
1294 2536 1422 2580 οὔτοι
1439 2552 1466 2579 v
1495 2537 1500 2594 Ι
1529 2537 1787 2592 εὐδοκιμῶν

103 2598 212 2653 post
234 2595 549 2654 φαυλοτάταις
572 2595 861 2652 interpolant
879 2594 956 2639 Gv
1046 2601 1068 2639 7
1094 2593 1187 2639 τίνι
1202 2597 1270 2653 τε]
1294 2603 1358 2653 πῇ
1375 2611 1423 2639 τε
1440 2595 1787 2639 Desrousseaux

223 2661 249 2700 8
282 2654 392 2712 μεθ’
430 2655 598 2700 ἑαυτὸν
629 2655 743 2699 MP:
778 2652 888 2710 μεθ’
918 2654 1064 2699 αὑτὸν
1096 2668 1198 2698 corr
1221 2654 1256 2697 F
1297 2652 1393 2710 μετ’
1424 2653 1590 2698 ἑαυτὸν
1615 2655 1652 2697 Β
1685 2652 1781 2710 μετ’

106 2715 249 2759 αὐτὸν
282 2714 359 2759 Gv
402 2715 407 2773 Ι
450 2721 534 2772 πῆι
565 2715 600 2757 F
632 2721 716 2757 ποῖ
746 2713 827 2757 Ga
934 2718 985 2756 11
1020 2713 1124 2770 περὶ
1156 2713 1480 2770 καθαρότητος
1510 2728 1590 2769 mg
1621 2713 1669 2755 M

107 2777 163 2817 13
178 2788 226 2818 τε
243 2788 318 2818 om
335 2773 481 2817 F1Gv
544 2778 598 2816 14
615 2771 955 2830 τεκμήρασθαι]
975 2773 1223 2829 τεκμήριον
1240 2787 1306 2820 εις
1370 2778 1423 2816 15
1442 2772 1590 2816 ἄλλων
1608 2779 1787 2828 συχνῶν

106 2830 342 2889 Kiessling
435 2838 486 2876 17
521 2832 703 2887 πρῶτόν
728 2847 775 2875 τε
800 2831 835 2874 F
845 2831 1056 2876 MBPG:
1086 2839 1268 2887 πρῶτον
1292 2847 1321 2875 v
1349 2832 1354 2890 Ι
1383 2829 1726 2886 κυριωτάτατον
1750 2830 1785 2871 F

106 2891 383 2946 κυριώτερον
399 2906 428 2934 v
450 2891 455 2949 Ι
476 2891 535 2947 δὴ
554 2890 594 2934 G
661 2895 713 2934 18
731 2899 886 2934 τῶν-
899 2894 952 2934 19
969 2888 1068 2934 ἀλλ’
1088 2892 1142 2935 οὐ
1159 2905 1239 2946 mg
1255 2890 1314 2933 F¹
1383 2895 1437 2933 19
1455 2888 1785 2946 ὑπερεβάλλετο

109 2947 233 2993 PGa
345 2955 401 2993 20
433 2949 559 3007 εἴχον
590 2949 626 2992 F
658 2964 759 2993 corr
790 2950 848 2992 F¹
961 2954 1013 2992 21
1050 2949 1136 3006 γὰρ
1168 2963 1243 2992 om
1274 2948 1419 2992 F¹Gv
1448 2949 1453 3006 Ι
1482 2946 1593 3003 μετά
1626 2962 1674 3003 γε
1708 2946 1785 2989 Gv
