2004 3202
179 141 287 194 218
605 143 944 186 MONTmo‘r
973 142 1441 187 ΑΛῙΚΑΡΝΑΣΕῼΣ

179 286 294 340 τοῖς
337 276 837 346 ἀναγνωσομένοις,
887 276 947 328 ἐν
984 269 1020 346 ᾗ
1058 275 1385 348 διεξέρχεται
1423 278 1490 330 τὰ
1534 275 1854 347 πραχθέντα

171 365 490 434 Ἀθηναίοις
527 364 651 435 περὶ
690 366 791 432 τὴν
831 364 891 416 ἐν
929 367 1206 432 Σαλαμῖνι
1245 367 1568 434 ναυμαχίαν.
1638 367 1751 418 ἔστι
1791 362 1853 418 δὲ

177 455 300 522 ἥδε·
347 453 592 522 ςἘπειδὴ
639 455 743 522 γὰρ
785 452 885 520 οὐχ
925 445 1040 505 οἷοί
1079 472 1137 505 τε
1181 449 1322 521 ἦσαν
1358 454 1495 523 πρὸς
1541 452 1852 524 ἀμφοτέρας

178 543 288 611 ἅμα
319 542 731 613 παρατάξασθαι
763 542 858 602 τὰς
889 541 1166 610 δυνάμεις,
1200 545 1608 612 παραλαβόντες
1639 544 1852 595 ἅπαντα

137 631 276 683 5τὸν
315 633 480 699 ὄχλον
520 629 577 682 ἐκ
615 637 709 696 τῆς
754 631 964 690 πόλεως
1009 629 1015 697 Ι
1062 630 1139 690 εἰς
1178 630 1279 697 τὴν
1319 629 1583 700 ἐχομένην
1621 638 1794 699 νῆσον
1826 643 1940 683 1080
2001 632 2004 692 ξ

179 718 521 786 ἐξέπλευσαν,
569 716 642 769 ἵν’
681 716 741 769 ἐν
775 715 925 787 μέρει
965 716 1055 769 καὶ
1095 718 1166 786 μὴ
1212 718 1350 787 πρὸς
1397 717 1622 788 ἑκάτερα
1663 720 1853 772 κινδυ-
2002 712 2004 715 ’

177 808 392 860 νεύωσι.
468 809 645 858 καίτοι
699 814 813 868 πῶς
867 804 937 858 ἂν
984 805 1210 858 ἐκείνων
1257 807 1454 876 ἄνδρες
1507 807 1765 876 ἀμείνους
1817 806 1850 874 ἢ

178 900 386 964 μᾶλλον
418 893 740 963 φιλέλληνες
771 895 925 956 ὄντες
958 894 1339 963 ἐπιδειχθεῖεν,
1380 895 1581 958 οἵτινες
1619 898 1852 964 ἔτλησαν

178 983 403 1051 ἐπιδεῖν,
458 984 594 1035 ὥστε
647 983 718 1051 μὴ
774 991 888 1045 τοῖς
941 987 1167 1045 πολλοῖς
1222 988 1388 1036 αἴτιοι
1443 983 1704 1051 γενέσθαι
1757 991 1852 1051 τῆς

111 1094 154 1125 ιο
177 1073 452 1139 δουλείας,
501 1071 707 1141 ἐρήμην
753 1068 854 1140 μὲν
899 1072 1001 1139 τὴν
1046 1074 1212 1125 πόλιν
1256 1071 1607 1142 γιγνομένην,
1653 1073 1753 1140 τὴν
1791 1069 1853 1124 δὲ

175 1161 359 1229 χώραν
396 1159 808 1230 πορθουμένην,
859 1160 977 1230 ἱερὰ
1017 1157 1077 1213 δὲ
1120 1162 1407 1230 συλώμενα
1452 1159 1542 1214 καὶ
1589 1161 1724 1223 νεὼς
1765 1159 1853 1229 ἐμ-

174 1248 610 1319 πιμπραμένους,
663 1248 875 1301 ἅπαντα
921 1246 982 1301 δὲ
1029 1250 1127 1302 τὸν
1165 1251 1417 1318 πόλεμον
1443 1248 1569 1319 περὶ
1615 1250 1715 1317 τὴν
1753 1266 1853 1301 πα-

174 1339 333 1407 τρίδα
371 1338 473 1406 τὴν
511 1338 695 1391 αὑτῶν
733 1340 1055 1406 γενόμενον;
1101 1336 1191 1390 καὶ
1231 1339 1341 1407 μὴν
1373 1335 1503 1391 οὐδὲ
1541 1336 1693 1390 ταῦτ’
1725 1335 1852 1390 ἀπέ-

175 1442 375 1496 χρησεν
399 1426 601 1494 αὐτοῖς,
635 1426 772 1479 ἀλλὰ
802 1427 939 1495 πρὸς
971 1427 1252 1488 διακοσίας
1283 1425 1373 1479 καὶ
1405 1429 1582 1495 χιλιάς
1612 1428 1853 1496 τριήρεις

111 1537 151 1569 15
175 1518 335 1584 μόνοι
375 1517 769 1583 διαναυμαχεῖν
808 1514 908 1567 οὐκ
956 1513 1272 1583 ἐμέλλησαν,
1322 1514 1388 1567 οὐ
1434 1516 1544 1583 μὴν
1582 1515 1852 1582 εἰάθησάν

175 1624 250 1671 γε.
315 1602 808 1671 καταισχυνθέντες
854 1623 911 1655 τε
957 1604 1061 1672 γὰρ
1103 1605 1545 1670 Πελοποννήσιοι
1590 1603 1692 1671 τὴν
1730 1603 1851 1672 ἀρε-

175 1693 277 1759 τὴν
315 1692 497 1744 αὐτῶν
535 1690 624 1744 καὶ
667 1694 990 1760 νομίσαντες
1028 1690 1565 1761 προδιαφθαρέντων
1603 1688 1704 1760 μὲν
1741 1701 1853 1744 τῶν

175 1779 452 1850 ἡμετέρων
498 1779 614 1832 οὐδ’
651 1779 806 1833 αὐτοὶ
854 1782 1235 1848 σωθήσεσθαι,
1280 1781 1757 1849 κατορθωσάντων
1797 1778 1844 1832 δ’

179 1870 256 1931 εἰς
308 1869 530 1938 ἀτιμίαν
575 1871 669 1931 τὰς
724 1869 907 1922 αὑτῶν
951 1871 1136 1931 πόλεις
1190 1871 1563 1937 καταστήσειν,
1617 1869 1853 1936 ἠναγκά-
1999 1939 2004 1943 ¹

112 1978 155 2010 20
179 1963 396 2025 σθησαν
447 1967 733 2026 μετασχεῖν
786 1967 896 2010 τῶν
948 1958 1240 2010 κινδύνων.
1315 1955 1406 2010 καὶ
1459 1959 1588 2020 τοὺς
1637 1958 1642 2025 Ι
1693 1954 1793 2026 μὲν
1827 1970 1938 2010 1081
1981 1935 2004 1999 *3

177 2047 460 2116 θορύβους
505 2049 634 2109 τοὺς
677 2046 737 2099 ἐν
775 2054 850 2118 τῷ
894 2048 1169 2116 πράγματι
1215 2045 1577 2115 γιγνομένους
1622 2043 1711 2098 καὶ
1758 2048 1853 2108 τὰς

177 2137 418 2204 κραυγὰς
455 2133 543 2187 καὶ
585 2136 679 2197 τὰς
718 2136 1161 2204 παρακελεύσεις,
1209 2133 1242 2186 ἃ
1279 2135 1439 2186 κοινὰ
1477 2134 1700 2186 πάντων
1738 2132 1851 2186 ἐστὶ

1983 1828 1989 1891 Ξ

177 2233 288 2275 τῶν
318 2224 766 2292 ναυμαχούντων,
798 2223 899 2276 οὐκ
931 2220 1034 2277 οἷδ’
1068 2225 1096 2277 ὅ
1136 2243 1186 2276 τι
1226 2223 1311 2275 δεῖ
1349 2221 1607 2290 λέγοντας
1645 2223 1853 2292 διατρί-

297 2387 321 2424 3
354 2382 579 2426 Isocrates
611 2383 673 2426 IV
699 2388 872 2427 96--99

297 2534 320 2571 2
355 2527 553 2601 ναυχίαν
578 2530 612 2571 P
704 2535 730 2572 4
763 2528 1143 2602 παραλαμβόντες
1174 2529 1210 2571 Β
1316 2534 1341 2572 5
1373 2528 1454 2572 τὸν
1487 2527 1537 2572 ἐκ
1568 2545 1647 2583 της
1678 2527 1851 2578 πόλεως

179 2588 221 2631 Is
307 2592 331 2630 6
364 2585 427 2631 ἵν’
455 2587 504 2631 ἐν
537 2585 662 2642 μέρει
694 2589 808 2643 πρὸς
841 2587 1064 2643 ἑκατέραν
1096 2587 1455 2632 κινδυνεύσωσιν
1487 2587 1530 2629 IS
1567 2589 1609 2629 Γ
1695 2591 1720 2629 8
1753 2586 1850 2629 ἐπι

179 2645 444 2703 δειχθέντες
468 2645 775 2715 ἐπιδειχθεῖεν
800 2647 836 2690 Β
933 2652 987 2690 10
1018 2647 1103 2703 τὴν
1126 2646 1281 2704 πόλιν]
1313 2645 1428 2702 πόλη
1435 2662 1460 2688 ν
1482 2645 1519 2688 Ρ
1612 2650 1665 2687 13
1697 2646 1851 2689 αὐτῶν

179 2706 262 2748 ΒΡ
297 2706 302 2762 Ι
337 2702 592 2760 γενομένην
618 2705 653 2746 Β
690 2708 693 2761 Ι
730 2706 808 2749 καὶ
840 2706 931 2762 μὴν
964 2704 1072 2750 οὐδε
1105 2704 1410 2749 Bitschelius:
1450 2703 1530 2747 καὶ
1561 2701 1676 2759 μηδε
1710 2703 1849 2746 ΜΒΡ

179 2764 259 2809 καὶ
298 2761 405 2808 οὐδε
446 2763 487 2806 Is
532 2766 536 2818 Ι
579 2764 839 2820 ἀποχρῆσαι
870 2764 962 2807 ΜΡ
1018 2765 1296 2821 ἀποιχρῆσαι
1327 2763 1384 2807 B:
1418 2775 1518 2805 con·
1548 2777 1577 2804 v
1678 2766 1730 2805 15
1765 2764 1849 2807 οὐκ

181 2837 255 2867 om
286 2823 328 2866 Is
372 2825 377 2879 Ι
421 2822 656 2877 εἰώθησαν
688 2822 735 2864 Μ
850 2827 902 2866 16
934 2839 983 2866 τε
1016 2838 1091 2866 om
1119 2823 1162 2866 Is
1195 2821 1385 2866 seclusit
1415 2836 1444 2864 v
1552 2825 1605 2864 18
1638 2821 1772 2865 αὐτοὶ
1802 2822 1851 2865 Μ

302 2886 353 2925 19
385 2882 537 2925 αὐτῶν
562 2880 738 2923 MBPv
830 2886 882 2923 21
913 2884 1124 2940 θορυβας
1150 2881 1386 2938 θορύβους
1410 2879 1446 2921 Β
1474 2881 1479 2935 Ι
1508 2880 1780 2935 γινομένους
1803 2881 1851 2923 Μ

298 2945 352 2983 23
385 2938 576 2996 λέγοντα
609 2940 650 2982 Is
