2004 3202
687 155 831 196 ΠΕΡΙ
862 153 1263 198 ΘοΤΚΤΔῐΔοΤ
1707 153 1810 206 331

60 343 67 348 ,
139 290 233 350 τὰς
263 286 614 357 βαρβαρικάς,
656 286 792 357 [καὶ]
834 287 1001 351 αὐτάς
1030 307 1087 341 τε
1118 288 1317 350 ταύτας
1349 287 1415 341 οὐ
1448 288 1817 350 συνάπτοντες

137 375 414 444 ἀλλήλαις,
454 374 593 428 ἀλλὰ
629 374 738 428 κατ’
784 378 922 442 ἔθνη
960 374 1051 429 καὶ
1088 377 1224 429 κατὰ
1253 377 1441 438 πόλεις
1472 376 1816 446 διαιροῦντες
1877 393 1911 430 Q

137 462 228 516 καὶ
282 461 447 532 χωρὶς
502 463 755 531 ἀλλήλων
810 463 1155 534 ἐκφέροντες,
1211 462 1308 516 ἕνα
1356 462 1447 516 καὶ
1494 465 1592 517 τὸν
1646 464 1816 517 αὐτὸν

51 613 53 617 ⁴
137 552 505 620 φυλάττοντες
537 554 761 620 σκοπόν,
802 553 925 605 ὅσαι
950 551 1274 623 διεσῴζοντο
1297 543 1591 622 παρόἶτοῖς
1623 552 1815 622 ἐπιχω-

137 642 280 709 ρίοις
317 647 522 708 μνῆμαι
569 642 704 693 κατὰ
743 643 882 708 ἔθνη
921 660 979 693 τε
1017 639 1107 693 καὶ
1146 642 1280 693 κατὰ
1319 642 1531 708 πόλεις,
1578 646 1632 693 εἴ
1664 640 1708 693 τ’
1755 641 1816 694 ἐν
1861 657 1882 690 5

138 730 305 797 ἱεροῖς
336 733 391 780 εἴ
416 727 459 780 τ’
494 728 554 781 ἐν
585 731 838 797 βεβήλοις
869 728 1220 798 ἀποκείμεναι
1251 731 1478 799 γραφαί,
1509 730 1708 792 ταύτας
1740 732 1817 792 εἰς

136 817 238 884 τὴν
260 817 455 884 κοινὴν
478 817 736 870 ἁπάντων
759 827 969 884 γνῶσιν
999 817 1315 885 ἐξενεγκεῖν,
1347 818 1465 880 οἵας
1486 817 1816 887 παρέλαβον,

135 906 269 974 μήτε
298 904 693 974 προστιθέντες
732 905 922 968 αὐταῖς
955 927 1006 958 τι
1039 908 1171 974 μήτε
1209 905 1599 974 ἀφαιροῦντες·
1639 905 1700 959 ἐν
1730 900 1817 969 αἶς

28 1063 29 1068 Ξ
134 992 225 1046 καὶ
265 997 445 1063 μῦθοί
478 1013 624 1056 τινες
656 993 857 1061 ἐνῆσαν
888 993 995 1046 ἀπὸ
1028 1001 1127 1046 τοῦ
1157 998 1367 1047 πολλοῦ
1397 993 1816 1063 πεπιστευμένοι

19 1073 33 1162 ξ
134 1085 341 1152 χρόνου
372 1081 463 1134 καὶ
486 1085 779 1151 θεατρικαί
805 1101 948 1144 τινες
972 1081 1306 1152 περιπέτειαι
1330 1084 1472 1135 πολὺ
1504 1083 1564 1135 τὸ
1590 1083 1818 1150 ἠλίθιον
1842 1100 1884 1132 10

9 1157 35 1244 Ξ
134 1173 282 1239 ἔχειν
319 1179 434 1232 τοῖς
466 1178 572 1223 νῦν
603 1172 888 1223 δοκοῦσαι·
928 1170 1077 1234 λέξιν
1114 1190 1172 1223 τε
1211 1171 1283 1233 ὡς
1315 1169 1402 1223 ἐπὶ
1442 1172 1502 1223 τὸ
1534 1172 1676 1224 πολὺ
1716 1171 1817 1239 τὴν

8 1188 39 1372 Ξ
134 1259 310 1327 αὐτὴν
333 1260 566 1321 ἅπαντες
599 1258 1065 1327 ἐπιτηδεύσαντες,
1099 1259 1218 1312 ὅσοι
1247 1260 1377 1321 τοὺς
1402 1258 1603 1321 αὐτοὺς
1633 1261 1816 1328 προεί-

9 1370 41 1399 «ι
135 1352 298 1400 λοντο
330 1357 441 1415 τῶν
473 1347 775 1419 διαλέκτων
805 1354 1162 1417 χαρακτῆρας,
1194 1348 1295 1415 τὴν
1326 1355 1473 1415 σαφῆ
1501 1346 1591 1400 καὶ
1622 1348 1817 1416 κοινὴν

10 1423 132 1490 *820
147 1434 238 1488 καὶ
270 1416 541 1506 καΙθαρὰν
563 1434 652 1487 καὶ
678 1436 955 1504 σύντομον
984 1434 1074 1487 καὶ
1106 1444 1221 1498 τοῖς
1250 1436 1529 1504 πράγμασι
1555 1443 1814 1505 προσφυῆ

136 1522 227 1576 καὶ
267 1524 536 1593 μηδεμιάν
582 1527 889 1593 σκευωρίαν
936 1523 1341 1592 ἐπιφαίνουσαν
1379 1526 1654 1632 τεχνικην·
1703 1523 1814 1576 ἐπι-
1840 1540 1882 1573 15

134 1611 310 1682 τρέχει
356 1611 545 1681 μέντοι
591 1631 673 1674 τις
719 1613 834 1681 ὥρα
880 1620 994 1674 τοῖς
1040 1613 1223 1681 ἔργοις
1277 1611 1460 1664 αὐτῶν
1506 1610 1595 1664 καὶ
1643 1613 1815 1681 χάρις,

133 1710 249 1763 τοῖς
287 1697 389 1769 μὲν
425 1703 647 1768 πλείων,
686 1709 801 1763 τοῖς
840 1698 889 1752 δ’
930 1699 1183 1767 ἐλάττων,
1223 1698 1294 1752 δι’
1333 1700 1404 1767 ἣν
1441 1702 1520 1752 ἔτι
1551 1699 1816 1768 μένουσιν

135 1789 320 1842 αὐτῶν
358 1790 414 1842 αἱ
445 1791 668 1859 γραφαί.
723 1789 752 1842 ὁ
786 1787 834 1841 δ’
866 1787 1290 1858 Ἁλικαρνασεὺς
1313 1788 1630 1858 Ἡρόδοτος,
1661 1791 1815 1857 γενό-

133 1898 297 1947 μενος
335 1878 503 1949 ὀλίγῳ
542 1870 813 1947 πρότερον
850 1887 961 1929 τῶν
1000 1881 1314 1946 Περσικῶν,
1360 1880 1715 1946 παρεκτείνας
1754 1874 1815 1930 δὲ

132 1965 290 2035 μέχρι
350 1976 461 2020 τῶν
522 1971 1087 2034 Πελοποννησιακῶν,
1156 1967 1258 2033 τήν
1318 1985 1375 2018 τε
1434 1967 1815 2041 πραγματικὴν
1840 1982 1881 2014 20

132 2057 458 2130 προαίρεσιν
506 2053 592 2107 ἐπὶ
639 2056 699 2107 τὸ
748 2057 931 2123 μεῖζον
986 2052 1236 2120 ἐξήνεγκε
1280 2052 1371 2106 καὶ
1418 2040 1814 2124 λαμπρότερον,

134 2143 260 2196 οὔτε
298 2145 507 2206 πόλεως
546 2151 672 2212 μιᾶς
712 2141 824 2196 οὔτ’
871 2144 1075 2203 ἔθνους
1121 2139 1243 2203 ἑνὸς
1295 2142 1543 2211 ἱστορίαν
1588 2144 1814 2212 προελό-

133 2251 297 2300 μενος
336 2231 667 2301 ἀναγράψαι,
706 2232 912 2292 πολλὰς
943 2227 1003 2282 δὲ
1040 2228 1131 2282 καὶ
1165 2231 1469 2299 διαφόρους
1500 2229 1721 2300 πράξεις
1757 2233 1814 2283 ἔκ

131 2339 191 2373 τε
229 2327 323 2387 τῆς
354 2319 627 2388 Εὐρώπης
665 2321 723 2371 ἔκ
762 2338 819 2371 τε
856 2326 951 2386 τῆς
982 2316 1164 2380 Ἀσίας
1203 2319 1280 2380 εἰς
1310 2326 1436 2387 μιᾶς
1465 2319 1814 2388 περιγραφὴν

131 2411 500 2478 πραγματείας
539 2415 873 2474 συναγαγεῖν
905 2404 1227 2476 (ἀρξάμενος
1258 2414 1398 2474 γοῦν
1437 2406 1540 2459 ἀπὸ
1574 2414 1668 2475 τῆς
1702 2416 1812 2459 τῶν
1836 2423 1878 2455 25

254 2544 276 2582 1
310 2539 390 2582 καὶ
422 2537 498 2581 del
521 2536 918 2581 Radermacherus
947 2536 952 2594 Ι
981 2535 1124 2587 αὐτὰς
1156 2534 1207 2580 δὲ
1235 2536 1484 2594 Sylburgio
1509 2539 1698 2581 auctore
1731 2552 1753 2579 r

23 2612 55 2651 ,ζ
136 2602 162 2640 2
193 2597 464 2653 ἀλλήλαις..
486 2601 539 2640 ,3
571 2596 708 2654 χωρὶς
739 2609 814 2639 om
838 2595 873 2638 P
965 2600 990 2639 6
1025 2594 1168 2650 ἱεραῖς
1201 2595 1417 2640 Reiskius
1446 2598 1452 2652 Ι
1481 2603 1685 2652 γραφαῖς
1709 2595 1811 2651 Syl-

0 2664 3 2710 ;
20 2663 48 2708 fr,
134 2655 301 2713 burgio
341 2658 529 2699 auctore
561 2653 800 2708 ReiskiuS,
832 2654 893 2697 ad
926 2659 949 2697 7
977 2653 1231 2726 ἐξενεγκεῖν
1271 2654 1471 2699 relatum
1510 2654 1774 2712 Kruegerus
1805 2661 1807 2670 ¹

29 2720 34 2723 ’
134 2721 305 2766 ταῦτας
335 2715 370 2758 Ρ
462 2721 487 2759 9
519 2713 609 2757 ὑπὸ
635 2713 760 2756 MPf
846 2717 900 2756 10
923 2711 1228 2772 περιπέτειαι]
1254 2713 1348 2758 fort
1371 2721 1580 2770 γοητεῖαι
1605 2714 1654 2758 cf
1667 2718 1765 2769 334,
1786 2720 1809 2757 ‘2

255 2778 308 2816 12
343 2773 648 2828 ἐπιτήδευσαν
673 2772 721 2815 Μ
753 2771 1062 2827 ἐπετήδευσαν
1086 2772 1155 2817 Pf
1308 2777 1362 2817 18
1388 2771 1763 2828 Ἁλικαρνασσεὺς
1794 2773 1817 2815 f

260 2837 313 2876 19
344 2833 579 2889 πρώτερον
611 2831 646 2874 Ρ
811 2835 867 2874 20
896 2833 1299 2889 πελλοννησιακῶν
1323 2832 1359 2875 Ρ
1511 2837 1567 2875 24
1601 2831 1665 2883 εἰς
1696 2831 1808 2875 ΜΡ.

138 2889 185 2941 ἐς
212 2890 264 2948 fl
292 2898 399 2947 μιᾶς
429 2891 712 2946 Kruegerus:
745 2888 859 2945 μίαν
875 2889 998 2933 MPf
1025 2890 1116 2947 cfp
1134 2894 1233 2966 332,
1248 2896 1287 2934 4.
1309 2895 1363 2934 10
1449 2894 1504 2934 25
1531 2896 1810 2947 συναγαγεῖν

138 2947 343 2994 Sadaeus
375 2965 404 3006 p
430 2954 536 2994 213:
570 2948 762 3006 ἀγαγεῖν
793 2949 946 3006 ΜΡΪΙ
974 2951 1108 3007 γοῦν]
1142 2946 1227 2994 οὖν
1258 2949 1383 2992 MPf
