2004 3202
177 146 247 198 58
595 149 936 192 ΔΙΟΝΤΣΙΟΤ
968 148 1437 191 ΑΛΙΚΑΡΝΑΣΕῼΣ

175 283 355 336 ούτων
409 283 698 352 σχημάτων
751 285 951 351 κόσμος
1004 283 1177 344 πολύς
1227 281 1340 335 ἐστι
1385 281 1514 353 παρ’
1562 282 1709 353 αὐτῷ
1761 280 1852 335 καὶ

175 376 335 425 λυπεῖ
371 373 633 434 πολλάκις
671 372 771 440 τὴν
821 373 994 438 ἄλλην
1038 372 1378 439 κατασκευὴν
1421 371 1853 442 προσιστάμενος

174 469 292 522 ταῖς
331 459 530 522 ἀκοαῖς.

116 557 150 608 3
321 550 569 601 καθόλου
608 546 668 601 δὲ
707 557 876 617 τριῶν
923 549 1123 615 ὄντων,
1179 548 1252 610 ὥς
1297 562 1432 617 φησι
1483 551 1852 617 Θεόφραστος,

131 659 153 693 5
177 636 230 701 ἐξ
278 633 356 690 ὧν
401 640 610 705 γίνεται
655 637 715 689 τὸ
763 635 899 704 μέγα
951 634 1043 687 καὶ
1095 636 1296 705 σεμνὸν
1348 635 1438 689 καὶ
1491 638 1746 706 περιττὸν
1793 636 1853 690 ἐν

175 725 331 794 λέξει,
371 733 466 793 τῆς
496 745 553 778 τε
586 725 810 792 ἐκλογῆς
842 734 952 799 τῶν
983 724 1269 793 ὀνομάτων
1305 723 1396 778 καὶ
1427 733 1521 793 τῆς
1552 724 1610 778 ἐκ
1640 725 1853 778 τούτων

175 813 440 884 ἁρμονίας
491 812 581 866 καὶ
635 823 744 865 τῶν
789 814 1313 882 περιλαμβανόντων
1362 812 1500 866 αὐτὰ
1546 814 1851 882 σχημάτων,

176 901 381 970 ἐκλέγει
420 899 520 971 μὲν
555 902 560 969 Ι
596 898 656 954 εὖ
695 902 843 954 πάνυ
881 899 973 952 καὶ
1010 902 1076 953 τὰ
1114 902 1375 971 κράτιστα
1405 910 1515 954 τῶν
1544 901 1830 970 ὀνομάτων
1855 912 1940 951 540
1969 898 1979 947 2}

173 993 422 1058 τίθησιν,
474 990 727 1059 ἁρμόττει
773 986 834 1041 δὲ
881 989 1018 1042 αὐτοὶ
1062 987 1385 1059 περιέργως,
1432 990 1532 1057 τὴν
1570 989 1852 1058 εὐφωνίαν

109 1103 150 1135 10
175 1077 431 1131 ἐντείνων
484 1079 778 1147 μουσικήν,
842 1080 1150 1146 σχηματίζει
1203 1097 1260 1130 τε
1314 1087 1586 1147 φορτικῶς
1642 1075 1732 1130 καὶ
1786 1079 1853 1130 τὰ

172 1168 348 1219 πολλα
405 1169 612 1234 γίνεται
665 1167 875 1237 ψυχρὸς
919 1165 952 1234 ἢ
1000 1173 1075 1237 τῷ
1121 1168 1419 1236 πόρρωθεν
1472 1166 1773 1235 λαμβάνειν
1817 1164 1851 1233 ἢ

172 1262 246 1326 τῷ
285 1256 356 1324 μὴ
395 1253 673 1325 πρέποντα
713 1251 854 1307 εἶναι
892 1256 958 1307 τὰ
994 1257 1238 1323 σχήματα
1282 1263 1397 1316 τοῖς
1441 1255 1719 1324 πράγμασι
1759 1255 1852 1307 διὰ

172 1345 231 1395 τὸ
272 1344 343 1412 μὴ
383 1353 603 1413 κρατεῖν
641 1351 740 1396 τοῦ
780 1346 1020 1413 μετρίου.
1087 1350 1257 1395 ταῦτα
1296 1342 1482 1411 μέντοι
1521 1342 1612 1395 καὶ
1651 1363 1852 1413 μακρο-

171 1431 335 1501 τέραν
373 1431 520 1503 αὐτῷ
558 1440 703 1485 ποιεῖ
741 1432 842 1499 τὴν
881 1430 1029 1495 λέξιν
1073 1432 1358 1499 πολλάκις,
1407 1430 1545 1498 λέγω
1595 1428 1654 1484 δὲ
1693 1434 1755 1484 τό
1794 1451 1850 1484 τε

107 1545 147 1576 15
172 1521 248 1581 εἰς
285 1521 580 1589 περιόδους
620 1519 971 1590 ἐναρμόττειν
1010 1521 1223 1572 ἅπαντα
1266 1521 1331 1571 τὰ
1369 1521 1613 1588 νοήματα
1659 1518 1749 1572 καὶ
1788 1521 1849 1572 τὸ

171 1616 285 1670 τοῖς
323 1607 509 1670 αὐτοῖς
547 1609 741 1670 τύποις
778 1617 889 1660 τῶν
928 1609 1216 1676 σχημάτων
1251 1609 1346 1670 τὰς
1376 1609 1670 1677 περιόδους
1700 1626 1851 1676 περι-

172 1696 472 1763 λαμβάνειν
509 1695 600 1748 καὶ
649 1697 710 1748 τὸ
758 1697 980 1748 διώκειν
1027 1695 1084 1748 ἐκ
1128 1697 1332 1758 παντὸς
1378 1697 1478 1764 τὴν
1524 1695 1850 1765 εὐρυθμίαν.

173 1783 239 1835 οὐ
270 1785 373 1852 γὰρ
408 1785 618 1836 ἅπαντα
651 1783 862 1853 δέχεται
895 1785 1019 1837 οὔτε
1052 1791 1221 1852 μῆκος
1252 1785 1312 1837 τὸ
1347 1784 1479 1836 αὐτὸ
1514 1785 1638 1837 οὔτε
1674 1792 1851 1854 σχῆμα

171 1872 231 1924 τὸ
270 1874 653 1941 παραπλήσιον
692 1873 817 1924 οὔτε
858 1872 1078 1941 ῥυθμὸν
1117 1873 1215 1925 τὸν
1255 1877 1390 1925 ἴσον.
1460 1874 1597 1926 ὥστε
1641 1873 1848 1941 ἀνάγκη

106 1984 149 2016 20
171 1961 640 2029 παραπληρώμασι
682 1959 877 2024 λέξεων
918 1957 1083 2013 οὐδὲν
1115 1961 1451 2029 ὠφελουσῶν
1481 1967 1720 2031 χρῆσθαι
1758 1960 1848 2014 καὶ

170 2047 545 2116 ἀπομηκύνειν
582 2047 720 2118 πέρα
759 2057 857 2101 τοῦ
897 2052 1167 2118 χρησίμου
1205 2050 1303 2102 τὸν
1349 2052 1530 2117 λόγον.
1601 2047 1740 2117 λέγω
1789 2046 1850 2101 δὲ

171 2136 270 2204 οὐχ
310 2137 382 2198 ὡς
422 2138 716 2199 διαπαντὸς
755 2136 924 2190 αὐτοῦ
964 2145 1132 2189 ταῦτα
1170 2145 1464 2200 ποιοῦντος
1511 2135 1636 2207 (οὐχ
1677 2137 1849 2199 οὕτως

170 2228 456 2294 μαίνομαι·
495 2224 585 2278 καὶ
625 2227 727 2295 γὰρ
769 2228 1071 2294 συντίθησί
1103 2243 1234 2278 ποτε
1265 2225 1480 2295 ἀφελῶς
1511 2227 1577 2278 τὰ
1609 2225 1849 2294 ὀνόματα

170 2311 259 2364 καὶ
300 2314 418 2365 λύει
457 2315 557 2381 τὴν
595 2315 857 2382 περίοδον
904 2313 1138 2381 εὐγενῶς
1184 2312 1274 2367 καὶ
1313 2315 1378 2366 τὰ
1416 2316 1676 2384 περιέργα
1723 2315 1848 2382 σχή-

106 2423 148 2457 25
170 2421 311 2469 ματα
363 2400 453 2453 καὶ
501 2404 735 2470 φορτικὰ
790 2403 981 2470 φεύγει
1035 2402 1124 2455 καὶ
1171 2404 1404 2471 μάλιστα
1451 2401 1510 2454 ἐν
1555 2411 1669 2463 τοῖς
1715 2416 1848 2470 συμ-

290 2563 316 2602 4
349 2559 695 2616 Theophrastus
728 2561 833 2615 περὶ
864 2559 1024 2614 λέξεως
1055 2562 1096 2604 fr
1119 2562 1162 2606 V
1187 2561 1396 2606 Schmidt

289 2711 316 2749 4
349 2721 492 2763 φησιν
523 2706 616 2749 ΜΒ
706 2711 730 2749 6
763 2707 812 2750 τὸ
838 2705 954 2763 μέγα
978 2709 1057 2752 καὶ
1080 2708 1293 2763 περιττὸν
1319 2707 1370 2751 ἐν
1393 2704 1509 2760 λέξει
1539 2721 1586 2749 m
1610 2719 1716 2750 saec
1739 2707 1847 2750 XIV

171 2765 221 2808 in
251 2779 330 2821 mg
361 2766 396 2808 F
499 2769 524 2808 8
557 2773 646 2809 τῶν
679 2764 920 2821 ὀνομάτων
952 2767 986 2809 F
997 2767 1030 2812 l:
1065 2767 1270 2823 ὀνόματα
1302 2765 1507 2809 F²MPB
1607 2770 1661 2808 10
1693 2767 1759 2823 τε]
1793 2763 1845 2809 δὲ

170 2823 365 2868 Wolfius
452 2829 505 2867 12
530 2824 674 2867 uerba
699 2822 877 2879 πρέπον
902 2825 1161 2882 (εἰῶ-διὰ
1183 2826 1234 2870 τὸ
1259 2825 1320 2881 μὴ
1345 2824 1395 2867 in
1417 2824 1465 2867 M
1490 2823 1661 2868 omissa
1680 2839 1845 2868 manus

170 2885 304 2927 uetus
329 2882 379 2925 in
402 2898 481 2939 mg
506 2883 742 2939 suppleuit
829 2888 884 2926 20
916 2885 1144 2939 ὠφελοῦσι
1170 2884 1374 2928 Sadaeus
1461 2887 1514 2925 21
1540 2880 1659 2938 πέρα
1683 2883 1775 2926 MP
1785 2883 1844 2927 B:

170 2957 298 2998 παρα
330 2942 364 2984 F
456 2947 510 2984 22
545 2940 662 2986 οὕτω
694 2957 721 2985 v
815 2947 870 2985 24
902 2942 1066 2999 ἐγενῶς
1097 2945 1132 2986 Ρ
