2004 3202
729 133 1153 178 ΔΗΜΟΣΘΕΝΗΣ
1671 134 1781 187 239

104 270 403 341 περιόδων,
451 268 515 332 ἃς
553 268 956 340 ἀντιστρόφους
1001 269 1355 338 ὀνομάζουσι,
1402 268 1651 339 χρωμένη
1691 269 1782 322 καὶ

105 365 182 431 τῷ
243 359 471 427 σχήματι
525 358 700 429 τούτῳ
762 365 857 426 τῆς
910 364 1242 426 κατασκευῆς
1304 356 1411 410 ἀπὸ
1466 364 1560 425 τῆς
1614 357 1782 427 ἀρχῆς

105 446 263 517 μέχρι
307 453 405 500 τοῦ
451 444 642 509 τέλους
687 450 1066 517 προβαίνουσα
1118 448 1379 516 ἔμμετρός
1432 444 1479 498 τ’
1526 444 1639 498 ἐστὶ
1691 444 1783 498 καὶ

107 538 402 606 ἔρρυθμος,
441 533 532 587 καὶ
571 535 811 604 ὀνόματα
849 545 1022 589 κεῖται
1058 543 1123 606 τῇ
1154 535 1379 606 τοιαύτῃ
1396 528 1551 598 ’λέξει
1582 533 1784 604 μέτρον

105 622 194 677 καὶ
233 621 418 692 μέλος,
464 623 497 691 ἡ
538 621 598 676 δὲ
636 622 1146 694 περιπεπλανημένα
1196 621 1366 694 μέτρα
1402 622 1492 676 καὶ
1532 622 1784 692 ῥυθμοὺς
1829 642 1852 674 5

106 711 370 774 ἀτάκτους
410 710 957 782 ἐμπεριλαμβάνουσα
1001 711 1092 765 καὶ
1138 714 1270 782 μήτε
1307 711 1651 765 ἀκολουθίαν
1689 711 1784 764 αὐ-

106 808 216 852 τῶν
255 800 608 868 φυλάττουσα
646 802 779 869 μήτε
810 801 1106 870 ὁμοζυγίαν
1135 799 1257 870 μήτ’
1290 802 1464 869 ἄλλην
1494 800 1786 870 ὁμοιότητα

106 887 439 957 τεταγμένην
477 890 748 958 μηδεμίαν
786 890 1065 959 εὔρυθμος
1103 888 1206 959 μέν
1244 888 1357 942 ἐστι
1387 888 1478 942 καὶ
1510 890 1785 958 εὔμετρος,

109 974 296 1044 ἐπειδὴ
344 978 780 1031 διαπεποίκιλται
826 977 1045 1048 μέτροις
1096 997 1154 1031 τε
1200 976 1290 1031 καὶ
1337 978 1575 1048 ῥυθμοῖς
1621 991 1784 1046 τισιν,

109 1063 175 1116 οὐ
215 1065 324 1133 μὴν
361 1067 641 1136 ἔρρυθμός
678 1086 740 1134 γε
779 1064 909 1119 οὐδὲ
955 1069 1238 1137 ἔμμετρος,
1286 1065 1470 1135 ἐπειδὴ
1510 1065 1633 1135 οὐχὶ
1672 1075 1786 1128 τοῖς
1811 1085 1852 1117 ιο

109 1151 297 1216 αὐτοῖς
342 1152 473 1207 οὐδὲ
517 1156 654 1208 κατὰ
707 1154 876 1208 ταύτὰ
930 1157 1131 1224 ἔχουσι.
1207 1155 1469 1224 τοιαύτην
1523 1156 1591 1223 δή
1645 1175 1784 1223 φημι

107 1249 289 1295 πᾶσαν
335 1238 477 1296 εἶναι
525 1242 674 1307 λέξιν
721 1246 1025 1312 πολιτικήν,
1076 1243 1136 1296 ἐν
1186 1237 1220 1314 ᾗ
1256 1245 1317 1296 τὸ
1367 1244 1652 1312 ποιητικὸν
1699 1242 1786 1312 ε’μ-

22 1341 132 1383 1111
162 1334 416 1399 φαίνεται
445 1333 658 1395 κάλλος.
719 1325 753 1403 ᾗ
783 1331 874 1386 καὶ
909 1333 915 1401 Ι
949 1334 1048 1385 τὸν
1078 1330 1415 1402 Δημοσθένη
1453 1320 1788 1402 κεχρημένον

109 1420 234 1489 ὁρῶ.
302 1421 397 1483 τὰς
436 1418 497 1473 δὲ
533 1420 658 1491 περὶ
697 1421 898 1474 τούτου
943 1429 1042 1474 τοῦ
1089 1420 1290 1492 μέρους
1326 1424 1535 1483 πίστεις
1575 1420 1635 1472 έν
1672 1428 1787 1482 τοῖς

107 1507 233 1577 περὶ
271 1516 366 1576 τῆς
406 1508 718 1572 συνθέσεως
757 1519 1052 1579 γραφεῖσιν
1084 1509 1443 1572 ἀποδεδωκὼς
1483 1509 1582 1562 οὐκ
1621 1508 1787 1576 άναγ-
1812 1527 1853 1559 15

109 1604 267 1649 καῖον
304 1596 541 1667 ἡγοῦμαι
580 1598 866 1651 κάνταῦθα
897 1597 1090 1666 λέγειν.
1152 1601 1340 1669 τρίτον
1371 1600 1451 1650 ἔτι
1481 1597 1572 1650 καὶ
1603 1596 1787 1667 τέταρ-

110 1705 207 1738 τον
268 1686 468 1754 ἰδίωμα
526 1694 621 1754 τῆς
683 1685 996 1750 συνθέσεως
1055 1695 1154 1740 τοῦ
1210 1686 1441 1756 ῥήτορος
1493 1682 1564 1754 ἧν
1616 1688 1677 1739 τό
1731 1706 1788 1738 τε

110 1772 453 1837 ἐξαλλάττειν
497 1776 858 1838 παντοδαπῶς
901 1774 993 1828 καὶ
1039 1777 1100 1828 τὸ
1148 1778 1492 1845 σχηματίζειν
1529 1777 1788 1836 ποικίλως

112 1862 176 1914 τὰ
222 1866 368 1915 κῶλα
414 1861 504 1915 καὶ
549 1865 646 1927 τὰς
696 1865 1005 1934 περιόδους.
1082 1861 1212 1918 οὐδὲ
1258 1866 1362 1934 γὰρ
1409 1866 1559 1916 ἔστιν
1606 1861 1789 1924 οὐδεὶς

112 1951 294 2013 ἁπλῶς
332 1953 518 2019 τόπος,
570 1951 629 2013 ὃς
668 1951 791 2021 οὐχὶ
838 1954 1273 2006 διαπεποίκιλται
1318 1961 1436 2015 ταῖς
1473 1972 1530 2005 τε
1571 1950 1788 2015 ἐξαλλα-
1812 1970 1855 2001 20

113 2049 234 2108 γαῑς
271 2038 362 2092 καὶ
399 2049 514 2102 τοῖς
553 2050 957 2110 σχηματισμοῖς,
995 2042 1068 2103 ὡς
1106 2042 1339 2103 ἅπαντες
1371 2046 1536 2107 ἴσασι,
1574 2043 1671 2092 καί
1696 2059 1789 2108 μοι
1829 2027 1833 2031 ’

115 2131 264 2182 δοκεῖ
321 2135 490 2181 ταῦτα
553 2130 625 2198 μὴ
688 2131 869 2197 λόγων
934 2130 1155 2182 δεῖσθαι
1216 2130 1464 2199 γνώριμα
1525 2126 1615 2180 καὶ
1677 2136 1790 2188 τοῖς

115 2218 479 2286 φαυλοτάτοις
518 2219 665 2270 ὄντα.

239 2471 260 2509 1
295 2466 576 2523 ἀντιστροφὴ
610 2465 660 2509 in
691 2480 769 2522 mg
799 2466 836 2509 Β
865 2468 871 2521 Ι
898 2463 1207 2521 ἀντιστροφὰς
1240 2463 1512 2521 Sylburgius
1606 2468 1631 2506 2
1662 2479 1724 2522 τῳ
1755 2463 1790 2505 Ρ

234 2530 262 2568 4
295 2524 530 2581 ἐρρυθμὺς
560 2525 597 2567 Β
646 2524 889 2580 sequentia
927 2538 1072 2580 usque
1115 2524 1177 2567 ad
1208 2520 1419 2596 ῥυθμοὺς
1449 2538 1479 2566 u
1511 2527 1537 2567 5
1571 2522 1791 2566 omittens

236 2589 261 2628 6
295 2582 777 2643 ἐμπεριλαμβάνουσα]
797 2583 1289 2641 ἐμπεριπεπλανημενα
1313 2580 1452 2639 μέτρα
1478 2581 1558 2627 καὶ
1582 2579 1793 2639 ῥυθμοὺς

119 2642 344 2694 ἀτάκτους
369 2642 832 2701 ἐμπεριλαμβάνουσα
855 2643 892 2686 Β
920 2644 926 2700 1
953 2640 1267 2687 ἀκολουθείαν
1291 2642 1329 2685 Β
1408 2646 1431 2685 7
1464 2640 1574 2698 μήτε
1598 2640 1739 2697 ἄλλην
1756 2640 1792 2682 Ρ

119 2702 226 2759 μήτε
244 2730 300 2735 -
319 2700 548 2759 μηδεμίαν
582 2717 657 2746 om
680 2703 716 2745 B
838 2706 863 2746 9
896 2699 1076 2758 μέτροις
1106 2717 1155 2745 τε
1186 2701 1265 2746 καὶ
1318 2698 1498 2757 μέτροις
1527 2715 1575 2743 τε
1607 2699 1688 2744 καὶ.
1719 2698 1792 2742 εὕ-

119 2777 278 2818 μετρος
310 2761 331 2804 ἐ
363 2759 543 2817 μέτροις
573 2778 621 2805 τε
654 2762 732 2805 καὶ
763 2762 800 2804 Β
901 2765 955 2804 10
989 2760 1101 2819 οὐχὴ
1135 2761 1238 2819 οὐχὶ
1399 2765 1450 2803 11
1485 2760 1543 2817 δὴ
1578 2759 1635 2802 de
1660 2772 1792 2813 comp

118 2837 148 2878 p
175 2826 278 2866 197:
312 2817 363 2864 δὲ
480 2825 532 2863 13
560 2819 698 2870 κάλος
729 2821 812 2863 ΒΡ
927 2824 982 2864 14
1013 2819 1134 2875 ὁρῶν
1164 2820 1202 2863 Β
1230 2821 1237 2877 l
1263 2819 1454 2871 τούτους
1484 2819 1521 2862 Β
1628 2822 1682 2861 15
1714 2823 1794 2872 τῆς

120 2877 394 2937 συνθέσεως]
421 2879 676 2934 συντάξεως
698 2880 735 2922 Β
764 2881 768 2936 Ι
796 2879 1095 2930 ἀποδεδοκὼς
1117 2879 1154 2922 Β
1246 2883 1300 2922 17
1333 2878 1434 2923 τότε
1464 2878 1513 2921 Μ
1606 2882 1658 2920 18
1691 2890 1792 2918 ποι-

119 2938 277 2990 κίλλως
307 2939 343 2982 Ρ
434 2942 491 2982 20
523 2938 572 2990 ὃς
604 2938 899 2996 Sylburgius:
933 2936 1028 2990 οιὸς
1051 2938 1087 2981 Ρ
1134 2937 1232 2989 οἷός
1255 2937 1291 2980 Β
1340 2935 1437 2988 οἷος
1461 2937 1507 2980 Μ
1537 2938 1543 2993 Ι
1569 2935 1616 2979 τέ
1640 2936 1675 2977 Ρ
