2004 3202
609 109 757 152 ΠΕΡΙ
786 107 1199 153 ΘΟΤΚΤΔῙΔΟΤ
1650 107 1756 161 381

81 245 352 314 ἄφρακτοι
382 247 595 313 μᾶλλον
626 243 1054 314 διεφθείροντο.’
1100 241 1194 296 Ἐκ
1223 247 1447 296 πολλῶν
1478 245 1559 296 ἔτι
1591 244 1760 296 δυνά-

57 353 240 404 μενος
275 332 736 402 παραδειγμάτων
772 339 998 401 ποιῆσαι
1044 333 1315 402 φανερόν,
1367 332 1450 385 ὅτι
1497 334 1761 401 κρείττων

91 419 243 475 ἐστὶν
281 421 343 475 ἐν
379 429 495 483 τοῖς
541 418 915 491 διηγήῖμασιν,
968 419 1104 474 ὅταν
1151 417 1213 473 ὲν
1265 426 1342 492 τῷ
1388 422 1624 489 συνήθει
1670 419 1759 473 καὶ

73 516 245 581 κοινῷ
282 517 378 578 τῆς
417 507 708 563 διαλέκτου
746 517 1045 580 χαρακτῆρι
1075 508 1230 580 μένῃ,
1268 511 1470 580 χείρων
1508 508 1586 578 δέ,
1626 507 1763 563 ὅταν

79 597 312 669 ἐκτρέψῃ
351 599 453 667 τὴν
492 599 780 652 διάλεκτον
820 597 878 652 ἐκ
926 606 1021 668 τῆς
1071 600 1356 667 συνήθους
1401 596 1490 651 ἐπὶ
1528 600 1595 652 τὰ
1634 597 1761 662 ξένα
1807 616 1827 647 5

80 687 322 757 ὀνόματα
351 685 444 740 καὶ
475 686 807 757 βεβιασμένα
838 689 1098 757 σχήματα,
1130 683 1211 741 ὧν
1240 690 1361 741 ἔνια
1393 692 1764 757 σολοικισμῶν

39 851 41 853 ¹
73 775 368 847 παρέχεται
407 775 592 845 δόξαν,
632 776 1044 846 ἀρκεσθήσομαι
1073 777 1309 846 τούτοις,
1347 777 1442 829 ’ἵνα
1471 777 1544 846 μὴ
1575 794 1764 847 περαι-

75 863 215 936 τέρω
255 872 356 919 τοῦ
396 864 619 928 δέοντος
657 866 690 934 ἡ
730 867 918 937 γραφή
955 886 1049 935 μοι
1086 869 1282 936 προβῇ.

180 952 334 1007 Ἐπεὶ
374 951 435 1008 δὲ
480 953 572 1007 καὶ
616 952 743 1024 περὶ
788 963 900 1008 τῶν
938 955 1292 1025 δημηγοριῶν
1338 954 1510 1008 αὐτοῦ
1558 955 1624 1007 τὰ
1671 955 1763 1008 δο-
1779 955 1851 1007 34

38 1109 42 1115 ,
75 1044 283 1097 κοῦντά
314 1064 407 1113 μοι
440 1045 653 1114 φανερὰ
683 1044 936 1111 ποιήσειν
965 1043 1299 1112 ὑπεσχόμην,
1339 1043 1402 1096 ἐν
1433 1036 1519 1106 αἷς
1550 1046 1768 1096 οἴονταί
1789 1058 1831 1089 10

76 1151 224 1195 τινες
253 1133 356 1200 τὴν
387 1134 562 1203 ἄκραν
591 1140 692 1185 τοῦ
725 1130 1087 1201 συγγραφέως
1118 1128 1261 1185 εἶναι
1292 1132 1550 1201 δύναμιν,
1586 1132 1765 1184 διελό-

77 1241 240 1291 μενος
278 1219 370 1274 καὶ
408 1222 614 1290 ταύτην
653 1222 779 1292 διχῇ
808 1222 910 1289 τὴν
940 1223 1188 1291 θεωρίαν
1218 1226 1297 1284 εἴς
1327 1241 1385 1274 τε
1415 1222 1476 1274 τὸ
1515 1239 1764 1291 πραγμα-

77 1310 235 1364 τικὸν
273 1309 438 1381 μέρος
474 1307 566 1362 καὶ
606 1310 684 1372 εἰς
721 1309 782 1362 τὸ
823 1310 1072 1362 λεκτικὸν
1117 1307 1284 1379 χωρὶς
1322 1305 1462 1378 ὑπὲρ
1504 1307 1764 1379 ἑκατέρου

76 1400 376 1468 ποιήσομαι
406 1399 505 1451 τὸν
537 1400 722 1466 λόγον,
762 1396 1062 1468 ἀρξάμενος
1094 1397 1200 1451 ἀπὸ
1234 1405 1334 1451 τοῦ
1367 1405 1763 1468 πραγματικοῦ.

82 1487 144 1542 έν
185 1480 228 1560 ᾧ
264 1487 488 1557 πρώτην
526 1483 628 1556 μὲν
666 1489 777 1556 ἔχει·
814 1496 1016 1557 μοῖραν
1052 1487 1085 1556 ἡ
1118 1497 1230 1540 τῶν
1269 1487 1675 1556 ἐνθυμημάτων
1705 1506 1763 1539 τε
1790 1502 1832 1534 15

78 1575 171 1630 καὶ
209 1576 501 1645 νοημάτων
539 1575 771 1646 εὕρεσις,
811 1575 1077 1646 δευτέραν
1115 1573 1176 1629 δὲ
1205 1576 1238 1644 ἡ
1271 1585 1383 1629 τῶν
1417 1574 1764 1645 εὑρεθέντων

82 1673 295 1736 χρῆσις·
336 1664 516 1733 ἐκείνη
555 1661 657 1733 μὲν
694 1663 827 1733 <έν>
865 1673 929 1735 τῇ
970 1665 1135 1734 φύσει
1173 1669 1386 1734 μᾶλλον
1423 1666 1625 1733 ἔχουσα
1662 1665 1764 1732 τὴν

83 1755 268 1823 ἰσχύν,
323 1752 460 1821 αὕτη
507 1750 569 1806 δὲ
620 1752 680 1806 ἐν
725 1762 789 1824 τῇ
836 1752 1012 1824 τέχνῃ.
1094 1754 1308 1806 τούτων
1353 1753 1386 1821 ἣ
1440 1750 1542 1822 μὲν
1593 1752 1766 1806 πλέον

81 1844 283 1912 ἔχουσα
313 1849 413 1894 τοῦ
443 1850 697 1911 τεχνικοῦ
728 1843 789 1895 τὸ
822 1843 1064 1911 φυσικὸν
1093 1841 1184 1895 καὶ
1217 1843 1445 1911 διδαχῆς
1478 1841 1766 1904 ἐλάττονος

57 1939 82 1980 7
99 1930 332 2000 δεομένη
355 1933 648 1999 θαυμαστή
683 1929 690 2000 Ι
724 1933 807 1993 τίς
831 1930 944 1983 ε’στι
966 1932 1115 2001 παρὰ
1137 1937 1212 2002 τῷ
1238 1939 1568 2000 συγγραφεῖ·
1609 1930 1763 2000 φέρει
1791 1948 1832 1978 20

82 2022 189 2090 γὰρ
228 2021 405 2089 ὥςπερ
446 2019 504 2072 ἐκ
542 2027 719 2087 πηγῆς
757 2022 1026 2081 πλουσίας
1058 2021 1289 2088 ἄπειρόν
1327 2039 1380 2071 τι
1420 2027 1599 2088 χρῆμα
1638 2039 1764 2087 νοη-

85 2110 273 2179 μάτων
317 2127 375 2160 τε
421 2106 511 2160 καὶ
559 2107 964 2176 ἐνθυμημάτων
1008 2116 1278 2177 περιττῶν
1327 2106 1416 2160 καὶ
1457 2106 1629 2171 ξένων
1674 2106 1764 2160 καὶ

82 2196 426 2267 παραδόξων.
494 2196 527 2264 ἣ
562 2193 622 2249 δὲ
659 2200 853 2249 πλεῖον
891 2198 1091 2264 ἔχουσα
1128 2196 1190 2248 τὸ
1222 2196 1473 2264 τεχνικὸν
1503 2194 1595 2248 καὶ
1633 2201 1766 2265 λαμ-

51 2285 359 2355 -,προτέραν
411 2292 648 2337 ποιοῦσα
703 2287 1006 2351 φαίνεσθαι
1050 2285 1152 2352 τὴν
1203 2282 1395 2354 ἑτέραν
1447 2283 1766 2355 ἐνδεεστέρα

62 2365 187 2427 ἢτοῦ
220 2372 442 2435 δέοντος
467 2371 554 2426 ἐπὶ
583 2377 820 2426 πολλῶν.
875 2371 998 2426 ὅσοι
1026 2370 1128 2442 μὲν
1160 2369 1263 2426 οὗν
1294 2372 1766 2443 ἐκτεθαυμάκασιν
1790 2393 1832 2423 95

86 2463 259 2516 αὐτὸν
303 2459 443 2531 ὑπὲρ
491 2462 551 2515 τὸ
598 2460 846 2530 μέτριον,
896 2462 968 2524 ὡς
1013 2459 1186 2531 μηδὲν
1238 2471 1350 2515 τῶν
1402 2463 1767 2531 θεοφορήτων

88 2550 402 2627 διαφέρειν,
449 2551 541 2603 διὰ
586 2550 647 2602 τὸ
693 2554 907 2617 πλῆθος
953 2549 1158 2604 ἐοίκασι
1204 2560 1315 2604 τῶν
1362 2550 1767 2620 ἐνθυμημάτων

86 2637 234 2692 τοῦτ’
275 2637 558 2708 ἐσχηκέναι
605 2639 666 2691 τὸ
714 2638 908 2701 πάθος.
985 2638 1081 2702 οὓς
1128 2638 1225 2693 ε’ὰν
1270 2639 1503 2710 διδάσκῃ
1550 2661 1633 2702 τις
1672 2638 1757 2709 ἐφ’

210 2804 262 2843 15
299 2797 396 2857 ἔχοι
418 2798 441 2841 f
587 2802 641 2841 17
674 2795 759 2853 μὲν
790 2797 841 2842 ἐν
872 2797 910 2843 f:
943 2795 1027 2855 μὲν
1058 2799 1151 2843 ΜΡ
1297 2804 1350 2843 19
1383 2801 1580 2857 διμαχῆς
1612 2801 1647 2843 Ρ

55 2911 57 2913 ,
92 2861 148 2900 22
179 2873 228 2901 τε
264 2858 347 2902 καὶ
377 2857 449 2902 M:
490 2858 570 2902 καὶ
600 2857 696 2913 Pfl
724 2854 859 2910 ξένον
882 2857 940 2900 P¹
1120 2862 1176 2902 24
1215 2866 1414 2903 ποιοῦσα
1453 2862 1561 2915 post
1603 2857 1762 2913 ἑτέραν

54 2916 57 2918 ’
90 2914 234 2960 iterat
256 2917 316 2960 P¹
435 2921 490 2960 28
524 2915 733 2960 διδάσκει
757 2915 794 2959 Ρ
