2004 3202
149 117 218 170 86
570 118 909 161 ΔΙΟΝΥΣΙΟΤ
940 117 1408 160 ΑΛΙΚΑΡΝΑΣΕΩΣ

145 253 346 306 τούτου
376 251 428 321 γ’
460 251 618 306 ἕνεκα
646 255 814 320 λόγον
837 251 1075 320 εὐπρεπῆ
1099 250 1449 323 πλαττομένῳ
1475 254 1818 320 συντίθεμαι.

147 341 339 394 ἱκανὸν
370 338 430 394 δὲ
457 341 795 410 ἡγησάμενος
819 337 959 393 εἶναι
983 347 1077 406 τῆς
1101 338 1363 407 ἀληθείας
1386 341 1691 408 βεβαιωτὴν
1721 342 1820 394 τὸν

135 427 437 497 Ἀθηναῖον
467 431 890 497 Κηφισόδωρον,
930 426 989 489 ὃς
1027 425 1115 479 καὶ
1157 430 1492 496 συνεβίωσεν
1521 426 1818 498 Ἰσοκράτει

143 516 234 570 καὶ
273 519 639 586 γνησιώτατος
678 516 942 583 ἀκουστὴς
983 513 1195 582 ἐγένετο
1244 514 1336 568 καὶ
1373 517 1474 584 τὴν
1513 517 1818 585 ἀπολογίαν

97 606 245 673 ετὴν
288 602 425 675 ὑπὲρ
473 605 642 658 αὐτοῦ
688 606 787 672 τὴν
838 604 986 657 πάνυ
1039 605 1367 673 θαυμαστὴν
1414 603 1474 657 ἐν
1497 613 1635 667 -ταῖς
1681 606 1818 675 πρὸς

135 692 514 763 Ἀριστοτέλην
530 693 889 762 ἀντιγραφαῖς
907 691 1215 760 ἐποιήσατο,
1239 693 1476 745 πιστεύω
1503 694 1816 762 γεγράφθαι

143 784 343 849 λόγους
381 784 532 844 τινὰς
567 782 670 835 ὑπὸ
703 788 800 833 τοῦ
833 780 1035 850 ἀνδρὸς
1068 781 1144 843 εἰς
1177 781 1498 850 δικαστήρια
1530 780 1595 834 οὐ
1628 779 1816 850 μέντοι

139 870 401 937 πολλούς,
449 868 535 922 καὶ
582 878 791 938 χρῶμαι
837 870 1235 938 παραδείγματι
1275 867 1328 932 ἐξ
1370 869 1552 944 αὐτῶν
1592 866 1678 921 ἑνί
1723 867 1815 939 (οὐ

141 959 244 1028 γὰρ
294 957 518 1026 ἐγχωρεῖ
565 954 801 1027 πλείοσι)
858 963 933 1028 τῷ
987 943 1364 1027 Τραπεζιτικῷ
1397 955 1694 1028 λεγομένῳ,
1751 956 1816 1010 ὃν

75 1063 117 1094 10
141 1048 341 1115 ἔγραψε
388 1044 520 1115 ξένῳ
567 1041 676 1095 τινὶ
723 1051 834 1095 τῶν
880 1048 1146 1112 μαθητῶν
1194 1044 1330 1096 κατὰ
1378 1045 1671 1106 Πασίωνος
1716 1051 1815 1097 τοῦ

139 1135 466 1202 τραπεζίτου.
535 1134 647 1184 ἔστι
688 1128 748 1183 δὲ
788 1131 816 1184 ὁ
858 1134 1020 1199 λόγος
1060 1127 1246 1194 οὗτος·
1281 1131 1287 1199 1

57 1224 120 1275 19
252 1220 329 1273 “0
359 1218 459 1290 μὲν
490 1220 640 1287 ἀγών
670 1240 762 1288 μοι
795 1218 961 1288 μέγας
1001 1219 1166 1287 ἐστίν,
1206 1217 1247 1273 ὦ
1281 1221 1479 1290 ἄνδρες
1517 1221 1794 1272 δικασταί·
1818 1233 1902 1274 578

138 1309 203 1362 οὐ
241 1310 344 1379 γάρ
385 1311 557 1378 μόνον
587 1306 712 1378 περὶ
742 1312 964 1361 πολλῶν
996 1309 1286 1378 χρημάτων
1317 1308 1643 1375 κινδυνεύω,
1677 1307 1815 1361 ἀλλὰ

137 1396 224 1450 καὶ
269 1396 393 1468 περὶ
441 1406 538 1450 τοῦ
586 1398 656 1466 μὴ
704 1398 890 1450 δοκεῖν
945 1396 1146 1460 ἀδίκως
1191 1406 1302 1450 τῶν
1347 1396 1654 1466 ἀλλοτρίων
1702 1395 1815 1448 ἐπι-

74 1503 113 1534 15
138 1492 363 1555 θυμεῖν·
404 1485 431 1538 ὃ
474 1485 576 1553 ἐγὼ
616 1484 739 1556 περὶ
771 1488 1032 1539 πλείστου
1063 1492 1351 1554 ποιοῦμαι·
1391 1484 1552 1538 οὐσία
1584 1484 1687 1554 γάρ
1721 1504 1814 1553 μοι

141 1575 295 1643 ἱκανὴ
334 1577 826 1643 καταλειφθήσεται
873 1574 963 1627 καὶ
1001 1575 1213 1628 τούτων
1254 1572 1596 1644 στερηθέντι.
1666 1574 1714 1625 εἰ
1753 1569 1815 1625 δὲ

139 1663 352 1732 δόξαιμι
400 1660 569 1732 μηδὲν
607 1670 887 1733 προσῆκον
932 1670 1169 1716 τοσαῦτα
1219 1664 1463 1732 χρήματα
1511 1659 1813 1729 ἐγκαλέσαι,

139 1752 499 1819 διαβληθείην
538 1751 605 1803 ἂν
643 1753 741 1804 τὸν
780 1753 992 1804 ἅπαντα
1037 1754 1177 1820 βίον.
1247 1753 1359 1803 ἔστι
1401 1749 1484 1818 δέ,
1533 1746 1575 1802 ὦ
1617 1750 1814 1819 ἄνδρες

139 1840 411 1906 δικασταί,
471 1840 692 1892 πάντων
749 1840 1130 1908 χαλεπώτατον
1190 1839 1457 1892 τοιούτων
1518 1837 1816 1890 ἀντιδίκων

74 1944 116 1975 20
140 1937 337 1995 τυχεῖν.
413 1929 478 1980 τὰ
524 1925 623 1996 μὲν
669 1930 773 1997 γὰρ
822 1930 1129 1997 συμβόλαια
1182 1928 1318 1997 πρὸς
1371 1929 1501 1989 τοὺς
1557 1924 1644 1979 ἐπὶ
1698 1934 1815 1989 ταῖς

139 2014 419 2083 τραπέζαις
466 2017 597 2068 ἄνευ
643 2017 937 2086 μαρτύρων
982 2019 1215 2084 γίνεται,
1271 2024 1385 2078 τοῖς
1431 2014 1815 2084 ἀδικουμένοις

141 2099 199 2154 δὲ
237 2104 373 2171 πρὸς
411 2105 694 2166 τοιούτους
734 2104 941 2173 ἀνάγκη
980 2095 1353 2172 κινδυνεύειν,
1394 2106 1451 2156 οἳ
1485 2101 1575 2156 καὶ
1614 2105 1814 2172 φίλους

138 2193 374 2253 πολλοὺς
413 2191 695 2259 κέκτηνται
734 2191 823 2244 καὶ
864 2195 1107 2262 χρήματα
1144 2193 1389 2259 <πολλά>
1424 2193 1812 2261 διαχειρίζουσι

139 2276 226 2329 καὶ
267 2278 449 2331 πιστοὶ,
497 2281 588 2332 διὰ
634 2281 733 2347 τὴν
779 2279 976 2350 τέχνην
1026 2282 1291 2334 δοκοῦσιν
1337 2276 1492 2334 εἶναι.
1561 2279 1706 2347 ὅμως
1752 2275 1813 2331 δὲ

260 2426 311 2464 12
344 2422 467 2466 Isocr
492 2423 618 2466 XVII
647 2429 786 2467 1—12

262 2557 281 2593 1
316 2552 611 2612 πραττομένῳ
638 2555 671 2596 Ρ
757 2562 780 2597 5
814 2553 928 2611 ὑπὲρ
963 2558 1105 2601 αὐτοῦ
1130 2558 1215 2614 τὴν
1240 2570 1315 2601 om
1338 2571 1367 2598 v
1458 2559 1483 2598 6
1516 2555 1812 2611 ἀριστοτελην

140 2610 240 2667 (sic)
267 2610 323 2655 F:
355 2610 615 2668 ἀριστοτέλη
642 2613 779 2655 ΜΡΒ
872 2620 896 2657 9
929 2618 1238 2674 τραπεζητικῷ
1263 2615 1366 2658 F¹P
1391 2627 1492 2658 corr
1524 2612 1572 2655 in
1603 2615 1811 2667 τραπεζι-

139 2674 249 2729 τικῷ
373 2675 426 2713 10
462 2670 661 2727 ἔγραψεν
693 2671 831 2715 ΜΒΡ
859 2675 864 2729 Ι
894 2673 1186 2726 καπασίωνος
1217 2675 1252 2717 F
1373 2678 1426 2716 11
1463 2671 1582 2715 ἔστιν
1612 2671 1693 2714 FP

143 2732 197 2771 13
222 2726 350 2783 παρὰ
367 2729 414 2770 Μ
500 2735 551 2773 15
579 2728 711 2773 οὐσία
737 2728 819 2784 μὲν
845 2730 930 2786 γὰρ
955 2733 997 2775 Is
1085 2739 1137 2777 17
1163 2739 1397 2789 προσῆκον
1421 2737 1621 2774 τοσαῦτα
1639 2730 1680 2773 Is
1704 2733 1810 2776 PE:

140 2787 453 2843 προσήκοντος
470 2787 588 2831 αὐτὰ
605 2787 661 2830 τὰ
679 2789 734 2830 F¹
774 2797 1006 2845 προσῆκον
1034 2791 1151 2836 αὐτὰ
1168 2791 1225 2835 τὰ
1242 2790 1447 2834 F²MBP
1526 2793 1580 2832 18
1605 2787 1759 2833 πάντα
1777 2790 1812 2832 F

261 2851 313 2889 19
346 2847 565 2891 τοιούτων
598 2860 652 2890 ex
684 2848 738 2890 οὐ
770 2855 860 2892 τῶν
894 2849 952 2891 F²
1070 2855 1126 2894 20
1156 2850 1214 2894 τὰ
1248 2849 1363 2905 πρὸς
1399 2848 1506 2899 τοὺς
1537 2847 1579 2890 Is
1608 2851 1702 2903 PE,

142 2910 196 2947 23
230 2904 375 2949 πολλὰ
407 2918 461 2949 ex
494 2906 536 2948 Is
570 2905 765 2949 inseruit
797 2921 823 2954 ς

1903 0 1978 122 Λᾶ
