2004 3202
184 141 295 206 ,176
602 144 945 187 ΔΙοΝΤΣΙοΤ
974 143 1442 185 ΑΛΙΚΑΡΝΑΣΕΩΣ
1998 131 2004 134 “

188 267 426 348 ὀνόμασί
456 280 884 349 συγκεκρότηταί
923 296 980 329 τε
1025 275 1116 328 καὶ
1163 275 1530 330 συνέσπασται
1575 275 1664 330 καὶ
1711 295 1862 349 περι-

187 370 530 437 τετόρνευται
583 376 698 428 τοῖς
750 368 1021 435 νοήμασιν
1075 366 1301 434 ἄμεινον
1323 361 1496 434 ’ἰσχύϊ
1541 363 1598 418 τε
1646 369 1861 419 πλειόνι

186 455 438 526 κέχρηται
477 453 566 507 καὶ
605 457 788 516 τόνοις
827 451 1287 523 ἐμβριθεστέροις
1331 452 1421 506 καὶ
1466 452 1706 523 πέφευγε
1744 456 1810 507 τὰ
1836 469 1946 509 1021

186 546 369 614 ψυχρὰ
416 542 506 596 καὶ
552 530 883 612 μειρακιώδη
932 543 1198 610 σχήματα,
1246 534 1329 604 οἷς
1369 541 1545 611 ἐκείνη
1591 546 1861 596 καλλωπί-

143 653 162 685 5
188 636 327 697 ζεται
373 631 511 702 πέρα
549 639 647 684 τοῦ
686 633 935 700 μετρίου·
986 631 1218 698 μάλιστα
1258 627 1318 682 δὲ
1356 633 1491 684 κατα
1529 632 1589 683 τὸ
1630 632 1862 700 δραστη-

187 742 312 791 ριον
361 719 449 773 καὶ
505 719 807 787 ἐναγώνιον
855 717 946 771 καὶ
998 716 1239 788 ἐμπαθὲς
1286 719 1393 790 ὅλῳ
1439 718 1530 772 καὶ
1577 726 1652 791 τῷ
1696 719 1861 773 παντὶ

186 819 434 879 κρεῖττον
480 811 588 877 ἔχει
637 807 858 877 ἐκείνης.
936 806 1039 875 ἐγὼ
1087 815 1243 876 γοῦν,
1293 807 1322 860 ὃ
1368 808 1505 878 πρὸς
1551 807 1862 879 ἀμφοτέρας

186 899 372 966 πάσχω
427 898 520 959 τὰς
574 895 765 963 λέξεις,
822 895 952 967 ε’ρῶ·
1008 900 1191 964 οἴομαι
1239 892 1300 948 δὲ
1345 898 1634 969 κοινόνῖτι
1680 898 1862 959 πάθος

189 987 444 1039 ἁπάντων
484 984 630 1054 ἐρεῖν
667 983 758 1036 καὶ
798 984 899 1036 οὐκ
939 983 1071 1053 ἐμὸν
1110 985 1258 1037 ἴδιον
1296 986 1485 1054 μόνου,

101 1077 168 1127 22
299 1075 430 1127 ὅταν
460 1072 561 1142 μέν
591 1093 715 1125 τινα
753 1082 864 1125 τῶν
895 1072 1240 1142 Ἰσοκράτους
1273 1072 1630 1140 ἀναγινώσκω
1663 1076 1860 1142 λόγων,

123 1184 162 1214 11
188 1168 292 1215 εἴτε
323 1172 434 1215 τῶν
456 1163 593 1232 πρὸς
623 1163 689 1214 τὰ
718 1162 1039 1231 δικαστήρια
1069 1159 1160 1213 καὶ
1191 1162 1287 1223 τὰς
1315 1160 1599 1230 ἐκκλησίας
1629 1182 1863 1233 γεγραμ-

186 1250 422 1320 μένωνῆ
451 1260 562 1303 τῶν
586 1290 746 1303 ......
774 1249 833 1303 ἐν
856 1252 985 1319 ἤθει
1014 1251 1314 1312 σπουδαῖος
1343 1251 1568 1319 γίνομαι
1598 1246 1688 1303 καὶ
1719 1253 1861 1322 πολὺ
1975 1280 1999 1331 ,Ι

186 1341 246 1392 τὸ
280 1336 544 1401 εὐσταθὲς
576 1341 677 1408 ἔχω
711 1346 806 1406 τῆς
839 1339 1076 1407 γνώμης,
1115 1340 1295 1408 ὥσπερ
1330 1340 1383 1392 οἱ
1413 1348 1524 1392 τῶν
1556 1341 1863 1393 σπονδείων

187 1429 515 1498 αὐλημάτων
568 1449 600 1495 η
662 1437 773 1479 τῶν
825 1429 1065 1497 Δωρίων
1117 1447 1174 1480 τε
1234 1426 1622 1497 κάναρμονίων
1681 1433 1863 1497 μελῶν

124 1536 165 1567 15
189 1518 542 1588 ἀκροώμενοι.
619 1517 751 1569 ὅταν
780 1513 852 1568 δ.ε
889 1515 1072 1583 <τῶν>
1109 1514 1513 1602 Δημοσθένους
1550 1518 1673 1569 τινὰ
1712 1519 1860 1586 λάβω

187 1609 384 1673 λόγων,
443 1603 447 1675 Ι
503 1604 781 1658 ἐνθουσιῶ
838 1623 894 1656 τε
952 1602 1042 1655 καὶ
1097 1604 1263 1674 δεῦρο
1316 1599 1530 1657 κάκεῖσε
1586 1606 1801 1675 ἄγομαι,
1837 1620 1948 1658 1022

187 1696 367 1756 πάθος
399 1693 587 1763 ἕτερον
620 1691 673 1756 ἐξ
707 1691 897 1762 ἑτέρου
935 1693 1381 1761 μεταλαμβάνων,
1422 1692 1682 1762 ἀπιστῶν,
1722 1694 1862 1762 ἀγω-

189 1793 348 1850 νιῶν,
405 1782 623 1848 δεδιώς,
684 1789 1071 1850 καταφρονῶν,
1128 1790 1333 1849 μισῶν,
1390 1781 1578 1849 ἐλεῶν,
1634 1782 1862 1851 εὐνοῶν,

189 1871 553 1941 ὀργιζόμενος,
593 1875 844 1938 φθονῶν,
884 1870 1097 1922 ἅπαντα
1131 1870 1197 1921 τά
1231 1870 1384 1938 πάθη
1417 1872 1862 1940 μεταλαμβάνων,

124 1977 166 2009 20
190 1961 289 2013 ὅσα
334 1967 555 2028 κρατεῖν
599 1956 845 2026 πέφυκεν
884 1957 1240 2027 ἀνθρωπίνης
1287 1950 1559 2028 γνώμης·κ’”
1578 1958 1863 2030 διαφέρειν

187 2068 244 2100 τε
285 2044 450 2100 οὐδὲν
490 2046 702 2117 ἐμαυτῷ
750 2047 893 2099 δοκῶ
941 2056 1051 2099 τῶν
1089 2047 1155 2098 τὰ
1200 2053 1422 2118 μητρῷα
1466 2045 1558 2100 καὶ
1596 2049 1662 2100 τά
1699 2067 1861 2117 κορυ-

189 2136 417 2204 βαντικὰ
448 2133 537 2187 καὶ
571 2135 671 2187 ὅσα
702 2135 917 2196 τούτοις
948 2134 1299 2204 παραπλήσιά
1331 2133 1461 2202 ἐστι,
1500 2134 1861 2204 τελουμένων,

190 2230 294 2277 εἴτε
334 2216 526 2292 ὀσμαῖς
566 2222 771 2276 ἐκεῖνοί
812 2243 872 2290 γε
911 2263 922 2275 .
948 2264 959 2275 .
985 2264 995 2274 .
1037 2227 1143 2275 εἴτε
1188 2223 1341 2291 ἤχοις
1381 2227 1487 2275 εἴτε
1525 2233 1635 2276 τῶν
1674 2225 1861 2293 δαιμό-

189 2333 302 2365 νων
339 2312 607 2380 πνεύματι
646 2311 829 2364 αὐτῶν
867 2311 1184 2379 κινούμενοι
1223 2311 1318 2372 τὰς
1356 2312 1561 2373 πολλὰς
1607 2309 1695 2363 καὶ
1742 2330 1862 2365 ποι-
1944 2352 1946 2355 v

309 2476 330 2514 1
357 2470 812 2526 περιτετόρευταιΡν
894 2443 919 2514 2
947 2470 1258 2526 ὀνόμασινΡν
1340 2475 1366 2514 3
1391 2467 1683 2542 κέχρηταιΜ,
1705 2470 1858 2527 Bmg:

190 2537 352 2587 χρῆται
375 2530 425 2584 Ρ,
450 2529 523 2571 B
511 2545 560 2571 m
583 2532 715 2573 textu
743 2531 747 2586 Ι
775 2529 908 2580 τόνος
932 2529 969 2572 Β
1054 2535 1079 2572 5
1104 2527 1222 2584 πέρα
1246 2529 1314 2574 M:
1346 2526 1464 2584 πέρα
1488 2529 1568 2573 καὶ
1590 2529 1628 2571 Β
1671 2528 1799 2583 παρὰ
1823 2530 1860 2572 Ρ

309 2593 334 2632 8
366 2586 482 2640 λέξις
506 2588 586 2631 BP
671 2593 695 2630 9
722 2588 866 2643 μόνον
884 2590 958 2632 Pv
1044 2594 1096 2631 12
1128 2587 1312 2632 hiabum
1340 2587 1526 2631 notauit
1555 2587 1828 2661 Sylburgius
1851 2589 1856 2643 Ι

193 2649 293 2692 ἔθει
317 2663 345 2690 v
381 2648 386 2703 Ι
422 2644 667 2702 σημείωσαι
691 2647 725 2689 Ρ
749 2662 827 2703 mg
875 2677 877 2682 f
927 2653 981 2691 14
1012 2644 1357 2704 κάναρμονίων]
1389 2646 1469 2691 καὶ
1501 2644 1788 2702 ἐναριιονίων
1812 2647 1860 2690 Μ

191 2708 270 2752 καὶ
309 2703 542 2761 ἁρμονίων
574 2705 694 2748 BPv
741 2708 746 2760 Ι
792 2714 940 2761 μερῶν
972 2707 1092 2750 BPv
1214 2710 1267 2749 15
1307 2712 1397 2749 τῶν
1433 2704 1527 2748 add
1564 2705 1746 2776 Krfiger

193 2771 247 2810 16
279 2764 416 2821 λόγον
448 2763 720 2820 Sylburgius
764 2768 769 2819 Ι
812 2765 1023 2809 κάκεῐσαι
1049 2766 1084 2808 Ρ
1186 2769 1239 2808 18
1272 2761 1408 2807 ἐλέων
1432 2763 1468 2806 Ρ
1526 2767 1622 2806 20
1652 2758 1861 2820 πέφυκεν

192 2839 266 2869 om
297 2825 371 2867 Pv
491 2827 545 2866 23
585 2821 766 2866 hiatum
804 2823 1032 2879 indicaui,
1074 2823 1363 2868 desideratur
1402 2819 1487 2866 εἴτ’
1517 2821 1680 2878 ὄψεσιν
1723 2825 1727 2878 1
1772 2822 1861 2867 εἴτε

191 2891 281 2928 τῶν
321 2881 556 2938 δαιμόνων
596 2881 666 2925 bis
707 2881 743 2923 B
794 2884 798 2938 Ι
848 2883 955 2940 τῶν]
995 2886 1056 2941 τῷ
1096 2881 1301 2926 Sadaeus
1424 2884 1486 2924 24
1525 2882 1697 2939 αὐτῶν]
1739 2883 1862 2940 αὐτῷ

191 2942 367 2986 MBPv
