2004 3202
213 158 323 211 290
1943 0 2004 283 g

401 722 505 782 DE
552 719 1117 794 DEMOSTHENIS
1165 719 1697 780 ORATIONIBVS
1991 706 1997 777 ἶ

1037 879 1059 921 Ι

319 971 632 1023 DIONYSIVS
682 969 744 1021 de
787 968 938 1021 Dem.
971 968 1039 1020 57
1087 988 1122 1037 p
1155 968 1287 1037 250,
1323 969 1387 1020 17
1445 968 1580 1022 οὐδέ
1628 989 1691 1036 γε
1744 970 1883 1022 ἄλλα
1915 977 1994 1060 149³

209 1061 332 1113 τινά
371 1059 604 1129 φορτικὰ
642 1056 733 1110 καὶ
773 1057 911 1126 ἀηδῆ
952 1057 1192 1127 ὀνόματα
1232 1057 1292 1110 ἐν
1331 1056 1517 1110 οὐδενὶ
1556 1066 1667 1111 τῶν
1697 1062 1884 1127 Λημο-
1989 1085 1992 1091 ’

209 1145 447 1210 σθένους
492 1149 673 1214 λόγων
719 1146 904 1217 εὑρεῖν
942 1146 1269 1215 δεδύνημαι,
1314 1144 1404 1199 καὶ
1443 1154 1613 1199 ταῦτα
1650 1145 1810 1199 πέντε
1848 1147 1881 1215 ἢ

207 1236 261 1300 ἓξ
293 1237 565 1307 μυριάδας
597 1238 799 1305 στίχων
829 1234 1044 1288 ἐκείνου
1067 1242 1166 1288 τοῦ
1191 1234 1394 1305 ἀνδρὸς
1416 1238 1882 1299 καταλελοιπότος.

323 1335 651 1381 Demosthenis
684 1335 919 1380 orationes
945 1350 1061 1391 quas
1085 1338 1297 1380 tenemus
1330 1349 1488 1380 omnes
1522 1336 1560 1380 si
1593 1337 1654 1380 ad
1676 1339 1883 1381 ueterem

206 1425 424 1455 uersuum
477 1410 896 1466 computandorum
946 1408 1195 1453 formulam
1248 1409 1564 1466 reuocaueris,
1618 1424 1711 1454 non
1756 1411 1882 1454 ultra

205 1484 442 1528 XXXVIII
479 1483 612 1527 milia
649 1497 867 1527 uersuum
907 1482 1109 1540 (circiter
1138 1483 1353 1526 XXXVII
1390 1483 1523 1527 milia
1556 1486 1603 1527 et
1635 1484 1881 1527 dimidium

206 1558 430 1615 efficiunt>
470 1558 794 1602 extenduntur.
856 1556 1003 1613 igitur
1031 1556 1283 1612 Dionysius
1317 1559 1548 1612 quotquot
1580 1559 1627 1602 et
1657 1557 1707 1601 in
1739 1557 1880 1603 Galli-

203 1631 410 1675 maoheis
443 1634 490 1675 et
519 1631 569 1674 in
592 1630 890 1688 Pergamenis
921 1630 1098 1674 tabulis
1129 1630 1400 1674 ferebantur
1423 1631 1879 1676 Demosthenis‘ora-

203 1705 356 1750 tiones
389 1704 703 1761 composuisse
735 1704 934 1748 uidetur.

1018 1852 1060 1894 II

160 1967 180 1999 5
317 1942 613 1995 SCHOLION
645 1943 1022 1995 Demosthenis
1061 1961 1135 1994 or.
1176 1941 1392 2010 Olynth.
1416 1941 1469 1994 H
1512 1942 1613 1994 init
1650 1963 1684 2012 p
1723 1944 1810 2012 71,
1847 1946 1871 1996 1
1911 1953 1974 2005 15,

203 2031 361 2083 Dind.
415 2039 614 2084 τοῦτον
660 2030 781 2102 (τὸν
834 2029 1026 2102 λόγον)
1072 2031 1375 2093 Διονύσιος
1427 2032 1714 2101 προτάττει
1766 2042 1877 2086 τῶν
1972 2047 1975 2054 ’·

194 2119 590 2188 Ὀλυνθιακῶν,
631 2120 899 2189 ἄρχοντάς
935 2119 998 2172 τέ
1031 2139 1184 2181 τινας
1221 2119 1534 2187 καταλέγων
1563 2119 1654 2172 καὶ
1688 2120 1745 2173 ἐκ
1776 2130 1875 2175 τοῦ

201 2211 496 2278 προοιμίου
525 2209 889 2277 πιστούμενος
913 2208 970 2261 ἐκ
992 2210 1339 2278 περιχαρείας
1362 2207 1685 2277 ληφθέντος.
1738 2211 1875 2261 Και-

201 2301 376 2359 κίλιος
422 2294 482 2349 δὲ
529 2295 802 2364 ἀντιλέγει
845 2306 1066 2367 πρῶτον
1110 2295 1279 2360 ἀξιῶν
1324 2297 1421 2348 τὸν
1462 2306 1682 2366 πρῶτον
1720 2317 1874 2366 νομι-

139 2412 180 2443 10
204 2387 443 2453 ζόμενον.
519 2385 579 2437 τὸ
627 2382 727 2453 μὲν
774 2381 876 2438 οὗν
916 2386 1051 2437 κατὰ
1089 2387 1217 2447 τοὺς
1257 2386 1522 2454 ἄρχοντας
1562 2383 1622 2436 ἐν
1662 2386 1877 2456 ἱστορίᾳ

201 2482 373 2525 κεῖται
418 2471 507 2524 καὶ
555 2478 684 2534 ἴσως
731 2473 831 2526 οὐκ
878 2474 1074 2543 ἀκριβῆ
1120 2474 1218 2526 τὸν
1263 2475 1487 2540 ἔλεγχον
1533 2474 1664 2540 ἔχει,
1711 2474 1770 2525 τὸ
1812 2471 1874 2526 δὲ

202 2562 338 2612 κατὰ
377 2561 436 2612 τὸ
476 2563 770 2629 προοίμιον
809 2561 908 2614 οὐκ
947 2563 1211 2631 αὔταρκες
1250 2562 1327 2623 εἰς
1365 2559 1657 2623 ἀπόδειξιν.

320 2660 442 2703 hune
474 2673 572 2703 esse
606 2660 867 2704 orationum
900 2661 1284 2717 Olynthiacarum
1319 2660 1527 2704 ordinem
1551 2659 1593 2702 II
1615 2660 1680 2703 III
1710 2661 1731 2703 I
1761 2660 1870 2705 Dio-

202 2734 361 2791 nysius
394 2735 642 2787 statuerat,
676 2733 725 2776 of
751 2734 1000 2790 Dionysius
1034 2749 1172 2792 supra
1202 2750 1245 2791 p.
1273 2739 1372 2789 261,
1392 2738 1562 2777 14—-20
1595 2734 1634 2776 A
1653 2733 1873 2778 Sohaefer

205 2808 260 2852 de
292 2806 602 2851 Demosthene
634 2809 655 2849 t
678 2807 743 2849 112
772 2822 802 2862 p
830 2813 912 2850 159
932 2823 1030 2863 sqq.

321 2959 345 2998 6
378 2960 540 2998 τοῦτον
571 2953 857 2997 Dindorfius:
888 2961 1022 2998 τοῦτο
1054 2954 1162 2998 libri
