2004 3202
655 158 801 200 ΠΕΡΙ
832 155 1235 200 ΘοΤΚΤΔΙΔοΤ
1684 159 1793 213 375

107 295 188 358 ἐἰς
224 294 286 346 τὸ
326 294 682 346 διανοεῖσθαί
714 312 766 344 τι
804 293 1130 361 καινότερον
1165 291 1293 363 περὶ
1324 294 1419 356 τὰς
1449 293 1643 364 τέχνας
1681 305 1794 348 τῶν

108 381 513 452 ἐγχειρημάτων
557 378 650 450 καὶ
687 378 813 450 περὶ
852 381 949 443 τὰς
986 380 1296 451 ὑπερβολὰς
1341 391 1452 434 τῶν
1491 393 1790 453 τιμωριῶν·

49 454 51 458 ⁴
107 472 174 525 τά
217 489 276 523 τε
322 470 561 522 εἰωθότα
606 446 850 538 όνόματα
894 466 981 521 ἐπὶ
1027 477 1143 532 τοῖς
1193 470 1474 539 πράγμασι
1529 470 1791 539 λέγεσθαι

109 557 490 629 μετατιθέντες
537 559 714 620 ἄλλως
762 556 956 626 ἠξίουν
1003 557 1143 611 αὐτὰ
1178 542 1510 628 καλεῖν.’“’ἡ
1551 558 1598 612 δ’
1647 560 1790 614 (ἐπι-

108 647 375 718 τέχνησις’
413 645 505 700 καὶ
543 646 576 715 ἡ
619 647 750 700 ετῶν
783 655 1063 716 τιμωριῶν
1094 646 1309 700 ἀτοπία’
1346 646 1438 701 καὶ
1469 648 1502 716 ἡ
1537 648 1790 702 εεἰωθυῖα
1835 667 1856 699 5

108 746 219 790 τῶν
241 737 528 806 ὀνομάτων
552 734 793 800 ἀξίωσις’
815 733 907 788 καὶ
930 734 963 803 ἡ
990 736 1088 798 (εἰς
1116 737 1184 788 τὰ
1207 738 1342 807 ἔργα
1373 736 1787 808 ἀντηλλαγμένη

39 847 42 851 ’
106 825 407 887 δικαίωσις’
431 825 815 895 περιφράσεως
844 832 1129 894 ποιητικῆς
1161 824 1312 878 ε’στιν
1344 825 1658 896 οἰκειοτέρα.
1707 820 1791 890 οἷς

34 909 38 917 ’
106 913 386 983 ἐπιτίθησι
424 915 492 966 τὰ
528 914 796 984 θεατρικὰ
834 915 1078 983 σχήματα
1108 917 1286 967 ταυτί·
1328 915 1521 984 “τόλμα
1551 912 1654 984 μὲν
1683 917 1789 985 γὰρ

104 1003 397 1072 ἀλόγιστος
443 1002 644 1071 ἀνδρία
694 1001 1012 1072 φιλέταιρος
1065 1001 1362 1072 ἐνομίσθη,
1417 1002 1674 1073 μέλλησις
1728 1002 1790 1057 δὲ

103 1093 396 1162 προμηθὴς
435 1093 612 1145 δειλία
651 1091 965 1162 εὐπρεπής’·
1013 1093 1414 1162 παρομοιώσεις
1461 1094 1564 1163 γὰρ
1612 1093 1789 1163 ἀμφό-
1814 1113 1857 1143 10

37 1190 42 1195 ’
103 1197 233 1251 τερα
272 1189 443 1234 ταῦτα
488 1179 579 1234 καὶ
629 1181 960 1251 παρισώσεις
1005 1180 1267 1251 περιέχει,
1317 1180 1408 1234 καὶ
1455 1183 1521 1235 τὰ
1561 1181 1788 1236 ἐπίθετα

74 1274 506 1338 8καλλωπισμοῦ
539 1269 703 1339 χάριν
737 1269 742 1338 Ι
777 1278 971 1322 κεῖται·
1010 1269 1070 1321 τὸ
1105 1270 1209 1339 γὰρ
1241 1270 1368 1322 οὔτε
1398 1271 1788 1340 θεατρικὸν**

103 1356 220 1412 ἀλλ’
261 1357 564 1426 ἀναγκαῖον
602 1365 696 1427 τῆς
736 1356 930 1421 λέξεως
968 1365 1146 1427 σχῆμα
1183 1356 1387 1412 τοιοῦτ’
1427 1358 1496 1412 ἂν
1533 1355 1623 1428 ἦν·
1669 1360 1790 1428 ετὴν

37 1495 42 1507 ἱ
101 1444 203 1517 μὲν
249 1448 354 1517 γὰρ
400 1449 610 1516 τόλμαν
656 1446 893 1517 ἀνδρίαν
940 1445 1200 1515 ἐκάλουν,
1254 1449 1356 1516 τὴν
1409 1445 1471 1500 δὲ
1525 1447 1790 1517 μέλλησιν

101 1536 348 1589 δειλίαν.’
426 1536 588 1605 ὅμοια
627 1532 689 1588 δὲ
726 1536 945 1598 τούτοις
984 1534 1098 1588 ἐστὶ
1144 1534 1235 1589 καὶ
1274 1537 1341 1589 τὰ
1379 1539 1787 1606 συναπτόμενα·
1811 1554 1854 1586 15

38 1636 41 1638 ’
102 1625 189 1678 (τὸ
230 1621 291 1678 δὲ
330 1634 558 1695 σῶφρον
595 1633 696 1678 τοῦ
736 1624 1020 1695 ἀνάνδρου
1058 1627 1371 1696 πρόσχημα,
1419 1623 1512 1678 καὶ
1550 1627 1612 1678 τὸ
1651 1627 1790 1696 πρὸς

100 1714 248 1766 ἅπαν
280 1715 513 1767 συνετὸν
552 1712 639 1767 ἐπὶ
670 1722 782 1767 πᾶν
813 1713 1027 1784 ἀργόν’·
1064 1715 1402 1785 κυριώτερον
1433 1713 1479 1767 δ’
1514 1713 1583 1767 ἂν
1615 1714 1789 1777 οὕτως

102 1801 323 1871 ἐλέχθη·
364 1803 437 1855 ‘ol
468 1799 529 1855 δὲ
561 1803 845 1873 σώφρονες
877 1804 1162 1874 ἄνανδροι,
1191 1801 1283 1855 καὶ
1316 1804 1369 1856 οἱ
1401 1801 1621 1856 συνετοὶ
1651 1805 1789 1872 πρὸς

101 1892 315 1944 ἅπαντα
355 1890 416 1944 έν
455 1891 660 1944 ἅπασιν
699 1890 895 1961 ἀργοί.’

213 1981 263 2033 εἰ
299 1979 456 2050 μέχρι
502 1980 716 2032 τούτων
752 1981 1048 2050 προελθὼν
1094 1980 1366 2034 ἐπαύσατο
1414 1982 1480 2034 τὰ
1519 1977 1621 2049 μὲν
1658 1985 1787 2033 καλ-
1803 1979 1875 2033 30

102 2072 374 2137 λωπίζων,
425 2070 492 2122 τὰ
546 2065 607 2120 δὲ
654 2072 1062 2138 σκληραγωγῶν
1114 2070 1215 2137 τὴν
1268 2067 1440 2137 λέξιν,
1494 2065 1661 2137 ἧττον
1715 2068 1786 2121 ἂν
1809 2089 1852 2119 21

39 2150 42 2154 ⁴
101 2157 334 2228 ὀχληρὸς
370 2153 454 2225 ἧν.
524 2164 631 2210 νῦν
670 2154 718 2209 δ’
759 2156 1099 2225 ἐπιτίθησιν·
1139 2157 1430 2226 ςἀσφάλεια
1469 2154 1530 2210 δὲ
1569 2158 1630 2210 τὸ
1672 2157 1787 2210 ἐπι-

100 2247 532 2315 βουλεύσασθαι,
565 2244 878 2314 ἀποτροπῆς
908 2247 1185 2316 πρόφασις
1218 2247 1460 2313 εὔλογος.
1515 2244 1605 2298 καὶ
1631 2245 1659 2299 ὁ
1685 2243 1787 2315 μὲν

46 2324 54 2381 f
99 2338 446 2404 χαλεπαίνων
476 2334 668 2396 πιστὸς
699 2333 801 2402 ἀεί,
841 2334 869 2387 ὁ
903 2332 950 2386 δ’
984 2333 1288 2402 ἀντιλέγων
1319 2334 1467 2406 αὐτῷ
1505 2334 1782 2397 ὕποπτοςῖ

98 2421 188 2476 καὶ
229 2425 333 2494 γὰρ
375 2422 435 2475 ἐν
473 2422 689 2484 τούτοις
726 2423 896 2475 πάλιν
935 2423 1143 2490 ἄδηλον
1181 2421 1283 2492 μέν
1322 2422 1453 2491 ἐστι,
1493 2425 1618 2475 τίνα
1653 2422 1784 2490 βού-
1808 2441 1851 2472 25

218 2587 244 2628 s
277 2582 407 2626 Thuc
431 2582 638 2638 11182‚4
760 2582 1044 2638 2311182‚5

218 2735 244 2774 3
275 2729 543 2787 πράγμασιν
566 2730 602 2773 Ρ
755 2735 779 2773 6
812 2730 1128 2788 ἀντηλλαμένη
1161 2731 1197 2774 Ρ
1351 2735 1376 2775 8
1411 2729 1603 2787 ἐντίθησι
1627 2731 1662 2773 Ρ

47 2812 49 2819 v
99 2793 125 2832 9
151 2787 415 2845 φιλαίτερος
438 2790 474 2833 Ρ
560 2794 611 2832 11
638 2789 904 2845 περισώσεις
926 2789 998 2832 Μ1
1082 2795 1136 2833 12
1161 2792 1457 2846 καλωπισμοῦ
1482 2790 1518 2832 P
1547 2795 1552 2847 Ι
1581 2789 1780 2833 alterum

99 2849 358 2892 membrum
383 2849 543 2892 deesse
576 2848 699 2892 uidit
730 2847 949 2892 Reiskius
1073 2855 1126 2894 17
1160 2850 1352 2903 ξυνετὸν
1379 2849 1403 2892 f
1426 2850 1430 2905 Ι
1461 2846 1634 2892 ἐπίπαν
1659 2847 1786 2890 MPf

53 2955 57 2957 ,
189 2913 243 2951 19
276 2907 423 2951 ἅπασι
445 2908 482 2951 Ρ
575 2912 631 2950 20
662 2906 720 2951 τὰ
751 2905 835 2963 μὲν
866 2907 1009 2952 iterat
1031 2908 1068 2952 P
1189 2914 1244 2951 22
1280 2907 1558 2964 ἐπιτήθησιν
1583 2909 1618 2950 Ρ
1647 2910 1652 2963 Ι
1681 2907 1800 2949 ἐπι-.

46 2970 51 2974 ’
98 2963 287 3023 τίθησιν
318 2964 568 3023 ἀσφαλεία·
603 2964 847 3023 Ἀσφάλεια
879 2964 931 3011 δὲ
963 2967 988 3010 f
