2004 3202
210 157 318 210 330
631 159 970 202 ΔΙΟΝΤΣῙΟΤ
1001 155 1467 200 ΑΑῙΚΑΡΝΑΣΕῼΣ
1936 0 1995 221 ἦ

207 293 385 360 ἥττων
416 299 514 345 τοῦ
545 295 794 361 τεχνίτου
817 292 1003 362 κριτὴς
1027 291 1055 344 6
1083 291 1319 359 ἰδιώτης,
1357 299 1468 343 τῶν
1498 309 1554 343 τε
1579 289 1652 343 δι’
1684 291 1879 359 αἰσθή-
1954 346 1962 351 ,

210 395 345 443 σεως
390 380 595 448 ἀλόγου
640 379 730 432 καὶ
787 388 901 441 τοῖς
952 380 1249 432 πάθεσιῆὓῐῧῐε
1295 377 1878 448 καταλαμβανομένων,
1983 373 1993 445 ᾗ

208 467 298 521 καὶ
339 469 421 522 ὅτι
459 477 605 522 πᾶσα
643 468 802 537 τέχνη
841 468 1053 521 τούτων
1091 468 1400 536 στοχάζεται
1437 477 1549 520 τῶν
1582 469 1880 537 κριτηρίων
1985 461 1989 481 ”

207 555 297 610 καὶ
337 556 442 610 ἀπὸ
481 558 693 610 τούτων
733 557 996 625 λαμβάνει
1042 557 1144 624 τὴν
1189 555 1375 627 ἀρχήν.
1451 557 1572 618 ἅλις
1610 557 1746 608 ἔστω
1786 575 1880 624 μοι

163 663 184 695 5
207 649 536 715 προοιμίων,
583 646 674 697 ἵνα
720 645 792 713 μὴ
840 645 995 697 λάθω
1034 642 1159 714 περὶ
1205 651 1375 697 ταῦτα
1413 647 1745 714 κατατρίψας
1782 645 1882 696 τὸν

208 736 389 801 λόγον.

171 818 205 870 5
318 820 556 874 Μέλλων
594 818 655 873 δὲ
694 822 962 891 ἄρχεσθαι
992 829 1087 890 τῆς
1117 819 1243 891 περὶ
1278 821 1628 874 Θουκυδίδου
1666 828 1881 890 γραφῆς

141 1104 183 1136 10
208 1088 423 1139 σάντων
462 1085 649 1158 ἐκείνῳ
688 1088 946 1156 χρόνους,
995 1085 1048 1149 ἐξ
1096 1082 1175 1139 ὧν
1213 1087 1362 1139 ἔσται
1399 1086 1715 1154 καταφανὴς
1751 1086 1785 1153 ἥ
1823 1106 1882 1139 τε

139 1546 180 1578 15

138 1988 180 2020 20

136 2428 178 2460 25

207 910 366 977 ὀλίγα
411 910 679 978 βούλομαι
726 908 851 979 περὶ
897 919 1008 962 τῶν
1054 911 1237 962 ἄλλων
1276 907 1640 979 συγγραφέων
1690 910 1881 977 εἰπεῖν,

205 1008 315 1051 τῶν
353 1018 410 1051 τε
447 997 833 1068 πρεσβυτέρων
870 997 960 1051 καὶ
999 1007 1110 1050 τῶν
1146 999 1281 1050 κατὰ
1312 999 1441 1060 τοὺς
1475 997 1677 1060 αὐτοὺς
1714 997 1882 1066 ἀκμα-
1983 974 1991 1092 Ξ

204 1177 520 1245 προαίρεσις
555 1176 560 1244 1
596 1182 694 1227 τοῦ
737 1174 957 1244 ἀνδρός,
995 1167 1030 1245 ᾗ
1068 1175 1405 1244 χρησάμενος
1445 1173 1699 1242 διήλλαξε
1735 1176 1866 1237 τοὺς
1882 1192 1966 1233 818
1983 1133 2004 1258 ξι

204 1265 310 1334 πρὸ
344 1263 532 1332 αὐτοῦ,
563 1262 652 1316 καὶ
683 1263 716 1331 ἡ
743 1264 990 1332 δύναμις.
1041 1263 1258 1332 ἀρχαῖοι
1290 1260 1391 1332 μὲν
1414 1258 1516 1316 οὗν
1545 1271 1880 1332 συγγραφεῖς
1983 1251 1988 1279 ³

203 1351 397 1406 πολλοὶ
450 1351 540 1405 καὶ
585 1354 721 1405 κατὰ
772 1354 1013 1414 πολλοὺς
1069 1354 1272 1413 τόπους
1322 1350 1575 1419 ἐγένοντο
1625 1351 1730 1421 πρὸ
1780 1358 1879 1404 τοῦ

205 1445 730 1509 Πελοποννησιακοῦ
769 1439 1035 1509 πολέμου·
1077 1439 1137 1493 ἐν
1175 1433 1257 1502 οἷς
1297 1439 1446 1492 ἐστιν
1485 1438 1714 1507 Εὐγέων
1752 1459 1809 1492 τε
1849 1440 1877 1492 6

205 1531 416 1599 Σάμιος
460 1528 551 1582 καὶ
597 1531 838 1597 Δηίοχος
883 1529 911 1582 6
953 1530 1368 1598 Προκοννήσιος
1416 1526 1508 1580 καὶ
1552 1528 1810 1597 Εὔδημος
1849 1528 1877 1580 6

205 1619 419 1687 Πάριος
456 1616 546 1670 καὶ
579 1621 872 1686 Δημοκλῆς
904 1617 932 1670 6
970 1619 1249 1684 Φυγελεὺς
1279 1615 1370 1669 καὶ
1402 1615 1682 1678 Ἑκαταῖος
1713 1615 1742 1669 6
1762 1619 1879 1668 Μι-

204 1709 417 1774 λήσιος,
466 1707 494 1758 ὅ
533 1725 590 1758 τε
628 1704 871 1775 Ἀργεῖος
908 1703 1262 1767 Ἀκουσίλαος
1309 1703 1399 1757 καὶ
1439 1704 1467 1758 6
1510 1705 1880 1773 Λαμψακηνὸς

204 1796 404 1864 Χάρων
455 1793 546 1847 καὶ
599 1794 628 1847 6
684 1795 1057 1861 Χαλκηδόνιος
1111 1795 1535 1863 Μελησαγόρας,
1596 1793 1764 1864 ὀλίγῳ
1819 1789 1879 1845 δὲ

203 1884 563 1953 πρεσβύτεροι
594 1891 705 1935 τῶν
738 1886 1275 1949 Πελοποννησιακῶν
1305 1880 1395 1934 καὶ
1427 1881 1584 1952 μέχρι
1614 1888 1710 1949 τῆς
1738 1884 1879 1934 Θου-

203 1971 436 2024 κυδίδου
480 1973 928 2041 παρεκτείναντες
976 1970 1189 2038 ἡλικίας
1235 1970 1552 2032 Ἑλλάνικός
1596 1989 1654 2022 τε
1699 1969 1728 2023 6
1776 1969 1879 2022 Λέ-

204 2063 357 2128 σβιος
393 2058 483 2112 καὶ
514 2060 808 2128 Δαμάστης
847 2059 876 2113 6
910 2061 1164 2127 Σιγειεὺς
1201 2057 1290 2111 καὶ
1329 2058 1645 2128 Ξενομήδης
1683 2058 1711 2112 6
1744 2062 1877 2120 Χῖος

202 2147 293 2201 καὶ
310 2148 532 2210 Ξάνθος
551 2146 557 2219 1
578 2148 805 2211 ὁΛυδὸς
827 2146 917 2200 καὶ
942 2149 1099 2200 ἄλλοι
1124 2150 1332 2216 συχνοί.
1373 2143 1526 2200 οὗτοι
1548 2145 1864 2217 προαιρέσει
1882 2161 1964 2205 819

203 2256 260 2289 τε
298 2236 461 2307 ὁμοίᾳ
498 2236 795 2306 ἐχρήσαντο
834 2234 959 2305 περὶ
998 2236 1100 2304 τὴν
1138 2235 1370 2304 ἐκλογὴν
1406 2245 1517 2288 τῶν
1554 2235 1878 2289 ὑποθέσεων

202 2323 290 2376 καὶ
332 2325 591 2393 δυνάμεις
629 2324 697 2376 οὐ
734 2324 878 2376 πολύ
916 2343 968 2375 τι
1007 2324 1377 2393 διαφερούσας
1408 2325 1569 2392 ἔσχον
1608 2323 1876 2392 ἀλλήλων,

203 2415 258 2464 οἳ
299 2410 400 2480 μὲν
444 2414 539 2474 τὰς
577 2411 908 2480 Ἑλληνικὰς
956 2411 1370 2482 ἀναγράφοντες
1410 2413 1674 2481 ἱστορίας,
1723 2415 1781 2465 οἳ
1815 2408 1875 2464 δὲ

321 2590 342 2627 1
377 2592 467 2629 τῶν
499 2600 547 2628 τε
573 2583 636 2628 δι’
666 2585 808 2640 MPf,
850 2586 931 2629 sed
961 2587 1068 2642 post
1097 2593 1189 2630 τῶν
1221 2585 1428 2641 syUabas
1452 2592 1534 2630 τοῦ
1564 2594 1655 2631 τῶν
1695 2585 1874 2630 delebas

203 2644 286 2688 dat
301 2644 336 2686 P
360 2651 450 2687 τῶν
475 2659 525 2699 γε
558 2641 619 2687 δι’
642 2643 859 2687 Reiskius
1002 2650 1027 2687 2
1052 2645 1131 2688 καὶ
1156 2646 1266 2688 ante
1290 2651 1385 2695 τοῖς
1409 2645 1523 2688 omf
1652 2650 1678 2688 3
1694 2644 1876 2689 hiatum

202 2702 431 2758 indicaui,
471 2701 712 2746 intercidit
749 2702 842 2746 fort
873 2703 953 2745 καὶ
991 2711 1081 2747 τῶν
1119 2707 1180 2762 τῷ
1223 2706 1419 2762 λογισμῷ
1459 2703 1508 2747 cf
1533 2719 1564 2760 p
1589 2709 1673 2748 881
1693 2703 1807 2759 qu.

201 2767 229 2805 4
260 2762 353 2805 fort
383 2759 557 2819 (ἀλλ’)
590 2759 688 2811 ἅλις
793 2765 815 2803 7
851 2758 1011 2815 μέλλον
1041 2777 1096 2818 pr
1119 2762 1155 2805 P
1276 2767 1302 2805 8
1334 2762 1438 2817 περὶ
1469 2775 1546 2806 om
1570 2763 1605 2806 P
1698 2767 1750 2806 11
1784 2759 1876 2806 διέ-

201 2821 307 2873 zaga
338 2820 373 2862 Ρ
401 2822 407 2877 Ι
434 2819 540 2871 τοὺς
577 2819 689 2862 MP:
734 2826 824 2862 τῶν
855 2819 885 2862 f.
935 2819 985 2863 ef
1012 2835 1151 2877 supra
1182 2825 1283 2876 205,
1308 2825 1362 2864 21
1532 2826 1585 2864 15
1618 2820 1877 2877 Προικονή·

202 2894 299 2930 σιος
321 2879 344 2922 f
497 2882 549 2921 18
582 2877 927 2933 ἀμελησαγόρας
958 2878 1097 2923 MPf:
1131 2893 1232 2923 corr
1262 2879 1515 2923 Dudjbhius
1667 2886 1720 2924 21
1755 2879 1779 2924 6
1812 2893 1875 2924 σι-

202 2939 307 2995 γεὺς
337 2937 416 2980 Mf
451 2937 646 2993 σισιγεὺς
677 2937 734 2979 P:
769 2950 868 2979 corr
901 2936 1160 2993 Kruegerus
