<?xml version="1.0" encoding="UTF-8"?>
<!DOCTYPE html PUBLIC "-//W3C//DTD XHTML 1.0 Transitional//EN"
    "http://www.w3.org/TR/xhtml1/DTD/xhtml1-transitional.dtd">
<html xmlns="http://www.w3.org/1999/xhtml" xml:lang="en" lang="en">
 <head>
  <title>
</title>
<meta http-equiv="Content-Type" content="text/html;charset=utf-8" />
  <meta name='ocr-system' content='tesseract 3.04.00' />
  <meta name='ocr-capabilities' content='ocr_page ocr_carea ocr_par ocr_line ocrx_word'/>
</head>
<body>
  <div class='ocr_page' id='page_1' title='image "./quaeexstant05dionuoft_0188.png"; bbox 0 0 2004 3202; ppageno 0'>
   <div class='ocr_carea' id='block_1_1' title="bbox 195 105 1456 169">
    <p class='ocr_par' dir='ltr' id='par_1_1' title="bbox 195 105 1456 169">
     <span class='ocr_line' id='line_1_1' title="bbox 195 105 1456 169; baseline -0.006 -6"><span class='ocrx_word' id='word_1_1' title='bbox 195 117 297 169; x_wconf 81' lang='lat'><strong><em>138</em></strong></span> <span class='ocrx_word' id='word_1_2' title='bbox 614 118 956 161; x_wconf 71' lang='grc' dir='ltr'><strong><em>ΔιοΝΤΣΙοΤ</em></strong></span> <span class='ocrx_word' id='word_1_3' title='bbox 987 105 1456 158; x_wconf 73' lang='grc' dir='ltr'><strong>ΑΛῙΚΑΡΝΑΣΕῼΣ</strong></span> 
     </span>
    </p>
   </div>
   <div class='ocr_carea' id='block_1_2' title="bbox 108 249 1993 2860">
    <p class='ocr_par' dir='ltr' id='par_1_2' title="bbox 108 249 1993 2860">
     <span class='ocr_line' id='line_1_2' title="bbox 189 249 1868 323; baseline -0.001 -17"><span class='ocrx_word' id='word_1_4' title='bbox 189 254 610 323; x_wconf 89' lang='grc' dir='ltr'><strong><em>&lt;μεταφοραῖς&gt;.</em></strong></span> <span class='ocrx_word' id='word_1_5' title='bbox 674 253 1002 322; x_wconf 80' lang='grc' dir='ltr'><strong><em>ἀλληγορίας</em></strong></span> <span class='ocrx_word' id='word_1_6' title='bbox 1025 271 1082 303; x_wconf 89' lang='grc' dir='ltr'><strong><em>τε</em></strong></span> <span class='ocrx_word' id='word_1_7' title='bbox 1105 251 1488 320; x_wconf 85' lang='grc' dir='ltr'><strong><em>περιβάλλεται</em></strong></span> <span class='ocrx_word' id='word_1_8' title='bbox 1511 253 1717 314; x_wconf 82' lang='grc' dir='ltr'><strong><em>πολλὰς</em></strong></span> <span class='ocrx_word' id='word_1_9' title='bbox 1742 249 1868 319; x_wconf 88' lang='grc' dir='ltr'><strong><em>&lt;καὶ</em></strong></span> 
     </span>
     <span class='ocr_line' id='line_1_3' title="bbox 108 331 1875 411; baseline -0.001 -16"><span class='ocrx_word' id='word_1_10' title='bbox 108 355 110 357; x_wconf 74' lang='grc'><strong><em>’</em></strong></span> <span class='ocrx_word' id='word_1_11' title='bbox 190 343 461 411; x_wconf 77' lang='grc' dir='ltr'><strong><em>μακράς),</em></strong></span> <span class='ocrx_word' id='word_1_12' title='bbox 514 343 638 395; x_wconf 80' lang='grc' dir='ltr'><strong><em>οὔτε</em></strong></span> <span class='ocrx_word' id='word_1_13' title='bbox 678 341 877 411; x_wconf 79' lang='grc' dir='ltr'><em>μέτρον</em></span> <span class='ocrx_word' id='word_1_14' title='bbox 917 340 1145 408; x_wconf 83' lang='grc' dir='ltr'><strong><em>ἐχούσας</em></strong></span> <span class='ocrx_word' id='word_1_15' title='bbox 1185 340 1310 392; x_wconf 78' lang='grc' dir='ltr'><strong><em>οὔτε</em></strong></span> <span class='ocrx_word' id='word_1_16' title='bbox 1355 343 1563 410; x_wconf 91' lang='grc' dir='ltr'><strong><em>καιρόν.</em></strong></span> <span class='ocrx_word' id='word_1_17' title='bbox 1635 331 1875 409; x_wconf 69' lang='grc' dir='ltr'><strong><em>σχημασί</em></strong></span> 
     </span>
     <span class='ocr_line' id='line_1_4' title="bbox 191 422 1870 499; baseline -0.001 -15"><span class='ocrx_word' id='word_1_18' title='bbox 191 451 247 484; x_wconf 89' lang='grc' dir='ltr'><strong><em>τε</em></strong></span> <span class='ocrx_word' id='word_1_19' title='bbox 285 440 588 499; x_wconf 81' lang='grc' dir='ltr'><strong><em>ποιητικοῖς</em></strong></span> <span class='ocrx_word' id='word_1_20' title='bbox 628 430 858 498; x_wconf 78' lang='grc' dir='ltr'><em>ἐσχάτην</em></span> <span class='ocrx_word' id='word_1_21' title='bbox 895 429 1344 498; x_wconf 74' lang='grc' dir='ltr'><strong><em>προσβάλλουσιν</em></strong></span> <span class='ocrx_word' id='word_1_22' title='bbox 1391 429 1589 497; x_wconf 80' lang='grc' dir='ltr'><em>ἀηδίαν</em></span> <span class='ocrx_word' id='word_1_23' title='bbox 1635 427 1726 481; x_wconf 87' lang='grc' dir='ltr'><strong><em>καὶ</em></strong></span> <span class='ocrx_word' id='word_1_24' title='bbox 1757 422 1870 498; x_wconf 54' lang='grc' dir='ltr'><strong><em>’μά-</em></strong></span> 
     </span>
     <span class='ocr_line' id='line_1_5' title="bbox 193 515 1867 589; baseline -0.001 -17"><span class='ocrx_word' id='word_1_25' title='bbox 193 524 349 572; x_wconf 90' lang='grc' dir='ltr'><strong><em>λιστα</em></strong></span> <span class='ocrx_word' id='word_1_26' title='bbox 418 528 531 581; x_wconf 89' lang='grc' dir='ltr'><strong><em>τοῖς</em></strong></span> <span class='ocrx_word' id='word_1_27' title='bbox 602 521 909 587; x_wconf 77' lang='grc' dir='ltr'><strong><em>Γοργιείοις</em></strong></span> <span class='ocrx_word' id='word_1_28' title='bbox 978 516 1214 586; x_wconf 81' lang='grc' dir='ltr'><strong><em>ἀκαίρως</em></strong></span> <span class='ocrx_word' id='word_1_29' title='bbox 1281 515 1370 569; x_wconf 85' lang='grc' dir='ltr'><strong><em>καὶ</em></strong></span> <span class='ocrx_word' id='word_1_30' title='bbox 1440 519 1812 587; x_wconf 79' lang='grc' dir='ltr'><strong><em>μειρακιωδῶς</em></strong></span> <span class='ocrx_word' id='word_1_31' title='bbox 1862 515 1867 589; x_wconf 96' lang='grc' dir='ltr'>Ι</span> 
     </span>
     <span class='ocr_line' id='line_1_6' title="bbox 147 604 1978 678; baseline -0.001 -15"><span class='ocrx_word' id='word_1_32' title='bbox 147 634 165 664; x_wconf 88' lang='lat'>5</span> <span class='ocrx_word' id='word_1_33' title='bbox 193 609 562 678; x_wconf 83' lang='grc' dir='ltr'><strong><em>ἐναβρύνεται.</em></strong></span> <span class='ocrx_word' id='word_1_34' title='bbox 638 605 727 659; x_wconf 82' lang='grc' dir='ltr'><strong><em>καὶ</em></strong></span> <span class='ocrx_word' id='word_1_35' title='bbox 774 607 946 667; x_wconf 89' lang='grc' dir='ltr'><strong><em>πολὺς</em></strong></span> <span class='ocrx_word' id='word_1_36' title='bbox 994 605 1022 658; x_wconf 88' lang='grc' dir='ltr'>ὁ</span> <span class='ocrx_word' id='word_1_37' title='bbox 1069 604 1284 673; x_wconf 81' lang='grc' dir='ltr'><strong><em>τελέτης</em></strong></span> <span class='ocrx_word' id='word_1_38' title='bbox 1323 605 1384 658; x_wconf 81' lang='grc' dir='ltr'><strong><em>ἐν</em></strong></span> <span class='ocrx_word' id='word_1_39' title='bbox 1422 615 1536 669; x_wconf 90' lang='grc' dir='ltr'><strong><em>τοῖς</em></strong></span> <span class='ocrx_word' id='word_1_40' title='bbox 1574 608 1848 668; x_wconf 81' lang='grc' dir='ltr'><strong><em>τοιούτοις</em></strong></span> <span class='ocrx_word' id='word_1_41' title='bbox 1873 622 1978 668; x_wconf 84' lang='grc'><strong>967,</strong></span> 
     </span>
     <span class='ocr_line' id='line_1_7' title="bbox 190 693 1871 767; baseline -0.002 -17"><span class='ocrx_word' id='word_1_42' title='bbox 190 696 318 766; x_wconf 82' lang='grc' dir='ltr'><strong><em>παρ’</em></strong></span> <span class='ocrx_word' id='word_1_43' title='bbox 359 697 521 767; x_wconf 70' lang='grc' dir='ltr'><strong><em>αὐτῷ,</em></strong></span> <span class='ocrx_word' id='word_1_44' title='bbox 562 697 632 757; x_wconf 83' lang='grc' dir='ltr'><strong><em>ὡς</em></strong></span> <span class='ocrx_word' id='word_1_45' title='bbox 671 693 760 747; x_wconf 82' lang='grc' dir='ltr'><strong><em>καὶ</em></strong></span> <span class='ocrx_word' id='word_1_46' title='bbox 800 696 1115 763; x_wconf 86' lang='grc' dir='ltr'><strong><em>Δημήτριος</em></strong></span> <span class='ocrx_word' id='word_1_47' title='bbox 1155 694 1183 746; x_wconf 90' lang='grc' dir='ltr'>ὁ</span> <span class='ocrx_word' id='word_1_48' title='bbox 1229 697 1514 764; x_wconf 84' lang='grc' dir='ltr'><strong><em>Φαληρεὺς</em></strong></span> <span class='ocrx_word' id='word_1_49' title='bbox 1551 694 1736 765; x_wconf 77' lang='grc' dir='ltr'><strong><em>εἴρηκέ</em></strong></span> <span class='ocrx_word' id='word_1_50' title='bbox 1762 713 1871 747; x_wconf 92' lang='grc' dir='ltr'><strong><em>που</em></strong></span> 
     </span>
     <span class='ocr_line' id='line_1_8' title="bbox 191 782 1784 853; baseline -0.001 -16"><span class='ocrx_word' id='word_1_51' title='bbox 191 784 279 837; x_wconf 85' lang='grc' dir='ltr'><strong><em>καὶ</em></strong></span> <span class='ocrx_word' id='word_1_52' title='bbox 322 787 478 837; x_wconf 78' lang='grc' dir='ltr'><strong><em>ἄλλοι</em></strong></span> <span class='ocrx_word' id='word_1_53' title='bbox 518 782 710 852; x_wconf 84' lang='grc' dir='ltr'><strong><em>συχνοὶ</em></strong></span> <span class='ocrx_word' id='word_1_54' title='bbox 749 785 1032 853; x_wconf 78' lang='grc' dir='ltr'><strong><em>πρότερον.</em></strong></span> <span class='ocrx_word' id='word_1_55' title='bbox 1104 782 1170 836; x_wconf 87' lang='grc' dir='ltr'><strong><em>οὐ</em></strong></span> <span class='ocrx_word' id='word_1_56' title='bbox 1210 784 1314 853; x_wconf 82' lang='grc' dir='ltr'><strong><em>γὰρ</em></strong></span> <span class='ocrx_word' id='word_1_57' title='bbox 1356 782 1482 852; x_wconf 85' lang='grc' dir='ltr'><strong><em>ε’μὸς</em></strong></span> <span class='ocrx_word' id='word_1_58' title='bbox 1521 783 1549 836; x_wconf 88' lang='grc' dir='ltr'>ὁ</span> <span class='ocrx_word' id='word_1_59' title='bbox 1589 789 1784 852; x_wconf 87' lang='grc' dir='ltr'><strong><em>μῦθος.</em></strong></span> 
     </span>
     <span class='ocr_line' id='line_1_9' title="bbox 133 870 1872 945; baseline -0.001 -20"><span class='ocrx_word' id='word_1_60' title='bbox 133 886 165 936; x_wconf 83' lang='grc'><strong>6</strong></span> <span class='ocrx_word' id='word_1_61' title='bbox 301 872 489 942; x_wconf 86' lang='grc' dir='ltr'><strong><em>μηδεὶς</em></strong></span> <span class='ocrx_word' id='word_1_62' title='bbox 533 871 596 924; x_wconf 82' lang='grc' dir='ltr'><strong><em>δέ</em></strong></span> <span class='ocrx_word' id='word_1_63' title='bbox 639 892 703 940; x_wconf 91' lang='grc' dir='ltr'><strong><em>με</em></strong></span> <span class='ocrx_word' id='word_1_64' title='bbox 749 873 814 924; x_wconf 82' lang='grc' dir='ltr'><strong><em>τὰ</em></strong></span> <span class='ocrx_word' id='word_1_65' title='bbox 861 879 1088 924; x_wconf 87' lang='grc' dir='ltr'><strong><em>τοιαῦτα</em></strong></span> <span class='ocrx_word' id='word_1_66' title='bbox 1134 871 1385 942; x_wconf 79' lang='grc' dir='ltr'><strong><em>ὑπολάβῃ</em></strong></span> <span class='ocrx_word' id='word_1_67' title='bbox 1433 870 1615 945; x_wconf 82' lang='grc' dir='ltr'><strong><em>λέγειν</em></strong></span> <span class='ocrx_word' id='word_1_68' title='bbox 1663 872 1872 940; x_wconf 84' lang='grc' dir='ltr'><strong><em>ἁπάσης</em></strong></span> 
     </span>
     <span class='ocr_line' id='line_1_10' title="bbox 191 958 1871 1030; baseline -0.002 -14"><span class='ocrx_word' id='word_1_69' title='bbox 191 962 667 1030; x_wconf 76' lang='grc' dir='ltr'><strong><em>καταγινώσκοντα</em></strong></span> <span class='ocrx_word' id='word_1_70' title='bbox 727 968 821 1028; x_wconf 83' lang='grc' dir='ltr'><strong><em>τῆς</em></strong></span> <span class='ocrx_word' id='word_1_71' title='bbox 876 958 1273 1028; x_wconf 80' lang='grc' dir='ltr'><strong><em>ἐξηλλαγμένης</em></strong></span> <span class='ocrx_word' id='word_1_72' title='bbox 1326 958 1416 1012; x_wconf 87' lang='grc' dir='ltr'><strong><em>καὶ</em></strong></span> <span class='ocrx_word' id='word_1_73' title='bbox 1472 959 1871 1028; x_wconf 85' lang='grc' dir='ltr'><strong><em>ἐγκατασκεύου</em></strong></span> 
     </span>
     <span class='ocr_line' id='line_1_11' title="bbox 127 1042 1872 1119; baseline -0.001 -16"><span class='ocrx_word' id='word_1_74' title='bbox 127 1078 168 1108; x_wconf 84' lang='lat'><strong><em>10</em></strong></span> <span class='ocrx_word' id='word_1_75' title='bbox 193 1050 398 1114; x_wconf 68' lang='grc' dir='ltr'><strong><em>λέξεως,</em></strong></span> <span class='ocrx_word' id='word_1_76' title='bbox 441 1042 544 1119; x_wconf 79' lang='grc' dir='ltr'><strong><em>&lt;ᾗ&gt;</em></strong></span> <span class='ocrx_word' id='word_1_77' title='bbox 584 1047 837 1118; x_wconf 81' lang='grc' dir='ltr'><strong><em>κέχρηται</em></strong></span> <span class='ocrx_word' id='word_1_78' title='bbox 871 1049 1133 1100; x_wconf 79' lang='grc' dir='ltr'><strong><em>Πλάτων·</em></strong></span> <span class='ocrx_word' id='word_1_79' title='bbox 1166 1049 1237 1116; x_wconf 88' lang='grc' dir='ltr'><strong><em>μὴ</em></strong></span> <span class='ocrx_word' id='word_1_80' title='bbox 1271 1049 1375 1118; x_wconf 79' lang='grc' dir='ltr'><strong><em>γὰρ</em></strong></span> <span class='ocrx_word' id='word_1_81' title='bbox 1409 1049 1475 1116; x_wconf 86' lang='grc' dir='ltr'><strong><em>δὴ</em></strong></span> <span class='ocrx_word' id='word_1_82' title='bbox 1510 1048 1651 1101; x_wconf 79' lang='grc' dir='ltr'><strong><em>οὕτω</em></strong></span> <span class='ocrx_word' id='word_1_83' title='bbox 1685 1049 1872 1110; x_wconf 91' lang='grc' dir='ltr'><strong><em>σκαιὸς</em></strong></span> 
     </span>
     <span class='ocr_line' id='line_1_12' title="bbox 191 1135 1872 1207; baseline -0.001 -17"><span class='ocrx_word' id='word_1_84' title='bbox 191 1138 316 1207; x_wconf 83' lang='grc' dir='ltr'><strong><em>μηδ’</em></strong></span> <span class='ocrx_word' id='word_1_85' title='bbox 350 1138 684 1205; x_wconf 88' lang='grc' dir='ltr'><strong><em>ἀναίσθητος</em></strong></span> <span class='ocrx_word' id='word_1_86' title='bbox 717 1136 821 1204; x_wconf 85' lang='grc' dir='ltr'><strong><em>ἐγὼ</em></strong></span> <span class='ocrx_word' id='word_1_87' title='bbox 854 1139 1134 1205; x_wconf 75' lang='grc' dir='ltr'><strong><em>γενοίμην,</em></strong></span> <span class='ocrx_word' id='word_1_88' title='bbox 1169 1138 1304 1190; x_wconf 83' lang='grc' dir='ltr'><strong><em>ὥστε</em></strong></span> <span class='ocrx_word' id='word_1_89' title='bbox 1336 1138 1542 1206; x_wconf 87' lang='grc' dir='ltr'><strong><em>ταύτην</em></strong></span> <span class='ocrx_word' id='word_1_90' title='bbox 1572 1138 1673 1205; x_wconf 83' lang='grc' dir='ltr'><strong><em>τὴν</em></strong></span> <span class='ocrx_word' id='word_1_91' title='bbox 1705 1135 1872 1201; x_wconf 81' lang='grc' dir='ltr'><strong><em>δόξαν</em></strong></span> 
     </span>
     <span class='ocr_line' id='line_1_13' title="bbox 190 1224 1872 1296; baseline -0.001 -16"><span class='ocrx_word' id='word_1_92' title='bbox 190 1225 325 1296; x_wconf 75' lang='grc' dir='ltr'><strong><em>ὑπὲρ</em></strong></span> <span class='ocrx_word' id='word_1_93' title='bbox 352 1227 554 1296; x_wconf 89' lang='grc' dir='ltr'><strong><em>ἀνδρὸς</em></strong></span> <span class='ocrx_word' id='word_1_94' title='bbox 578 1227 904 1294; x_wconf 87' lang='grc' dir='ltr'><strong><em>τηλικούτου</em></strong></span> <span class='ocrx_word' id='word_1_95' title='bbox 930 1228 1136 1294; x_wconf 73' lang='grc' dir='ltr'><strong><em>λαβεῖν,</em></strong></span> <span class='ocrx_word' id='word_1_96' title='bbox 1163 1224 1277 1278; x_wconf 81' lang='grc' dir='ltr'><strong><em>ἐπεὶ</em></strong></span> <span class='ocrx_word' id='word_1_97' title='bbox 1301 1227 1477 1279; x_wconf 79' lang='grc' dir='ltr'><strong><em>πολλὰ</em></strong></span> <span class='ocrx_word' id='word_1_98' title='bbox 1500 1224 1626 1296; x_wconf 87' lang='grc' dir='ltr'><strong><em>περὶ</em></strong></span> <span class='ocrx_word' id='word_1_99' title='bbox 1649 1230 1872 1279; x_wconf 85' lang='grc' dir='ltr'><strong><em>πολλῶν</em></strong></span> 
     </span>
     <span class='ocr_line' id='line_1_14' title="bbox 191 1313 1870 1384; baseline -0.001 -16"><span class='ocrx_word' id='word_1_100' title='bbox 191 1313 314 1369; x_wconf 80' lang='grc' dir='ltr'><strong><em>οἶδα</em></strong></span> <span class='ocrx_word' id='word_1_101' title='bbox 353 1316 559 1384; x_wconf 89' lang='grc' dir='ltr'><strong><em>μεγάλα</em></strong></span> <span class='ocrx_word' id='word_1_102' title='bbox 597 1313 686 1367; x_wconf 85' lang='grc' dir='ltr'><strong><em>καὶ</em></strong></span> <span class='ocrx_word' id='word_1_103' title='bbox 725 1316 1020 1383; x_wconf 82' lang='grc' dir='ltr'><strong><em>θαυμαστὰ</em></strong></span> <span class='ocrx_word' id='word_1_104' title='bbox 1058 1313 1149 1366; x_wconf 86' lang='grc' dir='ltr'><strong><em>καὶ</em></strong></span> <span class='ocrx_word' id='word_1_105' title='bbox 1190 1314 1294 1366; x_wconf 91' lang='grc' dir='ltr'><strong><em>ἀπὸ</em></strong></span> <span class='ocrx_word' id='word_1_106' title='bbox 1347 1322 1441 1382; x_wconf 83' lang='grc' dir='ltr'><strong><em>τῆς</em></strong></span> <span class='ocrx_word' id='word_1_107' title='bbox 1488 1316 1656 1384; x_wconf 77' lang='grc' dir='ltr'><strong><em>ἄκρας</em></strong></span> <span class='ocrx_word' id='word_1_108' title='bbox 1703 1316 1870 1367; x_wconf 88' lang='grc' dir='ltr'><strong><em>δυνά-</em></strong></span> 
     </span>
     <span class='ocr_line' id='line_1_15' title="bbox 189 1401 1870 1474; baseline -0.001 -17"><span class='ocrx_word' id='word_1_109' title='bbox 189 1425 327 1474; x_wconf 90' lang='grc' dir='ltr'><strong><em>μεως</em></strong></span> <span class='ocrx_word' id='word_1_110' title='bbox 363 1402 752 1472; x_wconf 81' lang='grc' dir='ltr'><strong><em>ἐξενηνεγμένα</em></strong></span> <span class='ocrx_word' id='word_1_111' title='bbox 784 1401 877 1456; x_wconf 83' lang='grc' dir='ltr'><strong><em>ὑπ’</em></strong></span> <span class='ocrx_word' id='word_1_112' title='bbox 918 1403 1114 1455; x_wconf 86' lang='grc' dir='ltr'><strong><em>αὐτοῦ·</em></strong></span> <span class='ocrx_word' id='word_1_113' title='bbox 1155 1401 1271 1455; x_wconf 81' lang='grc' dir='ltr'><strong><em>ἀλλ’</em></strong></span> <span class='ocrx_word' id='word_1_114' title='bbox 1313 1402 1487 1456; x_wconf 83' lang='grc' dir='ltr'><strong><em>ἐκεῖνο</em></strong></span> <span class='ocrx_word' id='word_1_115' title='bbox 1521 1402 1870 1467; x_wconf 78' lang='grc' dir='ltr'><strong><em>ἐνδείξασθαι</em></strong></span> 
     </span>
     <span class='ocr_line' id='line_1_16' title="bbox 124 1490 1871 1562; baseline -0.002 -15"><span class='ocrx_word' id='word_1_116' title='bbox 124 1518 165 1548; x_wconf 87' lang='lat'><strong><em>15</em></strong></span> <span class='ocrx_word' id='word_1_117' title='bbox 190 1495 530 1562; x_wconf 85' lang='grc' dir='ltr'><strong><em>βουλόμενον</em></strong></span> <span class='ocrx_word' id='word_1_118' title='bbox 593 1492 675 1544; x_wconf 83' lang='grc' dir='ltr'><strong><em>ὄτι</em></strong></span> <span class='ocrx_word' id='word_1_119' title='bbox 738 1493 874 1559; x_wconf 69' lang='lat' dir='ltr'><em>(vde)</em></span> <span class='ocrx_word' id='word_1_120' title='bbox 936 1499 1162 1544; x_wconf 87' lang='grc' dir='ltr'><strong><em>τοιαῦτα</em></strong></span> <span class='ocrx_word' id='word_1_121' title='bbox 1224 1491 1577 1562; x_wconf 82' lang='grc' dir='ltr'><strong><em>ἁμαρτήματα</em></strong></span> <span class='ocrx_word' id='word_1_122' title='bbox 1640 1490 1700 1544; x_wconf 80' lang='grc' dir='ltr'><strong><em>ἐν</em></strong></span> <span class='ocrx_word' id='word_1_123' title='bbox 1753 1501 1871 1554; x_wconf 87' lang='grc' dir='ltr'><strong><em>ταῖς</em></strong></span> 
     </span>
     <span class='ocr_line' id='line_1_17' title="bbox 190 1577 1870 1650; baseline -0.002 -15"><span class='ocrx_word' id='word_1_124' title='bbox 190 1590 545 1643; x_wconf 88' lang='grc' dir='ltr'><strong><em>κατασκευαῖς</em></strong></span> <span class='ocrx_word' id='word_1_125' title='bbox 586 1586 786 1633; x_wconf 80' lang='grc' dir='ltr'><strong><em>εἴωθεν</em></strong></span> <span class='ocrx_word' id='word_1_126' title='bbox 826 1580 1159 1650; x_wconf 80' lang='grc' dir='ltr'><strong><em>ἁμαρτάνειν</em></strong></span> <span class='ocrx_word' id='word_1_127' title='bbox 1200 1578 1289 1632; x_wconf 87' lang='grc' dir='ltr'><strong><em>καὶ</em></strong></span> <span class='ocrx_word' id='word_1_128' title='bbox 1329 1583 1528 1650; x_wconf 87' lang='grc' dir='ltr'><strong><em>χείρων</em></strong></span> <span class='ocrx_word' id='word_1_129' title='bbox 1566 1577 1668 1648; x_wconf 76' lang='grc' dir='ltr'><strong><em>μὲν</em></strong></span> <span class='ocrx_word' id='word_1_130' title='bbox 1707 1580 1870 1642; x_wconf 83' lang='grc' dir='ltr'><strong><em>αὐτὸς</em></strong></span> 
     </span>
     <span class='ocr_line' id='line_1_18' title="bbox 193 1668 1871 1745; baseline -0.001 -22"><span class='ocrx_word' id='word_1_131' title='bbox 193 1672 365 1723; x_wconf 82' lang='grc' dir='ltr'><strong><em>αὑτοῦ</em></strong></span> <span class='ocrx_word' id='word_1_132' title='bbox 405 1673 637 1737; x_wconf 72' lang='grc' dir='ltr'><strong><em>γίνεται,</em></strong></span> <span class='ocrx_word' id='word_1_133' title='bbox 690 1670 822 1722; x_wconf 83' lang='grc' dir='ltr'><strong><em>ὅταν</em></strong></span> <span class='ocrx_word' id='word_1_134' title='bbox 866 1670 927 1721; x_wconf 87' lang='grc' dir='ltr'><strong><em>τὸ</em></strong></span> <span class='ocrx_word' id='word_1_135' title='bbox 975 1668 1110 1737; x_wconf 87' lang='grc' dir='ltr'><strong><em>με’γα</em></strong></span> <span class='ocrx_word' id='word_1_136' title='bbox 1158 1669 1327 1739; x_wconf 83' lang='grc' dir='ltr'><strong><em>διώκῃ</em></strong></span> <span class='ocrx_word' id='word_1_137' title='bbox 1373 1668 1462 1721; x_wconf 87' lang='grc' dir='ltr'><strong><em>καὶ</em></strong></span> <span class='ocrx_word' id='word_1_138' title='bbox 1509 1670 1765 1738; x_wconf 88' lang='grc' dir='ltr'><strong><em>περιττὸν</em></strong></span> <span class='ocrx_word' id='word_1_139' title='bbox 1811 1668 1871 1745; x_wconf 78' lang='grc' dir='ltr'><strong><em>ἐν</em></strong></span> 
     </span>
     <span class='ocr_line' id='line_1_19' title="bbox 191 1756 1871 1829; baseline -0.001 -18"><span class='ocrx_word' id='word_1_140' title='bbox 191 1768 253 1829; x_wconf 74' lang='grc' dir='ltr'><strong><em>τῇ</em></strong></span> <span class='ocrx_word' id='word_1_141' title='bbox 296 1760 517 1827; x_wconf 66' lang='grc' dir='ltr'><strong><em>φράσει,</em></strong></span> <span class='ocrx_word' id='word_1_142' title='bbox 568 1764 756 1828; x_wconf 77' lang='grc' dir='ltr'><strong><em>μακρῷ</em></strong></span> <span class='ocrx_word' id='word_1_143' title='bbox 796 1756 861 1809; x_wconf 81' lang='grc' dir='ltr'><strong><em>δέ</em></strong></span> <span class='ocrx_word' id='word_1_144' title='bbox 895 1777 1004 1809; x_wconf 91' lang='grc' dir='ltr'><strong><em>τινι</em></strong></span> <span class='ocrx_word' id='word_1_145' title='bbox 1045 1757 1308 1826; x_wconf 77' lang='grc' dir='ltr'><strong><em>ἀμείνων,</em></strong></span> <span class='ocrx_word' id='word_1_146' title='bbox 1358 1758 1490 1810; x_wconf 81' lang='grc' dir='ltr'><strong><em>ὅταν</em></strong></span> <span class='ocrx_word' id='word_1_147' title='bbox 1528 1758 1629 1825; x_wconf 88' lang='grc' dir='ltr'><strong><em>τὴν</em></strong></span> <span class='ocrx_word' id='word_1_148' title='bbox 1678 1758 1871 1826; x_wconf 79' lang='grc' dir='ltr'><strong><em>ἰσχνὴν</em></strong></span> 
     </span>
     <span class='ocr_line' id='line_1_20' title="bbox 190 1842 1991 1915; baseline 0.001 -17"><span class='ocrx_word' id='word_1_149' title='bbox 190 1845 279 1899; x_wconf 83' lang='grc' dir='ltr'><strong><em>καὶ</em></strong></span> <span class='ocrx_word' id='word_1_150' title='bbox 328 1846 523 1915; x_wconf 82' lang='grc' dir='ltr'><strong><em>ἀκριβῆ</em></strong></span> <span class='ocrx_word' id='word_1_151' title='bbox 577 1844 665 1898; x_wconf 82' lang='grc' dir='ltr'><strong><em>καὶ</em></strong></span> <span class='ocrx_word' id='word_1_152' title='bbox 722 1846 997 1898; x_wconf 87' lang='grc' dir='ltr'><strong><em>δοκοῦσαν</em></strong></span> <span class='ocrx_word' id='word_1_153' title='bbox 1050 1842 1151 1914; x_wconf 75' lang='grc' dir='ltr'><strong><em>μὲν</em></strong></span> <span class='ocrx_word' id='word_1_154' title='bbox 1205 1845 1471 1913; x_wconf 90' lang='grc' dir='ltr'><strong><em>ἀποίητον</em></strong></span> <span class='ocrx_word' id='word_1_155' title='bbox 1524 1842 1666 1899; x_wconf 82' lang='grc' dir='ltr'><strong><em>εἶναι</em></strong></span> <span class='ocrx_word' id='word_1_156' title='bbox 1718 1866 1870 1899; x_wconf 78' lang='grc' dir='ltr'><strong><em>κατε·</em></strong></span> <span class='ocrx_word' id='word_1_157' title='bbox 1990 1907 1991 1910; x_wconf 10' lang='lat'>¹</span> 
     </span>
     <span class='ocr_line' id='line_1_21' title="bbox 126 1916 1993 2005; baseline 0 -16"><span class='ocrx_word' id='word_1_158' title='bbox 126 1960 167 1990; x_wconf 74' lang='lat'><strong><em>20</em></strong></span> <span class='ocrx_word' id='word_1_159' title='bbox 192 1933 567 2003; x_wconf 87' lang='grc' dir='ltr'><strong><em>σκευασμε’ν·ην</em></strong></span> <span class='ocrx_word' id='word_1_160' title='bbox 606 1933 657 1986; x_wconf 80' lang='grc' dir='ltr'><strong><em>δ’</em></strong></span> <span class='ocrx_word' id='word_1_161' title='bbox 697 1933 964 2005; x_wconf 78' lang='grc' dir='ltr'><strong><em>ἀμωμήτῳ</em></strong></span> <span class='ocrx_word' id='word_1_162' title='bbox 1004 1933 1093 1986; x_wconf 86' lang='grc' dir='ltr'><strong><em>καὶ</em></strong></span> <span class='ocrx_word' id='word_1_163' title='bbox 1131 1934 1322 2003; x_wconf 84' lang='grc' dir='ltr'><strong><em>ἀφελεῖ</em></strong></span> <span class='ocrx_word' id='word_1_164' title='bbox 1351 1943 1653 2005; x_wconf 76' lang='grc' dir='ltr'><strong><em>κατασκευῇ</em></strong></span> <span class='ocrx_word' id='word_1_165' title='bbox 1691 1933 1694 2004; x_wconf 94' lang='grc' dir='ltr'>Ι</span> <span class='ocrx_word' id='word_1_166' title='bbox 1732 1935 1850 1988; x_wconf 77' lang='grc' dir='ltr'><strong><em>διά·</em></strong></span> <span class='ocrx_word' id='word_1_167' title='bbox 1875 1950 1958 1990; x_wconf 85' lang='grc'><strong><em>968</em></strong></span> <span class='ocrx_word' id='word_1_168' title='bbox 1991 1916 1993 1978; x_wconf 31' lang='grc' dir='ltr'>ἶ</span> 
     </span>
     <span class='ocr_line' id='line_1_22' title="bbox 192 2021 1868 2094; baseline 0.001 -19"><span class='ocrx_word' id='word_1_169' title='bbox 192 2028 383 2076; x_wconf 88' lang='grc' dir='ltr'><strong><em>λεκτον</em></strong></span> <span class='ocrx_word' id='word_1_170' title='bbox 430 2022 668 2093; x_wconf 83' lang='grc' dir='ltr'><strong><em>εἰσφέρῃ.</em></strong></span> <span class='ocrx_word' id='word_1_171' title='bbox 745 2022 777 2091; x_wconf 77' lang='grc' dir='ltr'>ἢ</span> <span class='ocrx_word' id='word_1_172' title='bbox 825 2026 928 2093; x_wconf 81' lang='grc' dir='ltr'><strong><em>γὰρ</em></strong></span> <span class='ocrx_word' id='word_1_173' title='bbox 977 2021 1143 2076; x_wconf 73' lang='grc' dir='ltr'><strong><em>οὐδὲν</em></strong></span> <span class='ocrx_word' id='word_1_174' title='bbox 1192 2024 1488 2094; x_wconf 79' lang='grc' dir='ltr'><strong><em>ἁμαρτάνει</em></strong></span> <span class='ocrx_word' id='word_1_175' title='bbox 1536 2022 1788 2087; x_wconf 82' lang='grc' dir='ltr'><strong><em>καθάπαξ</em></strong></span> <span class='ocrx_word' id='word_1_176' title='bbox 1835 2022 1868 2091; x_wconf 79' lang='grc' dir='ltr'>ἢ</span> 
     </span>
     <span class='ocr_line' id='line_1_23' title="bbox 311 2153 1868 2211; baseline 0.001 -15"><span class='ocrx_word' id='word_1_177' title='bbox 311 2159 331 2196; x_wconf 98' lang='grc'>1</span> <span class='ocrx_word' id='word_1_178' title='bbox 368 2153 440 2197; x_wconf 80' lang='lat' dir='ltr'><strong><em>lac</em></strong></span> <span class='ocrx_word' id='word_1_179' title='bbox 464 2153 547 2195; x_wconf 91' lang='lat' dir='ltr'><strong><em>XV</em></strong></span> <span class='ocrx_word' id='word_1_180' title='bbox 571 2153 650 2197; x_wconf 71' lang='lat' dir='ltr'>litt</span> <span class='ocrx_word' id='word_1_181' title='bbox 674 2154 735 2208; x_wconf 92' lang='lat' dir='ltr'><strong><em>M,</em></strong></span> <span class='ocrx_word' id='word_1_182' title='bbox 761 2154 824 2197; x_wconf 92' lang='lat' dir='ltr'><strong><em>VI</em></strong></span> <span class='ocrx_word' id='word_1_183' title='bbox 847 2153 927 2197; x_wconf 63' lang='lat' dir='ltr'>litis</span> <span class='ocrx_word' id='word_1_184' title='bbox 952 2154 1002 2209; x_wconf 91' lang='lat' dir='ltr'><strong><em>B,</em></strong></span> <span class='ocrx_word' id='word_1_185' title='bbox 1028 2154 1113 2198; x_wconf 84' lang='lat' dir='ltr'><strong><em>VII</em></strong></span> <span class='ocrx_word' id='word_1_186' title='bbox 1137 2154 1217 2198; x_wconf 71' lang='lat' dir='ltr'>litt</span> <span class='ocrx_word' id='word_1_187' title='bbox 1240 2155 1289 2210; x_wconf 88' lang='lat' dir='ltr'><strong><em>P,</em></strong></span> <span class='ocrx_word' id='word_1_188' title='bbox 1324 2162 1608 2210; x_wconf 87' lang='grc' dir='ltr'><strong><em>μεταφοραῖς</em></strong></span> <span class='ocrx_word' id='word_1_189' title='bbox 1633 2153 1868 2211; x_wconf 81' lang='lat' dir='ltr'>suppleui:</span> 
     </span>
     <span class='ocr_line' id='line_1_24' title="bbox 193 2211 1870 2272; baseline 0.001 -17"><span class='ocrx_word' id='word_1_190' title='bbox 193 2220 477 2268; x_wconf 84' lang='grc' dir='ltr'><strong><em>μεταφοραῖς</em></strong></span> <span class='ocrx_word' id='word_1_191' title='bbox 501 2211 705 2269; x_wconf 85' lang='grc' dir='ltr'><strong><em>γίγνεται</em></strong></span> <span class='ocrx_word' id='word_1_192' title='bbox 730 2219 809 2256; x_wconf 84' lang='lat' dir='ltr'><strong><em>AV</em></strong></span> <span class='ocrx_word' id='word_1_193' title='bbox 838 2216 842 2265; x_wconf 97' lang='grc' dir='ltr'>Ι</span> <span class='ocrx_word' id='word_1_194' title='bbox 871 2211 1184 2272; x_wconf 85' lang='grc' dir='ltr'><strong><em>ἀλληγορί[ας]</em></strong></span> <span class='ocrx_word' id='word_1_195' title='bbox 1211 2228 1316 2257; x_wconf 84' lang='lat' dir='ltr'><strong><em>cum</em></strong></span> <span class='ocrx_word' id='word_1_196' title='bbox 1338 2228 1415 2257; x_wconf 83' lang='lat' dir='ltr'><strong><em>ras</em></strong></span> <span class='ocrx_word' id='word_1_197' title='bbox 1439 2215 1488 2257; x_wconf 90' lang='lat' dir='ltr'>M</span> <span class='ocrx_word' id='word_1_198' title='bbox 1523 2216 1529 2272; x_wconf 92' lang='grc' dir='ltr'>Ι</span> <span class='ocrx_word' id='word_1_199' title='bbox 1562 2217 1670 2271; x_wconf 73' lang='lat' dir='ltr'>post</span> <span class='ocrx_word' id='word_1_200' title='bbox 1699 2212 1870 2264; x_wconf 80' lang='grc' dir='ltr'><strong><em>πολλὰς</em></strong></span> 
     </span>
     <span class='ocr_line' id='line_1_25' title="bbox 192 2271 1868 2329; baseline 0.001 -15"><span class='ocrx_word' id='word_1_201' title='bbox 192 2272 264 2314; x_wconf 80' lang='lat' dir='ltr'><strong><em>lac</em></strong></span> <span class='ocrx_word' id='word_1_202' title='bbox 296 2271 400 2314; x_wconf 89' lang='lat' dir='ltr'><strong><em>XIX</em></strong></span> <span class='ocrx_word' id='word_1_203' title='bbox 432 2271 526 2315; x_wconf 81' lang='lat' dir='ltr'><strong>fere</strong></span> <span class='ocrx_word' id='word_1_204' title='bbox 560 2271 639 2315; x_wconf 73' lang='lat' dir='ltr'>litt</span> <span class='ocrx_word' id='word_1_205' title='bbox 669 2273 738 2327; x_wconf 85' lang='grc' dir='ltr'><strong><em>Μ,</em></strong></span> <span class='ocrx_word' id='word_1_206' title='bbox 771 2271 878 2315; x_wconf 88' lang='lat' dir='ltr'>XIII</span> <span class='ocrx_word' id='word_1_207' title='bbox 909 2272 988 2316; x_wconf 74' lang='lat' dir='ltr'>litt</span> <span class='ocrx_word' id='word_1_208' title='bbox 1020 2273 1077 2329; x_wconf 88' lang='lat' dir='ltr'><strong><em>B,</em></strong></span> <span class='ocrx_word' id='word_1_209' title='bbox 1110 2273 1225 2316; x_wconf 69' lang='lat' dir='ltr'>item</span> <span class='ocrx_word' id='word_1_210' title='bbox 1255 2273 1329 2316; x_wconf 80' lang='lat' dir='ltr'><strong><em>lac</em></strong></span> <span class='ocrx_word' id='word_1_211' title='bbox 1360 2272 1410 2315; x_wconf 83' lang='lat' dir='ltr'><strong><em>in</em></strong></span> <span class='ocrx_word' id='word_1_212' title='bbox 1440 2274 1476 2316; x_wconf 91' lang='lat' dir='ltr'>P</span> <span class='ocrx_word' id='word_1_213' title='bbox 1597 2278 1622 2316; x_wconf 84' lang='lat'>2</span> <span class='ocrx_word' id='word_1_214' title='bbox 1657 2273 1760 2317; x_wconf 73' lang='grc' dir='ltr'><strong><em>οὔτε</em></strong></span> <span class='ocrx_word' id='word_1_215' title='bbox 1793 2288 1868 2328; x_wconf 84' lang='grc' dir='ltr'><strong><em>με·</em></strong></span> 
     </span>
     <span class='ocr_line' id='line_1_26' title="bbox 192 2331 1868 2407; baseline 0.002 -34"><span class='ocrx_word' id='word_1_216' title='bbox 192 2347 302 2385; x_wconf 82' lang='grc' dir='ltr'><strong><em>τρον</em></strong></span> <span class='ocrx_word' id='word_1_217' title='bbox 327 2331 387 2397; x_wconf 45' lang='grc' dir='ltr'><strong><em>Μ]</em></strong></span> <span class='ocrx_word' id='word_1_218' title='bbox 422 2332 502 2373; x_wconf 83' lang='lat' dir='ltr'><strong><em>sed</em></strong></span> <span class='ocrx_word' id='word_1_219' title='bbox 534 2331 602 2374; x_wconf 78' lang='lat' dir='ltr'><strong><em>ita</em></strong></span> <span class='ocrx_word' id='word_1_220' title='bbox 635 2333 686 2374; x_wconf 69' lang='lat' dir='ltr'><strong><em>ut</em></strong></span> <span class='ocrx_word' id='word_1_221' title='bbox 720 2331 822 2404; x_wconf 57' lang='grc' dir='ltr'><strong><em>ούτε</em></strong></span> <span class='ocrx_word' id='word_1_222' title='bbox 856 2347 909 2386; x_wconf 88' lang='grc' dir='ltr'><strong><em>με</em></strong></span> <span class='ocrx_word' id='word_1_223' title='bbox 941 2334 1106 2388; x_wconf 71' lang='lat' dir='ltr'>postea</span> <span class='ocrx_word' id='word_1_224' title='bbox 1134 2332 1350 2407; x_wconf 66' lang='lat' dir='ltr'>additpm</span> <span class='ocrx_word' id='word_1_225' title='bbox 1374 2331 1464 2399; x_wconf 42' lang='lat' dir='ltr'>sih·</span> <span class='ocrx_word' id='word_1_226' title='bbox 1483 2348 1592 2399; x_wconf 65' lang='lat' dir='ltr'><strong><em>vqov</em></strong></span> <span class='ocrx_word' id='word_1_227' title='bbox 1617 2332 1700 2376; x_wconf 91' lang='lat' dir='ltr'><strong><em>BP</em></strong></span> <span class='ocrx_word' id='word_1_228' title='bbox 1728 2332 1734 2390; x_wconf 88' lang='grc' dir='ltr'>Ι</span> <span class='ocrx_word' id='word_1_229' title='bbox 1763 2332 1868 2406; x_wconf 60' lang='grc' dir='ltr'><strong><em>σχή-</em></strong></span> 
     </span>
     <span class='ocr_line' id='line_1_27' title="bbox 194 2390 1870 2447; baseline 0.002 -16"><span class='ocrx_word' id='word_1_230' title='bbox 194 2405 314 2444; x_wconf 86' lang='grc' dir='ltr'><strong><em>μαυρ</em></strong></span> <span class='ocrx_word' id='word_1_231' title='bbox 349 2404 413 2432; x_wconf 75' lang='lat' dir='ltr'><strong><em>sm</em></strong></span> <span class='ocrx_word' id='word_1_232' title='bbox 446 2390 483 2432; x_wconf 93' lang='lat' dir='ltr'><strong>B</strong></span> <span class='ocrx_word' id='word_1_233' title='bbox 597 2395 621 2432; x_wconf 92' lang='lat'><strong>3</strong></span> <span class='ocrx_word' id='word_1_234' title='bbox 657 2390 846 2447; x_wconf 79' lang='grc' dir='ltr'><strong><em>ἐσχατης</em></strong></span> <span class='ocrx_word' id='word_1_235' title='bbox 877 2391 912 2433; x_wconf 91' lang='grc' dir='ltr'>Ρ</span> <span class='ocrx_word' id='word_1_236' title='bbox 1033 2396 1061 2434; x_wconf 86' lang='grc'>4</span> <span class='ocrx_word' id='word_1_237' title='bbox 1096 2395 1351 2447; x_wconf 86' lang='grc' dir='ltr'><strong><em>Γοργιειοις</em></strong></span> <span class='ocrx_word' id='word_1_238' title='bbox 1382 2391 1621 2436; x_wconf 72' lang='lat' dir='ltr'>Relsklus:</span> <span class='ocrx_word' id='word_1_239' title='bbox 1667 2407 1870 2447; x_wconf 83' lang='grc' dir='ltr'><strong><em>γοργιοις</em></strong></span> 
     </span>
     <span class='ocr_line' id='line_1_28' title="bbox 193 2447 1868 2506; baseline 0.001 -16"><span class='ocrx_word' id='word_1_240' title='bbox 193 2448 331 2491; x_wconf 91' lang='grc' dir='ltr'><strong><em>ΜΒΡ</em></strong></span> <span class='ocrx_word' id='word_1_241' title='bbox 386 2447 609 2504; x_wconf 82' lang='grc' dir='ltr'><strong><em>γοργείοις</em></strong></span> <span class='ocrx_word' id='word_1_242' title='bbox 641 2455 681 2492; x_wconf 99' lang='lat' dir='ltr'><em>A</em></span> <span class='ocrx_word' id='word_1_243' title='bbox 833 2455 857 2492; x_wconf 82' lang='lat'>5</span> <span class='ocrx_word' id='word_1_244' title='bbox 898 2451 1038 2501; x_wconf 85' lang='grc' dir='ltr'><strong><em>πολὺς</em></strong></span> <span class='ocrx_word' id='word_1_245' title='bbox 1078 2451 1102 2494; x_wconf 84' lang='grc' dir='ltr'><strong><em>ὁ</em></strong></span> <span class='ocrx_word' id='word_1_246' title='bbox 1140 2448 1320 2506; x_wconf 82' lang='grc' dir='ltr'><strong><em>τελέτης</em></strong></span> <span class='ocrx_word' id='word_1_247' title='bbox 1357 2451 1553 2494; x_wconf 85' lang='lat' dir='ltr'>Usener:</span> <span class='ocrx_word' id='word_1_248' title='bbox 1600 2448 1868 2494; x_wconf 82' lang='grc' dir='ltr'><strong><em>πολυτέλειά</em></strong></span> 
     </span>
     <span class='ocr_line' id='line_1_29' title="bbox 192 2507 1868 2565; baseline 0.002 -17"><span class='ocrx_word' id='word_1_249' title='bbox 192 2523 261 2556; x_wconf 90' lang='grc' dir='ltr'><strong><em>τις</em></strong></span> <span class='ocrx_word' id='word_1_250' title='bbox 293 2507 430 2549; x_wconf 86' lang='grc' dir='ltr'><strong><em>ΜΒΡ</em></strong></span> <span class='ocrx_word' id='word_1_251' title='bbox 485 2508 627 2557; x_wconf 80' lang='grc' dir='ltr'><strong><em>πολὺς</em></strong></span> <span class='ocrx_word' id='word_1_252' title='bbox 659 2508 682 2551; x_wconf 90' lang='grc' dir='ltr'><strong><em>ὁ</em></strong></span> <span class='ocrx_word' id='word_1_253' title='bbox 715 2508 892 2564; x_wconf 81' lang='grc' dir='ltr'><strong><em>τελετὴς</em></strong></span> <span class='ocrx_word' id='word_1_254' title='bbox 924 2514 966 2552; x_wconf 94' lang='lat' dir='ltr'><em>A</em></span> <span class='ocrx_word' id='word_1_255' title='bbox 1009 2514 1014 2565; x_wconf 89' lang='grc' dir='ltr'>Ι</span> <span class='ocrx_word' id='word_1_256' title='bbox 1054 2509 1175 2554; x_wconf 83' lang='grc' dir='ltr'><strong><em>ἐστιν</em></strong></span> <span class='ocrx_word' id='word_1_257' title='bbox 1209 2509 1258 2554; x_wconf 80' lang='grc' dir='ltr'><strong><em>ἐν</em></strong></span> <span class='ocrx_word' id='word_1_258' title='bbox 1290 2516 1385 2560; x_wconf 88' lang='grc' dir='ltr'><strong><em>τοῖς</em></strong></span> <span class='ocrx_word' id='word_1_259' title='bbox 1417 2514 1495 2553; x_wconf 84' lang='lat' dir='ltr'><strong><em>Av</em></strong></span> <span class='ocrx_word' id='word_1_260' title='bbox 1588 2513 1611 2551; x_wconf 85' lang='lat'><strong>7</strong></span> <span class='ocrx_word' id='word_1_261' title='bbox 1643 2508 1868 2564; x_wconf 84' lang='grc' dir='ltr'><strong><em>πρότερον</em></strong></span> 
     </span>
     <span class='ocr_line' id='line_1_30' title="bbox 194 2561 1868 2625; baseline 0.002 -18"><span class='ocrx_word' id='word_1_262' title='bbox 194 2579 268 2608; x_wconf 90' lang='lat' dir='ltr'><strong><em>om</em></strong></span> <span class='ocrx_word' id='word_1_263' title='bbox 294 2571 334 2608; x_wconf 96' lang='lat' dir='ltr'><em>A</em></span> <span class='ocrx_word' id='word_1_264' title='bbox 426 2571 450 2607; x_wconf 88' lang='grc'><strong>9</strong></span> <span class='ocrx_word' id='word_1_265' title='bbox 478 2566 807 2623; x_wconf 82' lang='grc' dir='ltr'><strong><em>ἐξηλλασμένης</em></strong></span> <span class='ocrx_word' id='word_1_266' title='bbox 830 2568 865 2610; x_wconf 91' lang='grc' dir='ltr'>Ρ</span> <span class='ocrx_word' id='word_1_267' title='bbox 914 2567 1220 2625; x_wconf 81' lang='grc' dir='ltr'><strong><em>ἐξηλασμένης</em></strong></span> <span class='ocrx_word' id='word_1_268' title='bbox 1244 2569 1279 2611; x_wconf 92' lang='grc' dir='ltr'>Β</span> <span class='ocrx_word' id='word_1_269' title='bbox 1368 2573 1420 2611; x_wconf 92' lang='grc'><strong><em>10</em></strong></span> <span class='ocrx_word' id='word_1_270' title='bbox 1444 2561 1472 2625; x_wconf 82' lang='grc' dir='ltr'><em>ἦ</em></span> <span class='ocrx_word' id='word_1_271' title='bbox 1498 2567 1592 2610; x_wconf 81' lang='lat' dir='ltr'><strong><em>add</em></strong></span> <span class='ocrx_word' id='word_1_272' title='bbox 1617 2572 1658 2611; x_wconf 92' lang='lat' dir='ltr'><em>A</em></span> <span class='ocrx_word' id='word_1_273' title='bbox 1686 2570 1690 2624; x_wconf 92' lang='grc' dir='ltr'>Ι</span> <span class='ocrx_word' id='word_1_274' title='bbox 1720 2566 1868 2625; x_wconf 71' lang='grc' dir='ltr'><strong><em>κεχρι-</em></strong></span> 
     </span>
     <span class='ocr_line' id='line_1_31' title="bbox 192 2614 1868 2685; baseline 0.002 -18"><span class='ocrx_word' id='word_1_275' title='bbox 192 2641 268 2667; x_wconf 90' lang='grc' dir='ltr'><strong><em>ται</em></strong></span> <span class='ocrx_word' id='word_1_276' title='bbox 292 2625 327 2666; x_wconf 93' lang='grc' dir='ltr'>Ρ</span> <span class='ocrx_word' id='word_1_277' title='bbox 364 2627 368 2680; x_wconf 91' lang='grc' dir='ltr'>Ι</span> <span class='ocrx_word' id='word_1_278' title='bbox 407 2623 599 2668; x_wconf 83' lang='grc' dir='ltr'><strong><em>Πλάτων</em></strong></span> <span class='ocrx_word' id='word_1_279' title='bbox 632 2632 710 2681; x_wconf 84' lang='grc' dir='ltr'><strong><em>τῆς</em></strong></span> <span class='ocrx_word' id='word_1_280' title='bbox 741 2627 955 2682; x_wconf 83' lang='grc' dir='ltr'><strong><em>τοιαύτης</em></strong></span> <span class='ocrx_word' id='word_1_281' title='bbox 988 2626 1197 2683; x_wconf 84' lang='grc' dir='ltr'><strong><em>φράσεως</em></strong></span> <span class='ocrx_word' id='word_1_282' title='bbox 1229 2632 1270 2671; x_wconf 95' lang='lat' dir='ltr'><em>A</em></span> <span class='ocrx_word' id='word_1_283' title='bbox 1306 2627 1311 2685; x_wconf 95' lang='grc' dir='ltr'>Ι</span> <span class='ocrx_word' id='word_1_284' title='bbox 1346 2627 1404 2682; x_wconf 87' lang='grc' dir='ltr'><strong><em>δὴ</em></strong></span> <span class='ocrx_word' id='word_1_285' title='bbox 1438 2614 1604 2670; x_wconf 73' lang='lat' dir='ltr'><strong>Cobet:</strong></span> <span class='ocrx_word' id='word_1_286' title='bbox 1644 2624 1704 2670; x_wconf 73' lang='grc' dir='ltr'><strong><em>ἂν</em></strong></span> <span class='ocrx_word' id='word_1_287' title='bbox 1729 2627 1868 2670; x_wconf 90' lang='grc' dir='ltr'><strong><em>ΜΒΡ</em></strong></span> 
     </span>
     <span class='ocr_line' id='line_1_32' title="bbox 194 2684 1867 2742; baseline 0.002 -17"><span class='ocrx_word' id='word_1_288' title='bbox 194 2697 269 2726; x_wconf 91' lang='lat' dir='ltr'><strong><em>om</em></strong></span> <span class='ocrx_word' id='word_1_289' title='bbox 294 2688 334 2726; x_wconf 96' lang='lat' dir='ltr'><em>A</em></span> <span class='ocrx_word' id='word_1_290' title='bbox 429 2688 479 2726; x_wconf 70' lang='lat'><strong><em>12</em></strong></span> <span class='ocrx_word' id='word_1_291' title='bbox 513 2684 591 2726; x_wconf 80' lang='grc' dir='ltr'><strong><em>καὶ</em></strong></span> <span class='ocrx_word' id='word_1_292' title='bbox 623 2685 727 2739; x_wconf 84' lang='grc' dir='ltr'><strong><em>περὶ</em></strong></span> <span class='ocrx_word' id='word_1_293' title='bbox 752 2691 830 2727; x_wconf 85' lang='lat' dir='ltr'><strong><em>Av</em></strong></span> <span class='ocrx_word' id='word_1_294' title='bbox 916 2691 970 2728; x_wconf 86' lang='lat'><strong><em>14</em></strong></span> <span class='ocrx_word' id='word_1_295' title='bbox 1003 2686 1356 2742; x_wconf 78' lang='grc' dir='ltr'><strong><em>ἐξενηνεγμένος</em></strong></span> <span class='ocrx_word' id='word_1_296' title='bbox 1380 2685 1415 2728; x_wconf 93' lang='grc' dir='ltr'>Ρ</span> <span class='ocrx_word' id='word_1_297' title='bbox 1455 2685 1808 2741; x_wconf 79' lang='grc' dir='ltr'><strong><em>ἐξενηνεσμὲνος</em></strong></span> <span class='ocrx_word' id='word_1_298' title='bbox 1833 2686 1867 2729; x_wconf 92' lang='grc' dir='ltr'>Β</span> 
     </span>
     <span class='ocr_line' id='line_1_33' title="bbox 314 2742 1868 2803; baseline 0.001 -18"><span class='ocrx_word' id='word_1_299' title='bbox 314 2747 367 2785; x_wconf 79' lang='lat'><strong><em>15</em></strong></span> <span class='ocrx_word' id='word_1_300' title='bbox 393 2742 675 2799; x_wconf 83' lang='grc' dir='ltr'><strong><em>βουλόμενον</em></strong></span> <span class='ocrx_word' id='word_1_301' title='bbox 690 2748 731 2786; x_wconf 97' lang='lat' dir='ltr'><em>A</em></span> <span class='ocrx_word' id='word_1_302' title='bbox 741 2744 835 2799; x_wconf 82' lang='lat' dir='ltr'>(M),</span> <span class='ocrx_word' id='word_1_303' title='bbox 858 2744 1095 2790; x_wconf 78' lang='lat' dir='ltr'>Reiskius:</span> <span class='ocrx_word' id='word_1_304' title='bbox 1119 2744 1397 2803; x_wconf 83' lang='grc' dir='ltr'><strong><em>βουλόμενος</em></strong></span> <span class='ocrx_word' id='word_1_305' title='bbox 1424 2748 1429 2799; x_wconf 80' lang='grc' dir='ltr'>Ι</span> <span class='ocrx_word' id='word_1_306' title='bbox 1457 2743 1514 2787; x_wconf 84' lang='grc' dir='ltr'><strong><em>τὰ</em></strong></span> <span class='ocrx_word' id='word_1_307' title='bbox 1539 2744 1810 2800; x_wconf 74' lang='lat' dir='ltr'><strong>suppeditat</strong></span> <span class='ocrx_word' id='word_1_308' title='bbox 1828 2751 1868 2788; x_wconf 88' lang='lat' dir='ltr'><em>A</em></span> 
     </span>
     <span class='ocr_line' id='line_1_34' title="bbox 314 2798 1748 2860; baseline 0.002 -17"><span class='ocrx_word' id='word_1_309' title='bbox 314 2806 365 2844; x_wconf 88' lang='grc'><strong><em>16</em></strong></span> <span class='ocrx_word' id='word_1_310' title='bbox 399 2798 482 2856; x_wconf 73' lang='grc' dir='ltr'><strong><em>μὲν</em></strong></span> <span class='ocrx_word' id='word_1_311' title='bbox 515 2815 589 2843; x_wconf 90' lang='lat' dir='ltr'><strong><em>om</em></strong></span> <span class='ocrx_word' id='word_1_312' title='bbox 622 2807 662 2844; x_wconf 95' lang='lat' dir='ltr'><em>A</em></span> <span class='ocrx_word' id='word_1_313' title='bbox 764 2807 814 2844; x_wconf 81' lang='lat'><strong><em>17</em></strong></span> <span class='ocrx_word' id='word_1_314' title='bbox 850 2804 991 2846; x_wconf 84' lang='grc' dir='ltr'><strong><em>αὐτοῦ</em></strong></span> <span class='ocrx_word' id='word_1_315' title='bbox 1024 2804 1058 2846; x_wconf 89' lang='grc' dir='ltr'><strong><em>Ρ</em></strong></span> <span class='ocrx_word' id='word_1_316' title='bbox 1098 2806 1104 2860; x_wconf 88' lang='grc' dir='ltr'>Ι</span> <span class='ocrx_word' id='word_1_317' title='bbox 1147 2805 1303 2848; x_wconf 83' lang='grc' dir='ltr'><strong><em>διώκει</em></strong></span> <span class='ocrx_word' id='word_1_318' title='bbox 1334 2803 1369 2846; x_wconf 91' lang='grc' dir='ltr'>Ρ</span> <span class='ocrx_word' id='word_1_319' title='bbox 1470 2808 1522 2846; x_wconf 87' lang='grc'><strong><em>18</em></strong></span> <span class='ocrx_word' id='word_1_320' title='bbox 1556 2803 1687 2860; x_wconf 87' lang='grc' dir='ltr'><strong><em>ἰσχὴν</em></strong></span> <span class='ocrx_word' id='word_1_321' title='bbox 1713 2803 1748 2846; x_wconf 88' lang='grc' dir='ltr'>Β</span> 
     </span>
    </p>
   </div>
   <div class='ocr_carea' id='block_1_3' title="bbox 194 2859 1867 2979">
    <p class='ocr_par' dir='ltr' id='par_1_3' title="bbox 194 2859 1867 2979">
     <span class='ocr_line' id='line_1_35' title="bbox 196 2859 1867 2918; baseline 0.002 -16"><span class='ocrx_word' id='word_1_322' title='bbox 196 2865 249 2903; x_wconf 88' lang='grc'><strong><em>19</em></strong></span> <span class='ocrx_word' id='word_1_323' title='bbox 274 2860 353 2903; x_wconf 79' lang='grc' dir='ltr'><strong><em>καὶ</em></strong></span> <span class='ocrx_word' id='word_1_324' title='bbox 379 2863 486 2903; x_wconf 76' lang='lat' dir='ltr'>ante</span> <span class='ocrx_word' id='word_1_325' title='bbox 513 2861 620 2903; x_wconf 77' lang='grc' dir='ltr'><strong><em>δοκ-</em></strong></span> <span class='ocrx_word' id='word_1_326' title='bbox 646 2875 720 2903; x_wconf 89' lang='lat' dir='ltr'><strong><em>om</em></strong></span> <span class='ocrx_word' id='word_1_327' title='bbox 738 2867 778 2904; x_wconf 96' lang='lat' dir='ltr'><em>A</em></span> <span class='ocrx_word' id='word_1_328' title='bbox 855 2866 910 2903; x_wconf 79' lang='lat'><strong><em>20</em></strong></span> <span class='ocrx_word' id='word_1_329' title='bbox 936 2859 986 2905; x_wconf 75' lang='grc' dir='ltr'><strong><em>δὲ</em></strong></span> <span class='ocrx_word' id='word_1_330' title='bbox 1007 2863 1086 2906; x_wconf 89' lang='lat' dir='ltr'><strong><em>PA</em></strong></span> <span class='ocrx_word' id='word_1_331' title='bbox 1114 2865 1118 2918; x_wconf 84' lang='grc' dir='ltr'>Ι</span> <span class='ocrx_word' id='word_1_332' title='bbox 1148 2861 1399 2918; x_wconf 82' lang='grc' dir='ltr'><strong><em>ἀμωμήτως</em></strong></span> <span class='ocrx_word' id='word_1_333' title='bbox 1418 2862 1558 2905; x_wconf 89' lang='grc' dir='ltr'><strong><em>ΜΒΡ</em></strong></span> <span class='ocrx_word' id='word_1_334' title='bbox 1635 2867 1688 2904; x_wconf 83' lang='grc'><strong><em>21</em></strong></span> <span class='ocrx_word' id='word_1_335' title='bbox 1717 2860 1867 2918; x_wconf 83' lang='grc' dir='ltr'><strong><em>εἰσφέ-</em></strong></span> 
     </span>
     <span class='ocr_line' id='line_1_36' title="bbox 194 2918 1867 2979; baseline 0.002 -17"><span class='ocrx_word' id='word_1_336' title='bbox 194 2934 263 2973; x_wconf 87' lang='grc' dir='ltr'><strong><em>ρει</em></strong></span> <span class='ocrx_word' id='word_1_337' title='bbox 287 2922 321 2964; x_wconf 92' lang='grc' dir='ltr'>Ρ</span> <span class='ocrx_word' id='word_1_338' title='bbox 350 2922 354 2975; x_wconf 91' lang='grc' dir='ltr'>Ι</span> <span class='ocrx_word' id='word_1_339' title='bbox 384 2918 607 2971; x_wconf 77' lang='grc' dir='ltr'><strong><em>καθάπαξ</em></strong></span> <span class='ocrx_word' id='word_1_340' title='bbox 642 2918 668 2975; x_wconf 81' lang='grc' dir='ltr'>ἢ</span> <span class='ocrx_word' id='word_1_341' title='bbox 698 2920 844 2977; x_wconf 81' lang='grc' dir='ltr'><strong><em>βραχύ</em></strong></span> <span class='ocrx_word' id='word_1_342' title='bbox 869 2937 910 2963; x_wconf 91' lang='grc' dir='ltr'><strong><em>τι</em></strong></span> <span class='ocrx_word' id='word_1_343' title='bbox 939 2923 1106 2979; x_wconf 83' lang='grc' dir='ltr'><strong><em>κομιδῇ</em></strong></span> <span class='ocrx_word' id='word_1_344' title='bbox 1131 2922 1290 2965; x_wconf 88' lang='lat' dir='ltr'>MBP:</span> <span class='ocrx_word' id='word_1_345' title='bbox 1324 2919 1350 2976; x_wconf 75' lang='grc' dir='ltr'>ἢ</span> <span class='ocrx_word' id='word_1_346' title='bbox 1384 2922 1551 2977; x_wconf 83' lang='grc' dir='ltr'><strong><em>κομιδῆ</em></strong></span> <span class='ocrx_word' id='word_1_347' title='bbox 1584 2921 1731 2978; x_wconf 83' lang='grc' dir='ltr'><strong><em>βραχύ</em></strong></span> <span class='ocrx_word' id='word_1_348' title='bbox 1759 2937 1801 2965; x_wconf 87' lang='grc' dir='ltr'><strong><em>τι</em></strong></span> <span class='ocrx_word' id='word_1_349' title='bbox 1827 2926 1867 2965; x_wconf 90' lang='grc' dir='ltr'><em>Δ</em></span> 
     </span>
    </p>
   </div>
  </div>
 </body>
</html>
