2004 3202
345 64 348 67 ¹
377 103 524 146 ΠΕΡΙ
553 101 676 146 ΤΩΝ
707 100 1109 145 ΘοΤΚΤΔῙΔοΤ
1140 101 1479 146 mmmmm
1671 101 1782 154 433

104 242 279 294 ναίων
325 237 383 292 ἐκ
429 238 688 300 Σικελίας
740 236 872 306 μετὰ
923 236 1026 304 τὴν
1079 235 1357 304 σύμβασιν
1400 238 1628 300 πολίτας
1672 256 1731 291 τε
1772 235 1779 309 Ι

43 327 501 398 ’3ἐπεγράψαντο
547 326 789 388 πολλοὺς
834 321 926 378 καὶ
972 323 1002 378 ὁ
1043 325 1213 394 δῆμος
1260 323 1472 378 ἐπενόει
1525 326 1627 394 τὴν
1678 333 1785 394 γῆν

106 414 535 470 ἀναδάσασθαι’·
570 413 676 467 ἀπὸ
707 414 812 484 γὰρ
843 421 942 468 τοῦ
972 417 1356 481 πληθυντικοῦ
1388 413 1655 483 ὀνόματος
1684 422 1784 468 τοῦ

55 525 58 528 ·
107 507 457 558 Λεοντῖνοι
490 502 828 573 ἀπέστρεψεν
858 503 958 555 τὸν
988 504 1157 570 λόγον
1181 500 1269 555 ἐπὶ
1301 502 1362 555 τὸ
1396 500 1581 570 ἑνικὸν
1611 505 1786 573 ὄνομα

31 587 41 594 ’Δ
106 594 1854 662 τὸνδῆμον.********************5

220 683 503 752 Πρόσωπα
535 678 597 733 δὲ
627 678 753 750 παρ’
786 679 934 751 αὐτῷ
964 680 1031 732 τὰ
1061 679 1350 748 πράγματα
1380 682 1608 748 γίνεται,
1638 681 1787 732 καθά
1806 683 1878 735 14

103 790 207 842 περ
248 769 309 823 ἐν
346 779 410 841 τῇ
443 771 771 839 Κορινθίων
800 769 938 838 πρὸς
968 766 1442 837 Λακεδαιμονίους
1480 769 1789 840 δημηγορίᾳ

107 858 357 928 γέγονεν·
412 857 581 922 ἀξιῶν
626 859 730 928 γὰρ
778 857 808 910 ὁ
855 859 1165 927 Κορίνθιος
1210 857 1340 919 τοὺς
1386 859 1789 926 προεστηκότας

106 955 203 1016 τῆς
250 948 686 1015 Πελοποννήσου
733 946 1031 1016 φυλάττειν
1078 945 1246 1014 αὐτῆς
1290 946 1352 999 τὸ
1399 943 1608 1015 ἀξίωμα
1651 947 1790 1017 πρὸς

105 1038 205 1099 τὰς
243 1035 342 1100 ἔξω
389 1038 599 1103 πόλεις,
647 1027 770 1089 οἷον
814 1036 963 1105 παρὰ
1013 1043 1124 1087 τῶν
1170 1033 1421 1105 πατέρων
1458 1033 1789 1104 παρέλαβον,
1816 1053 1858 1086 10

109 1132 281 1178 ταῦτα
320 1123 487 1192 λέγει·
527 1124 683 1194 (πρὸς
717 1124 845 1181 τάδε
877 1123 1215 1192 βουλεύεσθε
1254 1119 1334 1192 εὖ,
1372 1121 1463 1176 καὶ
1488 1124 1590 1192 τὴν
1614 1127 1792 1177 Πελο-

17 1257 20 1264 .
109 1215 393 1281 πόννησον
416 1218 686 1283 πειρᾶσθε
711 1212 782 1282 μὴ
809 1210 1058 1265 ἐλάσσον’
1092 1211 1406 1280 ἐξηγεῖσθαι
1429 1211 1462 1281 ἢ
1489 1213 1542 1266 οἱ
1564 1211 1793 1283 πατέρες

107 1302 245 1371 ὑμῖν
267 1301 625 1372 παρέδοσαν’·
656 1301 718 1354 τὸ
750 1302 856 1371 γὰρ
890 1300 1268 1369 ἐξηγεῖσθαι
1300 1308 1407 1354 νῦν
1436 1299 1672 1370 τέθηκεν
1703 1300 1792 1355 ἐπὶ

109 1397 211 1443 τοῦ
234 1391 502 1461 προάγειν
525 1389 625 1454 ἔξω
649 1390 751 1458 τὴν
775 1391 1211 1458 Πελοπόννησον
1234 1389 1576 1460 ἡγουμένους
1604 1389 1793 1459 αὐτῆς·

109 1485 274 1532 τοῦτο
314 1475 375 1531 δὲ
413 1486 477 1548 τῇ
518 1479 668 1549 χώρᾳ
706 1474 808 1547 μὲν
854 1477 1133 1531 ἀδύνατον
1178 1474 1248 1546 ἦν
1287 1481 1588 1548 συμβῆναι,
1626 1486 1691 1549 τῇ
1732 1474 1793 1531 δὲ
1819 1495 1861 1529 15

111 1565 243 1637 δόξῃ
283 1565 374 1620 καὶ
413 1575 528 1629 τοῖς
566 1566 884 1636 πράγμασιν
922 1574 1037 1628 τοῖς
1067 1565 1194 1637 περὶ
1234 1565 1406 1634 αὐτὴν
1444 1566 1794 1636 ὑπάρχουσιν

112 1656 371 1723 δυνατόν,
410 1654 501 1708 καὶ
540 1655 797 1724 βούλεται
835 1662 998 1708 τοῦτο
1040 1655 1261 1723 δηλοῦν.

225 1744 530 1814 Πράγματα
569 1740 631 1796 δὲ
670 1741 793 1796 ἀντὶ
834 1744 1099 1812 σωμάτων
1137 1745 1203 1796 τὰ
1234 1750 1460 1796 τοιαῦτα
1489 1741 1582 1796 ὑπ’
1621 1743 1793 1797 αὐτοῦ

113 1834 347 1900 γίνεται·
403 1830 616 1899 λέγεται
661 1828 723 1884 δὲ
767 1831 876 1884 ὑπὸ
923 1839 1022 1885 τοῦ
1076 1834 1405 1901 Κορινθίων
1453 1835 1794 1901 πρεσβευτοῦ

112 1921 252 1990 πρὸς
297 1920 769 1988 Λακεδαιμονίους
817 1922 1213 1989 συγκρίνοντος
1262 1920 1328 1972 τά
1380 1939 1438 1972 τε
1477 1918 1795 1989 Ἀθηναίων
1819 1940 1868 1972 20

56 2023 113 2063 04
129 2005 219 2059 καὶ
246 2008 721 2076 Λακεδαιμονίων·
762 2008 841 2060 ‘02⁸
870 2007 876 2075 Ι
911 2006 1013 2076 μέν
1044 2028 1104 2076 γε
1139 2007 1527 2078 νεωτεροποιοὶ
1557 2008 1648 2062 καὶ
1682 2009 1796 2062 ε’πι-

115 2103 311 2164 νοῆσαι
352 2094 492 2158 ὀξεῖς
529 2094 618 2149 καὶ
659 2095 963 2150 ἐπιτελέσαι
1002 2098 1142 2168 ἔργῳ
1184 2096 1212 2149 ὃ
1253 2095 1323 2150 ἂν
1361 2106 1590 2164 γνῶσιν·
1640 2098 1796 2167 ὑμεῖς

237 2275 288 2313 11
323 2270 574 2314 Thu0171
699 2276 751 2314 21
786 2271 807 2314 Ι
833 2275 888 2314 70

236 2438 260 2475 2
293 2431 378 2488 τὴν
410 2439 498 2488 γῆν
531 2431 710 2476 ἐπενόει
739 2433 779 2475 Θ
868 2437 896 2476 4
928 2430 1186 2490 ἀπέστρεψε
1212 2447 1239 2477 a
1268 2434 1273 2491 Ι
1302 2433 1449 2490 ὄνομα
1475 2433 1652 2478 deleuit
1683 2434 1797 2478 Her-

117 2491 357 2535 werdenus
401 2494 406 2547 Ι
450 2490 632 2534 hiatum
675 2491 938 2548 Kruegerus
987 2492 1177 2537 detexit.
1240 2492 1579 2537 interciderunt
1624 2493 1795 2549 quibus

116 2549 369 2606 Dionysius
395 2563 515 2605 quae
539 2555 947 2606 p423‚16—424‚5
971 2551 1214 2608 proposuit
1239 2565 1294 2596 ex
1318 2551 1479 2596 ordine
1508 2554 1798 2596 traetauera‘c

231 2615 257 2653 8
282 2608 472 2666 γέγονεν
499 2612 764 2666 suspectum
907 2615 959 2653 11
985 2609 1162 2666 πρὸστὰ
1185 2612 1236 2655 δε
1253 2611 1288 2654 Ρ
1317 2613 1322 2667 Ι
1350 2612 1628 2669 βουλεύεσθε
1659 2611 1794 2656 ΘΟεε

118 2669 425 2727 βουλεύεσθαι
456 2667 529 2711 Pa
711 2673 763 2711 12
809 2664 1042 2728 ἐλάσσον’]
1089 2667 1280 2715 ἔλασσον
1311 2670 1360 2726 P,
1387 2685 1414 2715 a
1464 2670 1650 2715 ἔλαττον
1683 2670 1797 2715 CDs

119 2725 290 2771 ἐλάσσω
327 2729 378 2771 Θ.
433 2726 632 2770 correxit
664 2726 807 2771 etiam
839 2727 1044 2772 Sadaeus
1077 2732 1265 2785 quaesti:
1297 2744 1345 2773 er
1375 2745 1406 2786 p
1434 2734 1515 2774 157
1642 2734 1694 2773 13
1726 2728 1797 2773 τέ·

117 2789 270 2843 θηκεν
295 2786 352 2830 P:
384 2784 597 2830 τέθεικεν
623 2800 650 2829 a
773 2792 826 2831 16
858 2786 1092 2844 πράγμασι
1118 2790 1165 2832 et
1196 2786 1456 2861 ὑπάρχουσι
1481 2803 1509 2832 a
1632 2794 1684 2832 19
1719 2805 1796 2832 κο-

120 2843 309 2900 ρινθίου
343 2845 459 2889 ODs
580 2850 632 2888 21
666 2847 1044 2902 γενεωτεροποιοὶ
1075 2847 1111 2891 Ρ
1233 2853 1286 2891 22
1321 2847 1382 2892 ἀν
1413 2855 1583 2905 γνῶσιν
1609 2847 1797 2892 GCDs:

118 2902 385 2960 ἀνάγνωσιν
417 2904 490 2947 Pa

208 2986 320 3019 Dion.
344 2987 544 3020 Halicarn.
578 2987 620 3019 V.
1477 2984 1531 3022 28
