1958 3192
902 0 913 34 J

897 36 900 52 ι

171 201 243 252 22
594 198 933 241 ΔΙΟΝΤΣῙΟΤ
963 171 1430 239 ΑΛΙΚΑΡΝΑΣΕῼΣ

169 334 343 405 ἔχοιμ’
375 333 444 387 ἂν
475 335 673 387 εἰπεῖν·
705 332 737 401 ἡ
771 333 875 401 γὰρ
909 330 1043 397 αὐτὴ
1068 332 1387 399 προαίρεσίς
1408 349 1464 382 τε
1487 327 1577 381 καὶ
1609 328 1844 397 δύναμις
1876 320 1887 331 “

169 424 230 477 ἐν
283 421 640 493 ἀμφοτέροις,
699 418 838 489 ὑπὲρ
897 415 974 471 ὧν
1021 417 1086 470 οὐ
1132 418 1322 488 καιρὸς
1373 417 1433 470 ἐν
1485 424 1560 489 τῷ
1611 419 1844 486 παρόντι

170 514 501 566 διασκοπεῖν.
582 511 768 574 εἰκάζω
810 505 870 560 δὲ
901 506 1248 576 Ἰφικράτους
1285 502 1427 558 εἶναι
1474 505 1699 568 αὐτούς·
1753 503 1844 557 καὶ

130 603 273 671 Νγάρ
327 602 392 653 τὰ
444 597 675 667 πολέμια
730 597 910 657 δεινὸς
964 595 992 648 ὁ
1047 594 1187 665 ἀνὴρ
1239 593 1330 647 καὶ
1386 594 1445 647 ἐν
1498 596 1684 661 λόγοις
1742 592 1844 646 οὐκ

123 708 145 741 5
170 689 659 758 εὐκαταφρόνητος,
691 686 724 753 ἥ
755 705 811 737 τε
840 682 981 747 λέξις
1006 682 1066 735 ἐν
1090 682 1299 752 ἀμφοῖν
1322 684 1464 736 πολὺ
1489 683 1550 735 τὸ
1576 683 1846 753 φορτικὸν

168 777 258 831 καὶ
284 776 673 847 στρατιωτικὸν
697 775 805 842 ἔχει
829 770 919 824 καὶ
944 771 1044 840 οὐχ
1073 771 1247 834 οὕτως
1272 771 1523 840 ἐμφαίνει
1549 771 1845 842 ῥητορικὴν

169 866 456 935 ἀγχίνοιαν
495 865 567 925 ὡς
607 860 1000 931 στρατιωτικὴν
1038 859 1347 913 αὐθάδειαν
1383 858 1473 912 καὶ
1509 859 1844 924 ἀλαζονείαν.

170 953 286 1007 ἀλλ’
350 950 487 1022 ὑπὲρ
555 948 655 1020 μὲν
722 950 935 1002 τούτων
1005 946 1235 1018 ἑτέρωθι
1304 949 1683 1016 δηλωθήσεται
1753 949 1845 1001 διὰ

170 1045 456 1095 πλειόνων.

86 1134 153 1186 13
281 1128 499 1182 ἀνιτέον
531 1127 607 1195 δέ,
649 1128 785 1180 ὅθεν
818 1125 1075 1195 ἐξέβημεν
1107 1127 1183 1188 εἰς
1214 1132 1400 1193 ταῦτα,
1441 1125 1524 1178 ὅτι
1555 1125 1846 1195 κράτιστόν

106 1239 143 1268 11
172 1218 283 1271 ἐστι
336 1227 446 1270 τῶν
501 1219 716 1269 Λυσίου
774 1217 952 1286 ἔργων
1011 1213 1101 1267 καὶ
1155 1214 1701 1284 χαρακτηρικώτατον
1752 1220 1847 1281 τῆς

170 1307 451 1375 δυνάμεως
503 1305 536 1373 ἡ
591 1304 874 1373 κοσμοῦσά
925 1322 983 1355 τε
1036 1301 1126 1355 καὶ
1181 1302 1485 1366 ἀνθίζουσα
1544 1302 1645 1369 τὴν
1698 1300 1847 1364 λέξιν

169 1394 341 1448 αὐτοῦ
380 1395 558 1464 χάρις,
609 1393 678 1460 ἣν
719 1390 846 1445 οὔθ’
886 1391 1251 1462 ὑπερεβάλετο
1289 1400 1400 1443 τῶν
1447 1388 1847 1459 ἐπιγινομένων

171 1481 361 1544 οὐθεὶς
401 1483 525 1534 οὔτε
558 1482 634 1543 εἰς
666 1482 838 1551 ἄκρον
870 1480 1179 1549 ἐμιμήσατο.
1240 1477 1331 1531 καὶ
1363 1480 1428 1531 τὰ
1459 1475 1559 1547 μὲν
1588 1476 1714 1548 περὶ
1746 1478 1847 1545 τὴν

106 1590 146 1621 15
172 1569 463 1641 ἑρμηνείαν
502 1569 686 1637 ἀγαθὰ
732 1577 831 1622 τοῦ
879 1569 1109 1639 ῥήτορος
1154 1575 1349 1620 ταῦτα·
1397 1563 1843 1637 συγκεφαλαιώ-Ι

172 1673 333 1727 σομαι
373 1659 475 1727 γὰρ
516 1659 581 1710 τὰ
621 1656 887 1727 ῥηθέντα·
927 1658 987 1710 τὸ
1027 1656 1278 1726 καθαρὸν
1307 1664 1418 1708 τῶν
1450 1655 1752 1724 ὀνομάτων,
1789 1654 1823 1723 ἡ
1848 1667 1956 1709 4821

171 1745 418 1815 ἀκρίβεια
462 1753 557 1813 τῆς
601 1745 913 1820 διαλέκτου,
966 1746 1027 1798 τὸ
1076 1746 1168 1797 διὰ
1216 1753 1328 1797 τῶν
1379 1747 1590 1814 κυρίων
1633 1742 1725 1796 καὶ
1770 1744 1843 1812 μὴ

171 1843 445 1903 τροπικῶν
468 1844 815 1887 κατασκευῶν
841 1833 1095 1904 ἐκφέρειν
1117 1834 1184 1886 τὰ
1208 1827 1469 1902 νοήματα,
1494 1832 1531 1900 ἡ
1559 1834 1847 1901 σαφήνεια,

171 1921 203 1988 ἡ
252 1925 540 1990 συντομία,
594 1924 654 1975 τὸ
703 1922 1033 1993 συστρέφειν
1078 1941 1135 1974 τε
1184 1919 1275 1974 καὶ
1322 1923 1734 1991 στρογγυλίζειν
1781 1921 1847 1973 τὰ

106 2030 149 2063 20
172 2011 438 2078 νοήματα,
489 2011 549 2063 τὸ
589 2011 694 2063 ὑπὸ
735 2012 829 2073 τὰς
875 2012 1161 2078 αἰσθήσεις
1208 2010 1363 2076 ἄγειν
1407 2010 1473 2061 τὰ
1519 2009 1847 2078 δηλούμενα,

172 2099 232 2150 τὸ
280 2095 451 2167 μηδὲν
505 2100 718 2167 ἄψυχον
771 2100 1143 2152 ὑποτίθεσθαι
1193 2100 1491 2167 πρόσωπον
1536 2094 1672 2166 μηδὲ
1718 2096 1847 2165 ἀνη-

170 2190 492 2254 θοποίητον,
532 2186 563 2254 ἡ
605 2194 698 2254 τῆς
738 2186 1053 2249 συνθέσεως
1090 2196 1201 2239 τῶν
1240 2186 1526 2255 ὀνομάτων
1555 2185 1728 2253 ἡδονὴ
1760 2205 1847 2254 μι-

294 2350 314 2387 1
348 2347 455 2400 posss
487 2345 632 2388 εἰπεῖν
666 2344 704 2388 G
750 2346 914 2390 inserit
951 2346 978 2402 ἡ
1020 2344 1107 2402 γὰρ
1150 2345 1335 2401 αὐτὴ-
1278 2342 1651 2400 -ἀμφοτέροις,
1700 2343 1846 2388 εἰπεῖν

175 2402 235 2447 ἀν
291 2402 437 2476 ἔχοιμι
496 2407 678 2454 πολλοῖς
736 2420 859 2460 τεκμ.
915 2403 983 2449 ὅτι
1047 2403 1150 2455 ἑνός
1210 2404 1324 2448 εἰσιν
1385 2401 1640 2459 ἀμφότεροι
1693 2405 1784 2446 κτλ.
1837 2403 1842 2460 Ι

176 2460 305 2519 ἔχομ’
352 2463 536 2505 desecto
576 2480 591 2505 ι
636 2463 669 2505 F
720 2465 725 2518 Ι
777 2463 921 2507 εἰπεῖν
968 2463 1018 2506 in
1063 2463 1305 2508 δεικνύναι
1350 2464 1504 2506 murat,
1549 2461 1730 2518 Krfiger

178 2527 203 2563 3
236 2528 423 2564 σκοπεῖν
456 2520 533 2564 Gv
652 2527 679 2564 4
712 2522 735 2565 ὁ
767 2522 906 2580 ἀνὴρ]
938 2523 1056 2579 ἀνὴρ
1082 2523 1116 2566 F
1147 2522 1241 2566 fort
1271 2520 1390 2578 ἀνὴρ
1495 2525 1519 2564 7
1551 2521 1847 2576 ὡστρατιωτι-

174 2580 263 2635 κὴν
300 2579 334 2622 F
472 2585 525 2622 10
572 2579 641 2623 ὅτι
686 2580 884 2624 Usener:
937 2582 987 2625 τὸ
1040 2582 1152 2638 (add
1197 2581 1271 2637 Fl)
1410 2585 1461 2623 11
1517 2579 1617 2637 καὶ]
1669 2579 1750 2624 καὶ
1794 2579 1846 2622 τὸ

175 2639 252 2682 Gv
302 2638 308 2695 Ι
365 2639 816 2695 χαρακτηρικώτερον
864 2640 1008 2682 ΜΡΒ
1069 2639 1604 2710 χαρακτηριστικώτατον
1651 2653 1680 2682 v
1740 2639 1850 2694 post

174 2697 276 2741 Rob
310 2696 596 2753 Stephanum
620 2696 658 2740 G
765 2702 817 2739 13
850 2698 1180 2763 ὑπερεβάλλετο
1212 2697 1252 2742 G
1279 2700 1285 2754 Ι
1314 2695 1653 2754 ἐπιγενομένων
1680 2712 1709 2740 v
1739 2698 1850 2752 post.

174 2756 216 2799 H
241 2755 527 2811 Stephanum
551 2755 590 2798 G
621 2755 734 2798 item
758 2756 793 2798 P
825 2756 987 2800 addito
1014 2775 1029 2800 ι
1060 2771 1196 2814 super
1227 2772 1248 2801 ε
1353 2762 1406 2800 15
1439 2755 1847 2812 συγκεφαλαιώσω-

174 2831 257 2870 μαι
288 2814 323 2857 F
445 2820 500 2857 20
543 2814 799 2872 βουλόμενα
838 2814 872 2856 F
920 2816 1001 2858 sed
1047 2817 1309 2872 δηλούμενα
1356 2829 1495 2871 Supra
1538 2814 1632 2858 add
1670 2813 1730 2856 F’¹

176 2879 228 2917 )1
263 2870 439 2946 μηδένα
471 2874 519 2916 Μ
546 2875 552 2931 1
580 2873 784 2930 άψυχον]
818 2873 993 2917 ἄτοπον
1025 2875 1115 2918 edd
1148 2877 1258 2918 ante
1288 2873 1567 2918 Holwellum
1686 2877 1739 2915 22
1774 2889 1846 2927 μι-

175 2931 406 2988 μουμένης
421 2932 614 2976 Usener:
641 2930 895 2987 μιμουμένη
914 2931 1035 2976 libri.
1083 2934 1208 2988 quod
1226 2932 1266 2977 si
1282 2947 1443 2977 uerum
1460 2934 1595 2987 esset,
1616 2928 1846 2988 ἠθοποιία

175 3006 258 3047 pro
290 2991 437 3048 ἡδονὴ
472 2990 718 3034 dicendum
749 2993 850 3034 erat
882 2990 930 3033 ef
955 3005 985 3046 p
1015 2997 1080 3046 15,
1106 2995 1145 3035 8.
1181 2997 1304 3047 21sq
