2004 3202
157 107 266 161 200
565 91 921 152 '‘AIONT210T
951 108 1418 150 ΑΛΙΚΑΡΝΑΣΕΩΣ

154 250 251 311 τῆς
284 241 370 312 ἐφ’
397 240 641 305 ἑκάστοις
671 251 782 295 τῶν
804 239 1201 311 πεπραγμένων
1223 240 1314 295 καὶ
1342 241 1555 316 ε’μαυτςό
1586 241 1771 316 μεΙτεῖ-
1804 258 1918 299 1055
1988 277 1991 317 3

155 334 253 385 ναί
294 352 448 400 φημι.
517 327 677 392 οὗτος
724 327 785 382 δὲ
833 329 860 382 ὁ
909 338 1018 381 τῶν
1058 329 1203 382 ὅλων
1245 341 1563 401 κατηγορῶν
1610 330 1700 385 καὶ
1746 353 1830 386 κε-

155 421 334 474 λεύων
363 421 504 489 ὑμᾶς
537 417 654 488 ἐμοὶ
690 426 895 488 πικρῶς
928 419 1073 486 ἔχειν
1104 419 1176 480 ὡς
1208 421 1400 487 φόβων
1430 418 1520 472 καὶ
1551 421 1832 474 κινδύνων

156 510 311 580 αἰτίῳ
357 517 420 578 τῇ
467 510 622 560 πόλει
661 513 754 573 τῆς
801 502 901 574 μὲν
929 507 1017 568 Αεἰς
1055 506 1116 558 τὸ
1155 507 1334 576 παρὸν
1371 514 1528 576 τιμῆς
1569 505 1659 578 ἐμὲ
1699 508 1832 563 ἀπο-

110 615 132 647 5
157 604 410 668 στερῆσαι
450 598 707 664 γλίχεται,
746 595 813 646 τὰ
853 592 900 645 δ’
934 595 1010 656 εἰς
1049 595 1262 647 ἅπαντα
1300 596 1397 648 τὸν
1430 599 1635 666 χρόνον
1668 596 1831 665 ἐγκώ-

154 706 250 755 μια
287 685 444 755 ὑμῶν
475 685 802 754 ἀφαιρεῖται.
864 683 912 735 εἰ
950 684 1054 753 γὰρ
1092 684 1164 746 ὡς
1195 683 1262 736 οὐ
1301 686 1366 737 τὰ
1405 683 1656 753 βέλτιστα
1697 686 1829 754 ἐμοῦ

153 772 619 842 πολιτευσαμένου
656 776 1119 840 καταψηφιεῖσθε,
1167 773 1590 843 διημαρτηκέναι
1630 774 1829 844 δόξετε,

155 862 222 915 οὐ
268 871 331 932 τῇ
379 869 471 929 τῆς
517 862 682 929 τύχης
736 859 1101 930 ἀγνωμοσύνῃ
1156 862 1223 913 τὰ
1276 861 1559 931 συμβάντα
1611 868 1829 916 παθεῖν.

154 950 271 1004 ἀλλ’
304 950 403 1003 οὐκ
442 952 608 1018 ἔστιν,
649 949 794 1011 ὅπως
832 948 1118 1019 ἡμάρτετε,
1159 950 1357 1020 ἄνδρες
1387 948 1694 1019 Ἀθηναῖοι,
1733 952 1831 1003 τὸν

87 1057 131 1089 10
154 1036 291 1109 ὑπὲρ
331 1045 425 1106 τῆς
465 1037 722 1090 ἁπάντων
763 1035 1082 1107 ἐλευθερίας
1119 1035 1211 1089 καὶ
1251 1040 1520 1107 σωτηρίας
1564 1039 1831 1092 κίνδυνον

153 1128 414 1198 ἀράμενοι
447 1125 513 1178 οὐ
549 1127 623 1194 μά
654 1127 783 1187 τοὺς
815 1124 876 1178 ἐν
899 1128 1218 1195 Μαραθῶνι
1256 1127 1831 1196 προκινδυνεύσαντας

151 1225 262 1268 τῶν
298 1217 591 1285 προγόνων
624 1213 715 1266 καὶ
755 1215 884 1276 τοὺς
925 1213 984 1266 ἐν
1009 1217 1314 1277 Πλαταιαῖς
1351 1214 1832 1286 παραταξαμένους
1968 1231 1998 1290 ’ἰ

149 1302 241 1357 καὶ
293 1305 423 1365 τοὺς
474 1302 534 1355 ἐν
573 1306 850 1371 Σαλαμῖνι
903 1304 1359 1371 ναυμαχήσαντας
1411 1302 1502 1356 καὶ
1555 1306 1684 1367 τοὺς
1739 1303 1822 1357 ἐπ’

143 1390 462 1463 Ἀρτεμισίῳ
493 1389 584 1443 καὶ
623 1393 864 1453 πολλοὺς
897 1389 1116 1461 ἑτέρους
1147 1393 1278 1454 τοὺς
1310 1391 1370 1444 ἐν
1399 1401 1514 1455 τοῖς
1546 1394 1831 1462 δημοσίοις
1980 1392 1996 1446 fx

83 1496 127 1528 15
151 1483 391 1550 μνήμασι
458 1479 742 1548 κειμένους
810 1479 1059 1547 ἀγαθοὺς
1123 1481 1352 1550 ἄνδρας,
1422 1480 1519 1543 οὓς
1588 1482 1830 1543 ἅπαντας
1992 1470 1994 1476 ’

151 1569 351 1638 ὁμοίως
399 1568 432 1636 ἡ
483 1571 641 1630 πόλις
694 1574 788 1635 τῆς
843 1567 1009 1635 αὐτῆς
1062 1567 1336 1631 ἀξιώσασα
1389 1576 1547 1637 τιμῆς
1601 1571 1828 1638 ἔθαψεν,

151 1659 412 1726 Αἰσχίνη,
460 1654 583 1724 οὐχὶ
622 1658 750 1718 τοὺς
787 1657 1158 1726 κρατήσαντας
1197 1656 1379 1709 αὐτῶν
1422 1657 1426 1725 Ι
1471 1654 1603 1710 οὐδὲ
1641 1659 1769 1719 τοὺς
1803 1671 1916 1711 1056
1991 1662 1998 1748 Ι

150 1746 609 1815 κατορθώσαντας
648 1746 875 1813 μόνους,
925 1746 1161 1807 δικαίως.
1239 1744 1267 1797 ὃ
1307 1742 1408 1814 μὲν
1447 1747 1551 1815 γὰρ
1592 1741 1661 1814 ἧν
1701 1745 1830 1813 ἀγα-

150 1839 275 1886 θῶν
306 1833 528 1902 ἀνδρῶν
563 1834 744 1902 ἔργον,
785 1834 952 1885 ἅπασι
990 1831 1317 1903 πέπρακται,
1357 1842 1420 1904 τῇ
1461 1835 1596 1905 τύχῃ
1638 1833 1721 1903 δέ,
1761 1835 1831 1903 ἣν

85 1937 129 1968 20
153 1921 181 1974 ὁ
222 1922 433 1990 δαίμων
472 1923 685 1990 ἔνειμεν
725 1921 991 1989 ἑκάστοις,
1031 1923 1200 1992 ταύτῃ
1239 1921 1564 1993 κέχρηνταιῖ

64 2010 133 2062 32
265 2010 454 2071 οὐθείς
495 2009 660 2077 ἐστιν,
708 2009 767 2071 ὃς
806 2010 905 2078 οὐχ
953 2009 1361 2079 ὁμολογήσειεν,
1410 2012 1457 2064 εἰ
1503 2014 1677 2080 μόνον
1716 2014 1830 2082 ἔχοι

152 2100 378 2167 μετρίαν
418 2103 681 2166 αἴσθησιν
717 2097 842 2168 περὶ
882 2100 1082 2166 λόγους
1127 2097 1217 2151 καὶ
1264 2101 1396 2168 μήτε
1434 2100 1706 2168 βάσκανος
1745 2106 1827 2169 εἴη

153 2189 284 2254 μήτε
317 2187 536 2256 δύσερίς
568 2206 666 2254 τις,
703 2187 945 2258 τοσούτῳ
980 2186 1267 2258 διαφέρειν
1297 2188 1398 2256 τὴν
1429 2187 1628 2259 ἀρτίως
1657 2207 1828 2260 παρα-

270 2379 294 2417 2
329 2374 352 2418 ὁ
386 2389 460 2417 om
490 2375 530 2418 D
565 2375 754 2419 seclusit
785 2391 814 2419 v
933 2381 959 2419 4
999 2373 1287 2436 γεγενημένῳ
1318 2379 1426 2433 post
1464 2377 1593 2422 πόλει
1632 2377 1767 2421 addit
1798 2393 1827 2420 v

271 2438 295 2475 5
327 2432 385 2476 τὰ
417 2431 467 2476 δὲ
500 2434 537 2476 Β
573 2436 578 2490 Ι
612 2435 693 2478 τὸν
725 2435 889 2479 λοιπὸν
920 2434 1090 2492 χρόνον
1114 2435 1194 2478 DV
1228 2436 1234 2494 Ι
1275 2434 1470 2491 ἐςκώμια
1494 2437 1531 2479 Β
1638 2442 1662 2479 7
1694 2436 1828 2480 τουδὶ

150 2494 258 2546 post
297 2490 683 2547 πολιτευσαμένου
724 2494 818 2536 add
856 2494 936 2538 Dv
978 2495 983 2550 Ι
1036 2497 1458 2551 κατειψηφιεισθοῦ
1489 2495 1527 2537 Β
1570 2495 1576 2551 Ι
1624 2495 1826 2551 ἡμαρτη-

151 2547 285 2594 κέναι
309 2550 348 2592 D
442 2555 466 2593 9
501 2553 584 2594 οὐκ
619 2550 707 2594 ἔστ’
731 2554 815 2596 οὐκ
850 2552 969 2597 ἔστιν
993 2553 1032 2596 D
1062 2555 1067 2610 Ι
1097 2553 1142 2596 οἱ
1171 2553 1253 2598 τὸν
1276 2553 1351 2596 Pv
1442 2558 1496 2596 12
1528 2553 1608 2597 καὶ
1638 2554 1744 2604 τοὺς
1775 2553 1826 2597 ἐν

154 2610 411 2659 Πλαταιαῖς
448 2608 863 2665 παραταξαμένους
895 2625 971 2654 om
1001 2611 1038 2654 B
1177 2616 1231 2654 14
1269 2612 1439 2662 πολοὺς
1468 2612 1505 2654 Β
1636 2617 1688 2655 17
1720 2613 1827 2662 τοὺς

150 2668 543 2722 κατορθώσαντας
574 2669 726 2712 αὐτῶν
759 2668 867 2713 οὐδὲ
899 2671 1005 2721 τοὺς
1036 2670 1352 2726 κρατήσαντας
1382 2670 1422 2712 D
1527 2675 1581 2714 18
1613 2669 1826 2721 δικαίους

150 2726 187 2769 Ρ
223 2727 228 2782 Ι
267 2724 291 2769 ὃ
323 2726 390 2770 M:
434 2727 487 2770 οὐ
519 2727 602 2769 ΒΡ
695 2732 748 2770 19
781 2728 967 2783 ἀνδρῶν
998 2730 1196 2785 ἀγαθῶν
1227 2729 1267 2772 D
1311 2731 1316 2786 Ι
1357 2726 1591 2773 πέπακται
1620 2729 1657 2771 Β
1697 2731 1702 2786 Ι
1744 2729 1824 2807 ἣνᾎ
1988 2759 1989 2780 ;

151 2780 209 2841 ἦν
241 2784 290 2827 Μ
342 2784 372 2841 ἥ
403 2785 486 2827 ΒΡ
600 2790 654 2828 22
684 2785 857 2843 Ιλόγους
889 2787 1183 2844 Sylburgius:
1223 2787 1360 2844 λόγου
1403 2789 1409 2844 Ι
1452 2786 1521 2844 εἴη
1554 2787 1753 2845 Krfiger:
1793 2808 1822 2849 ῃ
1986 2794 1991 2854 Ι

269 2847 325 2886 23
351 2841 538 2898 δύσυρίς
555 2844 629 2886 ΒΡ
658 2845 663 2900 Ι
691 2860 757 2894 τις
781 2845 874 2888 fort
900 2846 1147 2890 delendum
1172 2848 1243 2891 est
1261 2843 1793 2905 (vt6oi'2voe=voo·oz5‡oe?)
1814 2850 1820 2909 Ι
1987 2874 1989 2904 3

149 2902 349 2948 τοσούτω
380 2902 470 2947 M²=
505 2901 621 2946 οὕτω
653 2903 814 2946 M¹BP
1986 2905 1991 2930 Ι
