1958 3192
816 142 1153 186 -ΧῙΠἫ

19 276 44 357 ς,
146 278 508 348 Hieronymus
547 277 735 331 Vitelli
778 277 1118 331 Florentinus
1158 277 1363 348 relegit.
1439 278 1520 330 uti
1558 282 1828 347 praeterea

147 369 224 421 eis
261 367 414 420 licuit
454 385 588 436 quae
626 367 933 420 Leonardus
972 365 1205 420 Sadaeus
1253 367 1316 419 de
1363 366 1558 419 codicis
1606 367 1672 418 ab
1712 367 1827 435 ipso

147 459 389 509 accurate
435 455 634 508 conlati
680 455 907 508 lectione
953 455 1008 508 in
1055 454 1469 518 Quaestionibus
1515 455 1714 508 criticis
1766 455 1828 507 de

36 572 37 578 =
147 545 393 613 Dionysii
443 543 563 596 Hal.
618 545 832 612 scriptis
886 543 1166 597 rhetoricis
1212 542 1560 613 Argentorati
1615 562 1658 595 a.
1698 543 1749 596 h.
1790 562 1829 595 s,

16 644 41 707 *s
146 631 429 686 LXXVIII
479 633 635 685 editis
685 631 987 703 (Dissertat.
1032 631 1570 702 Argentoratensium
1618 636 1655 684 t.
1687 630 1742 684 II
1779 651 1829 701 p.

22 714 37 755 '⁴
149 722 218 775 89
245 720 384 793 sqq.)
425 722 649 774 rettulit.
725 770 731 778 .

257 809 340 863 HI
378 810 617 863 Tertium
656 810 926 880 exemplar
963 829 1102 863 nunc
1142 810 1474 879 deperditum
1512 809 1642 862 haec
1682 810 1830 878 quin-

149 919 251 970 que
312 899 549 968 Dionysii
611 900 808 968 scripta
861 899 1109 952 tradidit:
1251 914 1272 951 1
1312 899 1375 952 de
1430 899 1663 967 antiquis
1719 917 1830 951 ora-

149 989 357 1041 toribus
395 991 602 1040 tomum
648 988 880 1056 priorem
919 988 1187 1058 integrum
1230 988 1293 1040 ie.
1332 987 1713 1056 praefationem
1755 991 1832 1039 to-

150 1078 258 1130 tius
298 1077 473 1145 operis
513 1080 566 1128 et
603 1077 798 1129 iudicia
845 1077 907 1129 de
946 1076 1108 1145 Lysia
1146 1075 1380 1129 Isocrate
1418 1074 1568 1129 Isaeo
1645 1091 1687 1128 11
1727 1077 1833 1145 epi-

151 1165 346 1218 stulam
401 1165 467 1217 ad
519 1164 835 1233 Pompeium
957 1180 1022 1217 111
1082 1165 1337 1217 iudicium
1399 1165 1463 1216 de
1524 1164 1832 1234 Thucydide

154 1269 214 1306 lv
253 1253 692 1306 commentarium
733 1254 795 1305 de
835 1253 1211 1306 Demosthenis
1252 1253 1484 1306 dictione
1559 1269 1598 1306 V
1637 1254 1833 1322 epistu-

150 1342 258 1394 lam
298 1342 364 1394 ad
393 1340 711 1394 Ammaeum
751 1345 936 1395 contra
974 1361 1064 1395 eos
1105 1343 1358 1411 scriptam
1398 1343 1490 1411 qui
1520 1342 1833 1395 Demosthe-

153 1431 238 1484 nis
275 1431 656 1500 praestantiam
707 1450 772 1483 ex
810 1430 1118 1483 Aristotelis
1166 1435 1278 1484 arte
1324 1431 1590 1484 rhetorica
1635 1434 1833 1499 repete-

150 1520 293 1572 bant.
370 1519 529 1572 unius
566 1519 727 1572 huius
767 1519 996 1588 exempli
1034 1520 1225 1573 merito
1265 1521 1444 1573 euenit
1482 1523 1542 1572 ut
1581 1523 1835 1589 quattuor

153 1609 246 1661 illa
270 1608 524 1677 opuscula
557 1627 691 1677 quae
714 1609 948 1677 primum
981 1608 1253 1677 excipiunt
1278 1609 1343 1660 ad
1366 1612 1611 1660 nostrum
1643 1626 1833 1660 aeuum

150 1700 574 1767 propagarentur
612 1701 664 1749 et
704 1697 878 1766 operis
917 1697 979 1750 de
1019 1698 1254 1766 antiquis
1288 1698 1589 1750 oratoribus
1621 1697 1835 1749 initium

151 1786 357 1855 pridem
390 1804 455 1838 ex
488 1786 666 1838 codice
698 1786 1054 1839 Laurentiano
1088 1786 1374 1855 abruptum
1407 1785 1479 1856 (p.
1513 1787 1562 1855 3,
1589 1786 1747 1854 1—7,
1767 1786 1834 1837 12

154 1874 315 1926 huius
354 1873 626 1945 editionis)
679 1878 994 1927 seruaretur.
1086 1894 1246 1944 quam
1294 1875 1537 1945 syllogen
1584 1875 1676 1944 qui
1716 1893 1835 1927 con-

154 1963 336 2032 posuit
391 1963 503 2015 siue
556 1963 738 2016 rhetor
792 1964 905 2016 siue
960 1965 1339 2033 grammaticus
1386 1964 1503 2016 aeui
1552 1963 1836 2032 Byzantini

155 2052 379 2104 alterum
421 2052 595 2120 operis
635 2052 698 2104 de
739 2052 972 2121 antiquis
1013 2053 1315 2104 oratoribus
1347 2056 1553 2105 tomum
1593 2053 1698 2104 iam
1731 2070 1838 2104 non

154 2143 323 2208 norat,
363 2140 455 2208 qui
495 2140 704 2193 saeculo
745 2141 948 2210 quint0‚
987 2145 1048 2193 ut
1088 2140 1345 2209 Syrianus
1386 2160 1573 2194 comm.
1613 2142 1668 2193 in
1706 2139 1836 2193 Her-

155 2246 434 2298 mogenem
473 2232 510 2281 t.
542 2228 568 2280 I
607 2248 656 2298 p.
690 2229 776 2298 90,
803 2229 870 2281 13
910 2229 977 2281 H.
1017 2228 1185 2282 Rabei
1224 2230 1378 2282 testis
1429 2233 1510 2282 est
1534 2270 1548 2298 ,
1602 2229 1836 2282 nondum

158 2318 462 2370 decurtatus
496 2321 623 2370 erat.
684 2337 807 2370 nam
840 2317 1074 2387 Tzetzae,
1114 2319 1255 2387 quod
1286 2338 1351 2371 ex
1391 2319 1662 2388 deperdita
1701 2335 1838 2370 com-

156 2405 500 2458 mentationis
548 2406 611 2458 de
657 2406 1017 2459 Demosthene
1069 2411 1220 2475 parte
1273 2407 1563 2460 frustulum
1619 2405 1691 2477 (p.
1732 2406 1838 2459 253

158 2494 222 2546 fr.
258 2492 312 2564 1)
354 2494 605 2562 seruauit,
643 2495 948 2547 cauebimus
988 2514 1053 2548 ne
1093 2496 1360 2566 integrum
1402 2514 1534 2564 opus
1567 2496 1688 2548 ante
1722 2514 1839 2548 ocu-

157 2582 239 2634 los
277 2582 514 2650 positum
553 2583 719 2635 fuisse
758 2583 1073 2653 iudicemus3
1126 2603 1294 2653 pauca
1344 2588 1521 2637 autem
1567 2584 1660 2636 illa
1707 2602 1839 2653 quae

160 2689 224 2722 ex
264 2689 325 2722 ea
362 2674 512 2738 parte
552 2690 685 2740 quae
726 2672 787 2723 de
827 2671 1090 2725 Aeschine
1142 2674 1340 2741 scripta
1386 2677 1499 2725 erat
1545 2673 1599 2724 in
1640 2672 1841 2724 scholia

159 2757 456 2811 Aeschinea
495 2759 754 2811 translata
800 2763 924 2812 sunt
970 2762 1245 2829 probabile
1285 2765 1365 2813 est
1412 2762 1499 2813 uel
1538 2765 1657 2813 ante
1699 2761 1839 2828 Syri-

161 2847 249 2899 ani
287 2850 515 2900 aetatem
556 2867 585 2899 a
623 2847 833 2900 rhetore
874 2849 1028 2902 docto
1077 2854 1323 2918 excerpta
1370 2868 1496 2902 esse.
1574 2868 1634 2901 eo
1675 2850 1841 2919 igitur

161 2938 399 3003 tempore
439 2954 543 3004 quo
581 2936 712 2988 haec
751 2937 956 3007 sylloge
997 2939 1271 3006 conposita
1311 2941 1404 3005 est,
1452 2937 1668 2989 alterius
1708 2937 1841 2988 tomi
