2004 3202
194 132 301 184 268
617 133 955 176 ΔΙΟΝΥΣΙΟΤ
985 133 1454 174 ΑΜΚΑΡΝΑΣΕῼΣ

195 267 365 320 αὐτὸν
403 270 606 337 χρόνον
638 264 954 320 Χαλκιδέων
991 275 1102 318 τῶν
1141 264 1228 318 ἐπὶ
1264 263 1480 336 Θρᾴκης
1517 265 1871 336 θλιβομένων

194 362 270 427 τῷ
314 355 531 428 πολέμῳ
577 354 667 408 καὶ
711 353 1204 425 πρεσβευσαμένων
1242 352 1506 422 Ἀθήναζε
1548 355 1870 424 Χαρίδημον

196 445 382 507 αὐτοῖς
413 447 659 514 ἔπεμψαν
691 445 744 496 οἱ
766 442 1055 511 Ἀθηναῖοι
1085 443 1183 494 τὸν
1215 441 1275 494 ἐν
1299 441 1678 514 Ἑλλησπόντῳ
1709 457 1870 513 στρα-

194 535 383 601 τηγόν·
438 533 498 595 ὃς
552 535 691 601 ἔχων
737 531 1103 583 ὀκτωκαίδεκα
1147 532 1388 600 τριήρεις
1432 530 1523 583 καὶ
1569 533 1872 594 πελταστὰς

153 637 174 671 5
196 622 675 691 τετρακισχιλίους,
709 620 887 680 ἱππεῖς
918 615 979 670 δὲ
1009 620 1347 687 πεντήκοντα
1367 617 1458 671 καὶ
1484 617 1675 672 ἑκατὸν
1698 617 1875 688 ἦλθεν

197 710 274 771 εἰς
305 711 405 777 τήν
436 729 492 762 τε
517 709 818 776 Παλλήνην
847 705 938 777 καὶ
969 707 1071 775 τὴν
1094 710 1389 760 Βοττιαίαν
1419 706 1530 776 μετ’
1562 706 1874 762 Ὀλυνθίων

195 796 286 850 καὶ
339 798 440 865 τὴν
485 798 669 867 χώραν
716 796 1059 866 ἐπόρθησεν.’
1144 794 1317 848 ἔπειθ’
1363 793 1501 865 ὑπὲρ
1549 804 1643 864 τῆς
1689 799 1875 867 τρίτης

198 888 502 955 συμμαχίας
541 884 687 952 λέγει
725 887 904 937 ταυτί·
943 885 1131 937 ξπάλιν
1170 881 1231 937 δὲ
1268 893 1380 936 τῶν
1402 883 1713 938 Ὀλυνθίων
1746 883 1874 955 πρέ-

198 977 347 1042 σβεις
385 973 827 1025 ἀποστειλάντων
867 974 945 1035 εἰς
983 974 1079 1035 τὰς
1100 971 1342 1041 Ἀθήνας
1371 971 1462 1024 καὶ
1495 972 1770 1042 δεομένων
1800 973 1873 1042 μὴ

131 1080 174 1112 10
196 1063 467 1131 περιιδεῖν
521 1061 721 1123 αὐτοὺς
769 1060 1341 1130 καταπολεμηθέντας,
1395 1061 1533 1114 ἀλλὰ
1577 1062 1713 1132 πρὸς
1757 1070 1877 1124 ταῖς

196 1150 570 1220 ὑπαρχούσαις
631 1150 897 1218 δυνάμεσι
950 1149 1157 1219 πέμψαι
1211 1151 1480 1218 βοήθειαν
1533 1151 1603 1219 μὴ
1659 1149 1878 1218 ξενικὴν

198 1237 313 1291 ἀλλ’
361 1238 543 1291 αὐτῶν
582 1236 922 1306 Ἀθηναίων,
970 1240 1208 1307 ἔπεμψεν
1254 1238 1440 1301 αὐτοῖς
1486 1238 1514 1291 ὁ
1555 1240 1725 1307 δῆμος
1762 1259 1877 1308 τρι-

195 1329 347 1397 ήρεις
384 1324 485 1396 μὲν
517 1325 701 1396 ἑτέρας
733 1325 1091 1379 ἑπτακαίδεκα
1121 1325 1282 1395 <καὶ>
1311 1337 1422 1379 τῶν
1452 1332 1692 1380 πολιτῶν
1723 1326 1877 1380 ὁπλί-

196 1435 292 1478 τας
331 1417 634 1484 δισχιλίους
672 1413 764 1467 καὶ
802 1416 981 1477 ἱππεῖς
1010 1418 1359 1484 τριακοσίους
1392 1415 1451 1467 ἐν
1482 1414 1683 1467 ναυσὶν
1716 1416 1876 1483 ἱππη-

133 1519 174 1552 15
198 1512 341 1571 γοῖς,
382 1504 688 1573 στρατηγὸν
727 1499 787 1555 δὲ
826 1504 1050 1573 Χάρητα
1090 1511 1189 1556 τοῦ
1230 1506 1428 1556 στόλου
1465 1503 1702 1565 παντός]

115 1590 183 1642 10
303 1590 539 1662 Ἀπόχρη
579 1588 680 1660 μὲν
720 1586 823 1643 οὗν
859 1589 950 1643 καὶ
989 1598 1159 1643 ταῦτα
1199 1589 1439 1661 ῥηθέντα
1479 1593 1727 1661 φανερὰν
1757 1600 1876 1644 ποι-

199 1686 326 1746 ῆσαι
358 1681 458 1747 τὴν
490 1682 810 1748 φιλοτιμίαν
840 1689 952 1732 τῶν
982 1678 1286 1743 ἀξιούντων
1316 1681 1411 1741 τὰς
1430 1678 1840 1748 Ἀριστοτέλους
1867 1677 1871 1750 Ι

202 1766 522 1834 ἐζηλωκέναι
570 1766 760 1835 τέχνας
805 1767 903 1819 τὸν
941 1767 1303 1837 Δημοσθένη,
1351 1767 1410 1830 ὃς
1455 1769 1559 1836 ἤδη
1606 1766 1862 1838 τέτταρας
1881 1781 1966 1821 736

200 1852 302 1924 μὲν
347 1858 537 1924 ἔτυχεν
583 1856 810 1924 εἰρηκὼς
850 1857 1185 1926 δημηγορίας
1229 1857 1585 1924 Φιλιππικάς,
1631 1865 1776 1926 τρεῖς
1815 1853 1877 1909 δὲ
1993 1869 1995 1874 “

133 1961 177 1993 20
193 1941 529 2011 Ἑλληνικάς,
566 1943 727 1996 πέντε
766 1940 827 1996 δὲ
867 1946 1066 2011 λόγους
1105 1945 1402 2013 δημοσίους
1440 1946 1518 2006 εἰς
1557 1946 1878 2015 δικαστήρια

199 2033 511 2101 γεγραφώς,
560 2031 656 2093 οὓς
704 2030 886 2094 οὐδεὶς
932 2031 1001 2084 ἂν
1047 2034 1162 2100 ἔχοι
1209 2033 1494 2100 διαβαλεῖν
1533 2033 1604 2095 ὡς
1643 2033 1879 2096 εὐτελεῖς

319 2223 344 2262 8
376 2220 683 2264 Philochorus
715 2221 745 2266 1.
773 2236 807 2266 s,

323 2402 341 2438 1
383 2397 525 2441 αὐτὸν
558 2411 633 2440 om
665 2397 701 2441 O
746 2400 751 2454 Ι
793 2396 965 2454 θράκις
995 2398 1078 2442 ΒΡ
1199 2403 1224 2442 5
1257 2397 1630 2456 τετρακισχιλίοις
1660 2397 1754 2441 ΜΟ

203 2459 228 2496 6
263 2453 326 2504 εἰς
356 2454 440 2509 τήν
471 2456 538 2513 τε]
573 2456 638 2506 εἰς
667 2456 752 2512 τὴν
786 2457 850 2507 εἰς
879 2455 926 2500 τε
951 2458 1013 2500 Β1
1067 2456 1132 2508 εἴς
1161 2473 1208 2501 τε
1233 2456 1472 2501 MB2OPs
1501 2459 1506 2515 Ι
1534 2457 1783 2511 παλλήνειν
1807 2457 1844 2500 Ρ

202 2511 286 2567 τὴν
319 2515 426 2555 ante
453 2518 578 2558 Βοττ.
614 2514 689 2558 del
712 2515 1046 2559 Herwerdenus
1075 2519 1080 2573 Ι
1110 2514 1373 2561 ὀλυνθίνων
1395 2516 1432 2559 Β
1539 2522 1564 2559 8
1598 2513 1854 2573 συμμαχίας

203 2569 429 2628 βοηθείας
460 2572 502 2614 ci
530 2573 727 2616 Weilius
850 2579 902 2617 11
937 2574 1192 2631 δυνάμενοι
1225 2575 1260 2619 Ο
1384 2579 1437 2618 13
1469 2575 1548 2618 καὶ
1578 2582 1668 2618 τῶν
1699 2574 1875 2617 Rader-

202 2629 466 2674 macherus:
506 2638 597 2674 τῶν
627 2631 738 2674 libri
797 2640 888 2676 τῶν
920 2631 971 2677 δὲ
1005 2649 1025 2677 s
1165 2639 1218 2677 13
1254 2638 1308 2677 14
1348 2631 1535 2683 ὁπλίτας
1573 2631 1875 2690 δεδισχιλίους

201 2687 250 2730 Μ
267 2702 383 2731 unus
463 2693 515 2731 16
540 2689 710 2747 ἀπόχρι
726 2690 761 2732 Ρ
789 2692 794 2747 Ι
823 2688 1050 2747 ῥἠθένται
1073 2693 1109 2735 Β
1203 2697 1256 2737 17
1281 2692 1366 2749 τὴν
1383 2691 1594 2751 <κενὴν>
1620 2691 1661 2734 ci
1675 2691 1875 2735 Weilius

265 2751 318 2790 18
342 2745 564 2802 τέσσαρας
588 2763 607 2790 s
671 2754 723 2791 19
740 2749 1004 2804 φιλιπτικὰς
1019 2751 1055 2794 Ρ
1125 2755 1180 2795 20
1197 2749 1333 2796 πέντε
1364 2749 1415 2794 δὲ
1439 2750 1602 2807 λόγους
1626 2748 1875 2805 δημοσίους

201 2820 281 2862 mg
305 2805 354 2848 M
383 2806 541 2851 rubro:
575 2807 680 2861 περὶ
704 2805 754 2850 δὲ
780 2807 942 2863 λόγους
965 2811 1159 2865 δηλώσει
1184 2810 1264 2861 οὓς
1287 2808 1459 2853 MOPs
1505 2809 1610 2864 περὶ
1634 2807 1685 2852 δὲ
1710 2808 1875 2865 λόγους

202 2865 395 2920 δηλώσει
419 2864 499 2915 οὓς
523 2865 588 2916 εἰς
611 2863 661 2908 δὲ
689 2864 942 2922 ἑλληνικὰς·
976 2869 1080 2923 περὶ
1113 2867 1164 2912 δὲ
1197 2869 1359 2925 λόγους
1381 2868 1573 2924 δηλώσει
1598 2867 1676 2918 οὓς
1699 2867 1736 2910 Β
1768 2868 1872 2923 περὶ

202 2921 252 2967 δὲ
280 2921 302 2967 έ
331 2922 494 2980 λόγους
524 2922 772 2981 δημοσίους
794 2925 1010 2969 Reiskius
1099 2933 1150 2970 21
1179 2929 1442 2985 διαβαλλεῖν
1465 2927 1502 2970 Ρ
1525 2928 1760 2985 διαβαλεῖς
1778 2926 1814 2969 Ο
