1958 3192
373 107 710 151 ΔΙΟΝΥΣΙΟΤ
740 107 1206 150 ΑΛΙΚΑΡΝΑΣΕΩΣ
1237 108 1581 150 ῙΣΟΚΡΑΤΗΣ
1746 108 1820 162 55

140 243 340 310 ταύτης
370 239 472 311 μὲν
495 240 696 310 ἀπέστη
721 249 816 310 τῆς
837 240 1228 312 προαιρέσεως·
1261 240 1550 310 ἐπιθυμῶν
1574 239 1634 294 δὲ
1660 242 1821 311 δόξης

140 330 232 384 καὶ
286 338 384 383 τοῦ
436 338 746 400 πρωτεῦσαι
806 333 954 401 παρὰ
1014 339 1130 393 τοῖς
1169 329 1432 398 ”Ἐλλησιν
1491 328 1577 383 ἐπὶ
1632 334 1818 402 σοφίᾳ,

140 420 390 489 καθάπερ
431 418 594 482 αὐτὸς
633 424 872 489 εἴρηκεν,
920 418 1007 472 ε’πὶ
1045 420 1106 472 τὸ
1145 420 1382 490 γράφειν
1422 419 1455 471 ἃ
1494 420 1818 489 διανοηθείη

139 506 464 577 κατέφυγεν,
505 507 570 561 οὐ
609 506 734 577 περὶ
766 518 976 578 μικρῶν
1006 509 1108 577 τὴν
1137 510 1469 579 προαίρεσινμ
1482 509 1820 578 ποιούμενος

141 593 273 650 οὐδὲ
311 594 436 666 περὶ
476 606 587 649 τῶν
627 598 787 649 ἰδίων
826 599 1178 666 συμβολαίων
1217 593 1348 650 οὐδὲ
1381 593 1519 666 ὑπὲρ
1552 591 1631 649 ὧν
1661 598 1819 651 ἄλλοι

140 682 285 747 τινὲς
323 694 434 738 τῶν
472 687 593 738 τότε
626 695 922 754 σοφιστῶν,
961 683 1087 755 περὶ
1123 681 1184 738 δὲ
1214 694 1326 737 τῶν
1356 683 1692 753 Ἑλληνικῶν
1729 684 1820 738 καὶ

139 776 441 842 βασιλικῶν
492 772 619 842 <καὶ
673 775 1005 842 πολιτικῶν>
1055 774 1411 843 πραγμάτων,
1468 772 1520 838 ἐξ
1569 769 1648 826 ὧν
1691 774 1822 827 ὑπε-

140 863 384 939 λάμβανε
436 863 532 924 τάς
580 882 637 915 τε
682 865 869 925 πόλεις
915 864 1142 931 ἄμεινον
1188 863 1508 931 οἰκήσεσθαι
1554 861 1644 915 καὶ
1690 865 1821 925 τοὺς

29 973 137 1013 ,536
164 952 385 1013 ἰδιώτας
426 950 676 1004 ἐπίδοσιν
714 949 856 1015 ἕξειν
893 951 1032 1021 πρὸς
1080 950 1293 1020 ἀρετήν.
1362 958 1532 1004 ταῦτα
1569 951 1674 1020 γὰρ
1711 950 1715 1020 Ι
1760 950 1820 1003 ἐν

139 1047 215 1111 τῷ
240 1044 654 1111 Παναθηναϊκῷ
677 1042 821 1111 λόγῳ
846 1037 971 1109 περὶ
996 1039 1167 1092 αὑτοῦ
1199 1040 1414 1109 γράφει.
1460 1038 1819 1109 πεφυρμένην

139 1149 196 1181 τε
235 1129 569 1198 παραλαβὼν
607 1128 707 1196 τὴν
746 1129 978 1196 ἄσκησιν
1015 1137 1126 1180 τῶν
1164 1130 1346 1196 λόγων
1390 1128 1498 1180 ὑπὸ
1546 1137 1656 1181 τῶν
1693 1125 1818 1197 περὶ

144 1219 385 1286 Γοργίαν
422 1215 510 1268 καὶ
553 1218 932 1285 Πρωταγόραν
972 1225 1251 1284 σοφιστῶν
1288 1226 1503 1286 πρῶτος
1546 1215 1820 1286 ἐχώρησεν

139 1305 245 1358 ἀπὸ
278 1314 389 1357 τῶν
421 1303 709 1374 ἐριστικῶν
739 1324 795 1357 τε
827 1296 917 1356 καὶ
950 1314 1202 1373 φυσικῶν
1234 1303 1322 1357 ἐπὶ
1352 1306 1482 1367 τοὺς
1504 1307 1820 1367 πολιτικοὺς

137 1393 227 1446 καὶ
266 1392 391 1463 περὶ
431 1393 605 1461 αὐτὴν
644 1394 967 1457 σπουδάζων
1005 1393 1106 1460 τὴν
1153 1391 1452 1462 ἐπιστήμην
1499 1391 1818 1461 διετέλεσεν,

138 1482 192 1546 ἐξ
230 1478 311 1550 ἧς,
351 1483 423 1544 ὥς
462 1496 633 1551 φησιν
671 1481 851 1549 αὐτός,
890 1482 950 1534 τὸ
984 1482 1352 1550 βουλεύεσθαι
1390 1481 1482 1534 καὶ
1514 1480 1694 1549 λέγειν
1727 1480 1817 1534 καὶ

135 1572 396 1640 πράττειν
449 1572 515 1623 τὰ
561 1569 915 1641 συμφέροντα
960 1573 1318 1641 παραγίνεται
1365 1579 1479 1633 τοῖς
1524 1577 1818 1640 μαθοῦσιν.

138 1659 564 1728 ἐπιφανέστατος
626 1656 686 1712 δὲ
746 1661 1042 1728 γενόμενος
1101 1668 1214 1712 τῶν
1281 1661 1416 1712 κατὰ
1483 1660 1581 1712 τὸν
1650 1659 1819 1712 αὐτὸν

136 1748 498 1817 ἀκμασάντων
537 1750 741 1818 χρόνον
778 1746 869 1801 καὶ
899 1750 1030 1810 τοὺς
1059 1751 1384 1818 κρατίστους
1417 1758 1529 1801 τῶν
1551 1747 1825 1816 Ἀθήνησί

136 1856 194 1889 τε
233 1835 323 1888 καὶ
364 1835 424 1888 ἐν
462 1845 525 1906 τῇ
566 1838 702 1907 ἄλλῃ
735 1836 957 1890 Ἑλλάδι
996 1835 1138 1889 νέων
1166 1830 1483 1906 παιδεύσας,
1524 1832 1602 1890 ὧν
1634 1840 1691 1890 οἳ
1718 1834 1820 1906 μὲν

1842 1059 1886 1090 10

1843 1500 1885 1533 15

139 1925 199 1978 ἐν
238 1934 353 1987 τοῖς
391 1926 693 1988 δικανικοῖς
733 1924 987 1993 ἐγένοντο
1028 1926 1242 1994 ἄριστοι
1289 1927 1503 1993 λόγοις,
1559 1928 1616 1978 οἳ
1658 1924 1710 1978 δ’
1758 1925 1819 1978 ἐν
1842 1945 1885 1977 zo

135 2021 213 2085 τῷ
273 2014 660 2067 πολιτεύεσθαι
717 2012 807 2066 καὶ
861 2015 927 2066 τὰ
979 2015 1139 2066 κοινὰ
1190 2015 1451 2083 πράττειν
1506 2015 1816 2081 διήνεγκαν,

256 2179 282 2217 3
313 2174 439 2217 Isocr
468 2173 654 2217 Panath
681 2179 731 2218 11
768 2173 817 2217 ef
844 2187 895 2218 or
925 2173 1010 2216 XV
1033 2179 1088 2217 46
1234 2178 1287 2216 15
1320 2173 1444 2217 Isoer
1475 2172 1596 2230 epist
1628 2173 1682 2228 V,
1707 2178 1734 2216 4
1759 2175 1814 2230 (·?)

137 2231 188 2276 cf
215 2246 266 2276 or
297 2233 382 2276 XV
407 2236 504 2277 175.
540 2238 623 2276 255
640 2247 704 2288 sq.
740 2237 825 2276 276
840 2246 893 2288 sq

257 2385 282 2423 2
307 2387 557 2435 προτεῦσαι
574 2381 608 2423 Ρ
638 2381 641 2437 Ι
670 2378 799 2434 παρὰ
824 2393 899 2423 om
916 2379 950 2422 F
1035 2385 1060 2423 5
1085 2376 1200 2433 ὑπὲρ
1219 2393 1273 2422 ex
1292 2378 1439 2435 ὥσπερ
1458 2380 1516 2422 F1
1547 2381 1650 2435 περὶ
1676 2395 1814 2437 supra

137 2438 302 2483 addito
334 2437 448 2494 ὑπὲρ
481 2439 518 2482 Β
565 2439 670 2493 περὶ
700 2439 825 2482 Isocr
917 2443 940 2481 7
973 2438 1053 2483 καὶ
1084 2441 1330 2483 πολιτικῶν
1363 2452 1418 2482 ex
1450 2440 1575 2482 Isoer
1607 2439 1770 2483 addidi
1804 2439 1809 2497 Ι

136 2497 432 2555 ὑπελάμβανε
458 2512 514 2542 ex
537 2497 835 2555 ὑπολάμβανε
860 2497 919 2541 F1
1003 2502 1028 2540 9
1055 2495 1172 2550 ἕξειν
1198 2511 1253 2541 ex
1279 2496 1374 2550 ἕξιν
1398 2498 1446 2541 Μ
1474 2500 1478 2554 Ι
1506 2499 1622 2552 πρὸς
1645 2498 1814 2554 ἀρετήν

138 2569 214 2600 om
244 2557 327 2600 BP
450 2562 504 2601 10
544 2558 650 2613 περὶ
688 2559 831 2601 αὐτοῦ
871 2555 1032 2599 F¹PM
1154 2561 1205 2600 11
1246 2572 1293 2600 τε
1334 2557 1492 2602 FMP:
1537 2555 1588 2601 δὲ
1621 2557 1696 2600 Bv

140 2620 193 2658 12
226 2615 520 2673 προταγόραν
546 2617 581 2659 P
619 2616 945 2674 πρωταγ[οραν
977 2616 1226 2673 σο]φιστῶν
1255 2616 1290 2659 F
1322 2630 1428 2659 cum
1458 2630 1533 2660 ras
1573 2619 1578 2673 Ι
1618 2614 1815 2674 χωρίσας

137 2681 315 2730 πρῶτος
350 2676 460 2726 τοὺς
502 2675 754 2731 ἐριστικοὺς
792 2674 955 2731 λόγους
991 2682 1083 2719 τῶν
1120 2677 1367 2719 πολιτικῶν
1399 2674 1469 2719 uit
1501 2675 1542 2718 X
1574 2689 1649 2719 orr
1680 2675 1811 2730 837¹²‚

138 2733 259 2777 unde
304 2733 581 2790 Dionysium
627 2734 855 2790 corrigere
902 2731 1053 2777 uoluit
1092 2733 1249 2778 Corais
1374 2739 1426 2777 13
1475 2733 1710 2789 ἐριστικῶν
1757 2748 1811 2777 ex

138 2790 380 2848 ἐργετικῶν
412 2793 446 2836 F
493 2794 498 2852 Ι
548 2809 596 2838 τε
628 2808 702 2838 om
734 2793 768 2835 F
884 2797 939 2835 14
970 2791 1135 2851 αὐτὴν]
1167 2793 1339 2848 ταύτην
1372 2792 1567 2836 Wolfius
1684 2798 1736 2836 15
1769 2790 1812 2835 τί

139 2846 381 2908 ὁητορικῆς
412 2851 578 2908 ὄφελος
608 2868 654 2896 m
686 2865 790 2896 saec
815 2851 921 2894 XIV
952 2850 1001 2894 in
1031 2866 1110 2908 mg
1134 2852 1168 2895 F
1262 2857 1314 2894 17
1348 2849 1752 2909 ἐπι[φαν]ε’στατος
1776 2852 1811 2893 F

171 2922 244 2951 :nn
267 2923 341 2952 ras
434 2916 487 2954 18
521 2910 828 2967 ἀκμασάντων
862 2924 917 2954 ex
949 2909 1223 2966 κμασάντων
1255 2911 1313 2953 F¹
1404 2915 1458 2953 20
1492 2910 1534 2954 οἱ
1566 2908 1617 2954 δὲ
1650 2911 1731 2952 ΡΒ
