2004 3202
185 138 290 192 180
600 135 939 179 ΔΙΟΝΤΣΙΟΤ
970 131 1438 176 ΑΛῙΚΑΡΝΑΣΕΩΣ

182 275 344 341 λόγος
390 263 468 334 εἷς
507 269 619 323 ἐστι
660 270 943 336 Πλάτωνι,
992 267 1324 337 Σωκράτους
1369 266 1662 335 ἀπολογία,
1709 269 1860 321 δικα-
1996 234 2004 340 Ι

183 363 410 431 στηρίου
455 355 556 428 μὲν
603 358 635 426 ἢ
684 357 886 426 ἀγορᾶς
932 351 1063 408 οὐδὲ
1108 354 1288 425 θύρας
1336 355 1487 424 ἰδών,
1534 354 1651 408 κατ’
1687 356 1860 424 ἄλλην
1999 350 2004 358 “

185 448 250 502 δέ
291 469 414 501 τινα
461 447 728 516 βούλησιν
766 441 1162 513 γεγραμμένος,
1211 441 1327 496 οὔτ’
1367 442 1428 496 ἐν
1465 445 1652 511 λόγοις
1689 445 1862 497 τόπον

184 540 325 607 ἔχων
357 534 473 590 οὔτ’
503 535 563 588 ἐν
595 535 887 600 διαλόγοις.
930 532 936 599 Ι
977 538 1178 584 τοῦτον
1215 528 1316 600 μὲν
1347 527 1450 585 οὖν
1489 531 1572 584 ἐῶ.
1635 533 1803 601 δημη-
1837 545 1950 585 1027

142 645 163 678 5
186 629 348 696 γορία
380 622 440 677 δὲ
473 623 716 691 οὐδεμία,
755 621 901 688 πλὴν
934 624 987 672 εἴ
1019 639 1102 682 τις
1140 621 1245 690 ἄρα
1282 621 1376 683 τὰς
1409 619 1695 683 ἐπιστολὰς
1733 621 1863 689 βού-

188 719 335 767 λεται
384 713 718 781 δημηγορίας
763 713 964 761 καλεῖν.
1035 707 1395 776 ἀφείσθωσαν
1435 709 1501 777 δὴ
1549 707 1641 761 καὶ
1687 705 1862 762 αὗται.

189 802 426 870 ἐγκώμια
458 799 505 852 δ’
532 799 590 851 ἐν
621 804 696 869 τῷ
729 799 1013 869 συμποσίῳ
1045 797 1221 850 πολλὰ
1252 793 1352 865 μὲν
1384 799 1600 867 ἔρωτος,
1635 793 1714 850 ὧν
1744 799 1865 850 ἔνια

189 890 290 943 οὐκ
329 887 450 952 ἄξια
490 887 756 954 σπουδῆς,
797 885 858 938 ἓν
898 882 958 937 δὲ
998 885 1330 956 Σωκράτους
1369 885 1563 939 ὁποῖον
1602 887 1671 954 δή
1709 902 1864 940 ποτε·

190 975 363 1031 οὐθὲν
401 978 504 1046 γὰρ
554 974 745 1043 δέομαι
790 981 897 1026 νῦν
943 993 1004 1041 γε
1049 971 1174 1043 περὶ
1221 974 1421 1026 τούτου
1468 972 1663 1042 λέγειν.
1737 976 1866 1045 κρά-

124 1086 167 1118 1ο
189 1080 368 1127 τιστος
408 1065 475 1132 δὴ
514 1064 737 1116 πάντων
775 1071 886 1115 τῶν
921 1066 1222 1115 πολιτικῶν
1261 1064 1442 1130 λόγων
1480 1062 1508 1116 6
1541 1061 1866 1130 Μενέξενος,

191 1154 252 1207 ἐν
300 1146 341 1206 ὦ
387 1154 485 1205 τὸν
531 1151 823 1220 ἐπιτάφιον
870 1149 1198 1221 διεξέρχεται
1246 1153 1430 1219 λόγον,
1482 1152 1555 1213 ὡς
1600 1171 1701 1220 μεν
1748 1149 1868 1220 ἐμοὶ

191 1245 356 1311 δοκεῖ,
393 1241 747 1308 Θουκυδίδην
777 1239 1278 1309 παραμιμούμενος,
1310 1239 1382 1302 ὡς
1406 1235 1467 1291 δε
1491 1238 1655 1302 αὐτός
1679 1253 1868 1308 φησιν,

180 1331 413 1403 Ἀρχίνῳ
448 1327 539 1382 καὶ
571 1331 754 1381 Δίωνι
779 1368 973 1380 ......
1021 1335 1221 1380 τοῦτον
1253 1328 1320 1396 δὴ
1351 1330 1740 1398 παραλήψομαι
1771 1329 1870 1381 τὸν

191 1422 359 1487 λόγον
411 1416 503 1470 καὶ
563 1415 687 1486 παρ’
744 1415 914 1468 αὐτὸν
969 1414 1196 1480 ἐξετάσω
1243 1415 1646 1485 Δημοσθένους
1700 1416 1870 1480 λέξεις

128 1526 168 1559 15
191 1508 369 1576 τινάς,
418 1506 518 1559 οὐκ
565 1505 623 1557 ἐκ
669 1512 768 1557 τοῦ
807 1503 1196 1573 <ἐπιταφιόυ>·
1242 1512 1441 1557 τοῦτον
1478 1501 1579 1573 μὲν
1615 1506 1720 1575 γὰρ
1769 1504 1870 1573 οὐχ

191 1597 429 1665 ἡγοῦμαι
475 1591 570 1646 ὑπ’
611 1591 826 1645 ἐκείνου
871 1599 971 1644 τοῦ
1018 1591 1221 1662 ἀνδρὸς
1267 1593 1608 1662 γεγράφθαι·
1656 1591 1783 1646 ἀλλ’.
1813 1592 1871 1645 ἐκ

193 1694 303 1737 τῶν
335 1685 517 1736 ἄλλων
546 1681 716 1734 αὐτοῦ
749 1678 960 1751 λόΙγων,
994 1681 1113 1733 ὅσοι
1143 1683 1275 1750 περί
1300 1700 1357 1733 τε
1387 1688 1487 1734 τοῦ
1518 1685 1691 1734 καλοῦ
1721 1680 1811 1734 καὶ
1846 1695 1958 1735 1028

194 1780 289 1840 τῆς
336 1772 528 1842 ἀρετῆς
584 1774 852 1839 εἴρηνται,
907 1773 1116 1837 μᾶλλον
1163 1767 1210 1821 δ’
1245 1768 1297 1832 ἐξ
1347 1767 1468 1831 ἑνὸς
1514 1769 1750 1837 ἀγῶνος·
1805 1769 1871 1823 οὐ

196 1862 301 1930 γὰρ
342 1862 444 1928 ἔχω
491 1858 684 1927 καιρὸν
725 1858 873 1919 ὅσοις
911 1858 1181 1925 βούλομαι
1227 1858 1628 1927 παραδείγμασι
1674 1860 1873 1930 χρήσω

132 1968 175 1999 20
199 1953 350 2015 σθαι,
389 1948 611 1999 πάντων
642 1947 874 2015 μάλιστα
912 1944 1210 2014 βουληθεὶς
1241 1947 1323 1998 ἄν,
1384 1954 1633 2010 τοιοῦτος
1671 1944 1773 2017 μὲν
1804 1949 1872 2016 δή

198 2056 280 2098 τις
319 2035 346 2088 6
387 2037 586 2105 τρόπος
626 2037 775 2087 ἔσται
814 2054 906 2103 μοι
945 2041 1040 2102 τῆς
1079 2037 1427 2104 συγκρίσεως.

320 2228 374 2267 13
407 2224 455 2268 cf
481 2223 617 2267 Plato
649 2222 893 2267 Menexeni
926 2223 1036 2267 234¹)

322 2405 346 2442 3
379 2399 571 2457 βάλησιν
595 2400 631 2442 Ρ
659 2401 664 2455 Ι
692 2399 839 2443 τύπον
862 2415 941 2455 mg
965 2400 1013 2442 M
1102 2405 1130 2442 4
1162 2406 1326 2443 τοῦτον
1350 2398 1587 2443 Reiskius:
1620 2406 1755 2443 τοῦτο

205 2465 229 2503 6
263 2457 542 2514 ἀφίσθωσαν
575 2459 609 2501 Ρ
663 2456 930 2514 ἀφίστωσαν
961 2474 991 2502 v
1033 2460 1039 2515 Ι
1086 2454 1224 2502 αὗται
1253 2458 1454 2515 Krfiger.
1498 2457 1637 2501 αὐταὶ
1758 2465 1781 2502 7
1812 2462 1874 2517 τῷ

205 2515 484 2572 συμφέροντι
513 2517 565 2560 τὸ
598 2515 831 2576 συμποσίῳ
855 2518 890 2560 Ρ
996 2522 1021 2560 8
1056 2516 1106 2561 ἓν
1138 2515 1209 2575 δε]
1244 2494 1379 2561 οὐδεῠ
1383 2516 1561 2559 MBPv
1596 2518 1600 2572 Ι
1637 2516 1801 2560 ὁποῖόν
1831 2534 1875 2560 τι
2003 2567 2004 2570 ¹

205 2575 265 2630 δή
288 2576 324 2618 Ρ
416 2580 440 2618 9
473 2590 522 2631 γε
555 2574 780 2620 Sadaeus:
804 2563 864 2618 δὲ
905 2577 910 2632 Ι
949 2583 1035 2620 νῦν
1060 2574 1105 2619 δ’
1126 2573 1271 2620 οὐθεν
1297 2573 1462 2631 δέομαι
1484 2575 1558 2617 Pv
1593 2576 1598 2631 Ι
1632 2573 1874 2631 κράτιστον
2002 2572 2004 2642 Ι

206 2634 367 2677 M¹BP
490 2638 543 2676 10
575 2631 626 2677 δε
659 2634 716 2689 δὴ
749 2634 927 2690 Krfiger
1049 2639 1101 2678 12
1137 2632 1439 2679 Θουκυδίδων
1462 2633 1500 2676 Β
1539 2634 1544 2689 Ι
1585 2648 1697 2689 φησι
1719 2634 1756 2676 Β

209 2698 263 2736 13
295 2690 437 2750 ἀρχίω
462 2693 497 2735 Ρ
525 2693 530 2749 Ι
560 2689 762 2757 Ἀρχῖνον
787 2693 865 2735 καὶ
890 2691 1049 2738 Δίωνα
1072 2709 1102 2737 v
1143 2692 1172 2749 ἢ
1197 2691 1343 2738 Δίωνι
1364 2692 1540 2736 Usener
1566 2690 1609 2734 cl
1632 2692 1876 2737 Menexem‘

209 2749 320 2795 234b
355 2753 359 2807 Ι
394 2751 610 2794 lacunam
640 2749 869 2794 indicauit
899 2751 1234 2808 ἀγωνιζόμενος
1266 2751 1364 2795 siue
1395 2751 1751 2806 διαμιλλώμενος
1782 2752 1873 2795 add

207 2809 444 2866 Kjessling
562 2814 614 2853 15
646 2816 726 2853 τοῦ
759 2809 1026 2866 ἐπιταφίου
1059 2818 1223 2855 τοῦτον
1255 2809 1420 2855 Cobet:
1460 2808 1643 2853 τούτου·
1676 2811 1758 2855 τὸν

211 2874 264 2913 17
297 2868 432 2925 λόγον
457 2869 492 2911 Ρ
586 2873 638 2911 18
671 2865 721 2910 δε
751 2868 787 2909 Β
879 2873 933 2911 20
964 2870 1188 2921 τοιούτοις
1217 2869 1254 2911 Β
1290 2870 1296 2926 Ι
1331 2868 1388 2925 δὴ
1422 2867 1625 2912 Sadaeus
1660 2866 1744 2914 οὖν
1777 2869 1876 2926 Syl-

208 2927 421 2984 burgius:
454 2925 515 2971 ἂν
606 2930 658 2970 21
693 2924 936 2981 συκρίσεως
966 2927 1002 2969 Β
