2004 3202
0 0 64 316 ἵ
675 134 820 176 ΠΕΡΙ
850 133 1254 177 ΘοΤΚΤΔῙΔοΤ
1706 134 1814 187 359

247 270 368 321 Τίσι
408 265 470 320 δὲ
520 267 703 320 αὐτῶν
754 267 1053 338 ἐχρήσαντο
1100 267 1299 330 πάντες
1346 269 1399 320 οὶ
1444 270 1551 338 πρὸ
1603 273 1816 322 Θουκυ-
1831 270 1904 321 23

127 357 292 410 δίδου
345 358 633 425 γενόμενοι
688 365 1026 425 συγγραφεῖς
1085 354 1175 408 καὶ
1237 358 1410 408 τίνων
1471 355 1557 409 ἐπὶ
1617 359 1816 428 μικρὸν

3 586 34 924 2

0 931 29 1190 2

126 445 356 513 ἥψαντο,
397 443 451 509 ἐξ
491 443 661 515 ἀρχῆς
698 444 1016 513 ἀναλαβών,
1055 445 1231 515 ὥςπερ
1268 444 1611 514 ὑπεσχόμην,
1649 465 1816 515 κεφα-

126 535 377 596 λαιωδῶς
423 532 672 602 διέξειμι·
720 532 1110 603 ἀκριβέστερον
1161 534 1268 603 γὰρ
1323 533 1496 596 οὕτῶς
1545 536 1821 602 γνώσεταί

126 642 209 685 τις
247 623 346 675 τὸν
385 623 534 675 ἴδιον
572 631 671 675 τοῦ
710 622 916 693 ἀνδρὸς
952 629 1277 692 χαρακτῆρα.
1346 623 1400 676 οἱ
1438 619 1540 691 μὲν
1578 619 1682 676 οὗν
1721 624 1816 692 ἀρ-
1839 643 1859 673 5

125 719 273 780 χαῖοι
319 711 468 764 πάνυ
515 710 605 763 καὶ
653 710 746 764 ἀπ’
793 710 978 764 αὐτῶν
1024 713 1200 780 μόνον
1251 713 1650 780 γινωσκόμενοι
1704 723 1817 767 τῶν

126 799 414 868 ὀνομάτων
444 803 612 853 ποίαν
643 801 767 852 τινὰ
800 798 949 863 λέξιν
982 798 1367 868 ἐπετήδευσαν,
1407 799 1509 853 οὐκ
1540 803 1643 870 ἔχω
1681 816 1815 871 συμ-

125 890 341 956 βαλεῖν,
395 890 598 958 πότερα
645 889 747 956 τὴν
793 889 952 956 λιτὴν
1000 886 1091 940 καὶ
1135 887 1447 957 ἀκόσμητον
1498 888 1589 942 καὶ
1642 887 1817 959 μηδὲν

126 979 364 1046 ἔχουσαν
394 979 667 1046 περιττόν,
707 975 823 1030 ἀλλ’
856 976 995 1029 αὐτὰ
1033 978 1099 1029 τὰ
1130 979 1368 1046 χρήσιμα
1397 976 1488 1030 καὶ
1528 977 1815 1046 ἀναγκαῖα,

38 1064 175 1134 864ἢ
215 1067 317 1134 τὴν
352 1065 357 1135 1
392 1066 674 1134 πομπικὴν
723 1064 812 1118 καὶ
864 1064 1232 1134 ἀξιωματικὴν
1275 1064 1366 1118 καὶ
1417 1065 1816 1134 ἐγκατάσκευον
1841 1088 1883 1118 ιο

125 1153 215 1207 καὶ
255 1157 386 1217 τοὺς
426 1153 717 1216 ἐπιθέτους
755 1158 1198 1223 προσειληφυῖαν
1235 1156 1488 1224 κόσμους.
1543 1156 1670 1209 οὔτε
1707 1158 1815 1226 γὰρ

125 1242 487 1316 διασῴζονται
525 1252 636 1296 τῶν
674 1245 949 1296 πλειόνων
987 1243 1044 1295 αἱ
1082 1241 1292 1312 γραφαὶ
1330 1242 1489 1314 μέχρι
1526 1254 1639 1297 τῶν
1674 1243 1807 1298 καθ’

124 1331 265 1401 ἡμᾶς
310 1335 552 1402 χρόνων,
599 1330 728 1384 οὔθ’
776 1332 833 1384 αἱ
880 1323 1273 1403 διασῳζόμεναι
1325 1334 1474 1402 παρὰ
1518 1341 1688 1386 πᾶσιν
1742 1334 1816 1396 ὡς

125 1420 352 1474 ἐκείνων
391 1417 553 1474 οὖσαι
591 1429 703 1472 τῶν
750 1419 974 1489 ἀνδρῶν
1018 1420 1392 1474 πιστεύονται·
1442 1420 1501 1473 ἐν
1540 1414 1626 1484 αἷς
1672 1423 1815 1475 εἰσιν

124 1510 186 1562 αἴ
219 1529 277 1562 τε
316 1510 553 1578 Κάδμου
590 1516 691 1562 τοῦ
730 1511 1016 1576 Μιλησίου
1047 1508 1138 1561 καὶ
1170 1508 1487 1578 Ἀρισταίου
1523 1518 1623 1563 τοῦ
1665 1514 1813 1581 Προ-
1838 1530 1882 1562 15

53 1629 60 1658 ;
122 1601 424 1667 κοννησίου
469 1596 560 1650 καὶ
608 1607 720 1650 τῶν
768 1601 1168 1667 παραπλησίων
1206 1599 1437 1661 τούτοις.
1515 1599 1567 1652 οἱ
1607 1596 1668 1651 δὲ
1705 1601 1814 1670 πρὸ

123 1695 223 1740 τοῦ
288 1690 816 1755 Πελοποννησιακοῦ
869 1689 1158 1755 γενόμενοι
1211 1686 1454 1756 πολέμου
1510 1686 1601 1740 καὶ
1655 1686 1813 1757 μέχρι

125 1784 220 1843 τῆς
262 1777 616 1829 Θουκυδίδου
653 1778 1101 1844 παρεκτείναντες
1145 1775 1360 1843 ἡλικίας
1406 1775 1598 1844 ὁμοίας
1651 1778 1815 1845 ἔσχον

124 1866 361 1926 ἅπαντες
400 1864 473 1926 ὡς
513 1862 611 1916 ἐπὶ
641 1864 702 1916 τὸ
742 1865 885 1917 πολὺ
924 1863 1295 1934 προαιρέσεις,
1337 1865 1395 1917 οἵ
1436 1885 1493 1917 τε
1531 1865 1633 1933 τὴν
1663 1863 1814 1917 Ἰάδα

35 1975 37 1980 ’
123 1954 487 2022 προελόμενοι
519 1953 809 2005 διάλεκτον
830 1954 933 2020 τὴν
965 1952 1025 2006 ἐν
1046 1961 1162 2015 τοῖς
1189 1955 1311 2006 τότε
1334 1956 1556 2023 χρόνοις
1579 1954 1814 2022 μάλιστα
1837 1971 1883 2003 20

125 2041 417 2102 ἀνθοῦσαν
462 2039 554 2093 καὶ
601 2042 655 2094 οἱ
700 2041 802 2109 τὴν
855 2040 1090 2110 ἀρχαίαν
1134 2039 1363 2094 Ἀτθίδα
1412 2043 1609 2111 μικράς
1661 2062 1816 2103 τινας

39 2144 42 2147 ’
125 2132 363 2200 ἔχουσαν
402 2130 675 2199 διαφορὰς
711 2131 859 2199 παρὰ
898 2130 999 2197 τὴν
1034 2128 1195 2182 Ἰάδα.
1264 2130 1465 2192 πάντες
1494 2131 1600 2199 γὰρ
1641 2126 1813 2195 οὗτοι,

124 2218 377 2286 καθάπερ
418 2219 583 2286 ἔφην,
630 2216 754 2287 περὶ
794 2218 894 2285 τὴν
933 2220 1132 2286 κυρίαν
1179 2217 1328 2281 λέξιν
1366 2222 1578 2287 μᾶλλον
1617 2217 1814 2271 ἐσπού-

126 2308 304 2359 δασαν
343 2306 374 2374 ἢ
414 2305 538 2375 περὶ
578 2307 679 2374 τὴν
717 2308 1002 2375 τροπικήν,
1041 2306 1246 2374 ταύτην
1286 2303 1347 2358 δὲ
1379 2307 1555 2376 ὥςπερ
1595 2306 1815 2375 ἥδυσμα

125 2396 566 2465 παρελάμβανον,
607 2395 876 2447 σύνθεσίν
914 2414 971 2447 τε
1011 2394 1298 2463 ὀνομάτων
1337 2394 1536 2464 ὁμοίαν
1575 2396 1813 2457 ἅπαντες
1838 2414 1882 2445 25

70 2499 125 2540 65
144 2482 511 2552 ἐπετήδευσαν
542 2484 643 2552 τὴν
675 2482 850 2551 ἀφελῆ
891 2482 980 2536 καὶ
1016 2485 1021 2548 1
1058 2483 1511 2552 ἀνεπιτήδευτον,
1551 2482 1641 2536 καὶ
1683 2482 1804 2536 οὐδ’

130 2572 190 2626 ἐν
214 2580 290 2645 τῷ
315 2575 659 2642 σχηματίζειν
682 2573 777 2634 τὰς
801 2570 972 2635 λέξεις
995 2570 1155 2639 (καὶ)
1178 2573 1273 2635 τὰς
1303 2574 1521 2641 νοήσεις
1552 2570 1814 2640 ἐξέβησαν

248 2768 274 2805 2
305 2770 481 2819 μικρῶν
513 2762 560 2804 Μ
722 2765 750 2803 4
786 2758 902 2804 οὕτω
934 2762 957 2804 f
1073 2766 1097 2805 7
1130 2759 1273 2806 ποίαν
1304 2777 1352 2806 τε
1383 2759 1506 2815 λέξιν
1538 2762 1670 2805 MPf.
1727 2762 1812 2817 τὴν

130 2821 396 2866 coniecerat
432 2821 697 2876 Kruegerus
726 2821 731 2876 Ι
763 2818 878 2877 ἔχων
902 2820 938 2863 Ρ
1090 2826 1144 2864 13
1177 2820 1348 2878 χρόνον
1381 2821 1416 2864 Ρ
1586 2826 1637 2864 15
1673 2823 1812 2875 Προι-

130 2878 382 2937 κοννησίου
413 2880 436 2922 f
582 2884 637 2922 20
670 2878 755 2934 τὴν
775 2914 782 2922 .
804 2915 812 2923 .
834 2915 841 2923 .
862 2883 915 2923 21
949 2879 1029 2923 καὶ
1061 2879 1106 2923 οἱ
1138 2893 1214 2923 om
1244 2880 1303 2923 Pl
1330 2883 1335 2936 Ι
1365 2879 1416 2923 ἐν
1446 2879 1562 2922 MP:
1596 2895 1643 2922 τε
1676 2882 1698 2921 1“

132 2944 186 2983 26
221 2939 526 2994 ἐπιτήδευσαν
559 2938 593 2980 Ρ
716 2942 770 2980 27
803 2938 882 2981 καὶ
914 2937 1110 2982 inseruit
1141 2938 1404 2994 Kruegerus
