2004 3202
734 158 1156 202 ΔΗΜΟΣΘΕΝΗΣ
1679 158 1778 210 151

103 302 306 363 κῶμον,
354 292 530 361 λέγων
570 293 652 346 ὅτι
692 291 816 361 μεθ’
852 293 1024 346 αὑτοῦ
1062 291 1151 345 καὶ
1191 293 1251 345 τὸ
1330 333 1782 345 ......

370 423 381 434 .
458 383 846 449 δειπνήσαντες
900 378 1003 435 οὖν
1055 382 1158 450 ἤδη
1218 381 1645 444 συσκοτάζοντος
1700 380 1784 433 ε’λ-

104 474 304 533 θόντες
365 472 636 539 κόπτομεν
689 471 791 538 τὴν
843 471 1044 541 θύραν.
1129 473 1186 523 οἳ
1237 468 1284 522 δ’
1338 469 1477 539 ἡμᾶς
1531 468 1784 522 ἐκέλευον

14 572 99 613 985
122 558 368 612 εἰσιέναι.
433 557 617 626 ἐπειδὴ
659 555 718 611 δὲ
759 560 924 611 ἔνδον
956 557 1289 630 ε’γενόξμεθα,
1330 556 1441 627 έμὲ“
1460 555 1561 627 μὲν
1594 558 1783 626 ἐκβάλ-

103 653 299 702 λουσιν
338 647 395 700 έκ
433 655 528 715 τῆς
568 649 766 714 οἰκίας,
813 646 1034 701 τουτονὶ
1075 644 1135 700 δὲ
1175 648 1622 717 συναρπάσαντες
1662 648 1782 715 ἔδη-
1828 664 1849 696 5

101 751 205 790 σαν
235 738 373 806 πρὸς
403 737 502 789 τὸν
532 739 708 804 κίονα,
740 735 830 789 καὶ
863 738 1047 805 λαβὼν
1078 738 1312 806 μάστιγα
1332 740 1507 804 Τῖσις,
1541 735 1783 798 ἐντείνας

100 827 306 888 πολλὰς
351 826 585 894 πληγάς,
633 827 710 887 εἰς
749 830 947 894 οἴκημα
989 825 1159 878 αὐτὸν
1204 824 1475 895 καθεῖρξε.
1550 823 1641 878 καὶ
1682 824 1797 878 οὐκ.

101 914 388 984 ἐξήρκεσεν
419 914 567 986 αὐτῷ
599 922 768 967 ταῦτα
799 917 974 983 μόνον
999 914 1333 984 ἐξαμαρτεῖν,
1365 913 1482 967 ἀλλ’
1508 913 1782 983 ἐζηλωκὼς

101 1000 203 1071 μὲν
235 1013 346 1056 τῶν
377 1003 520 1056 νέων
554 1005 683 1066 τοὺς
721 1004 1130 1073 πονηροτάτους
1170 1002 1231 1056 ἐν
1268 1011 1332 1073 τῇ
1372 1005 1545 1071 πόλει,
1585 1001 1780 1056 νεωστὶ

101 1089 162 1144 δὲ
210 1094 274 1145 τὰ
320 1099 543 1163 πατρῷα
596 1092 948 1162 παρειληφὼς
1001 1090 1091 1144 καὶ
1138 1093 1631 1161 προσποιούμενος.
1657 1090 1781 1154 νεός
1806 1109 1849 1141 1⁰

98 1180 190 1233 καὶ
229 1182 492 1243 πλούσιος
532 1177 691 1247 εἶναι,
731 1182 900 1233 πάλιν
931 1183 1060 1243 τοὺς
1092 1180 1302 1243 οἰκέτας
1341 1179 1625 1233 ἐκέλευσεν
1655 1179 1782 1249 ἡμέ-

35 1311 40 1316 .
100 1290 200 1338 ρας
253 1270 356 1338 ἤδη
413 1268 710 1338 γενομένης
762 1271 900 1340 πρὸς
945 1271 1043 1322 τὸν
1087 1273 1247 1322 κίονα
1293 1269 1462 1322 αὐτὸν
1510 1270 1782 1337 δήσαντας

99 1366 420 1427 μαστιγοῦν.
499 1358 640 1411 οὕτω
681 1355 742 1411 δὲ
781 1366 881 1411 τοῦ
929 1359 1176 1427 σώματος
1222 1359 1326 1427 ἤδη
1372 1360 1626 1427 πονήρως
1666 1359 1782 1410 δια-

98 1446 354 1516 κειμένου
385 1445 713 1516 Ἀντίμαχον
751 1448 1235 1516 μεταπεμψάμενος
1272 1456 1384 1499 τῶν
1422 1444 1522 1515 μὲν
1561 1466 1782 1514 γεγενη-

99 1534 282 1604 μένων
322 1533 495 1588 οὐθὲν
542 1531 707 1588 εἶπεν.
785 1538 935 1603 ἔλεγε
983 1534 1031 1588 δ’
1071 1537 1144 1598 ὡς
1191 1535 1354 1598 αὐτὸς
1401 1532 1501 1604 μὲν
1541 1536 1781 1587 δειπνῶν
1805 1550 1848 1584 15

97 1625 278 1693 τύχοι,
320 1620 480 1686 οὗτος
520 1621 580 1676 δὲ
619 1625 847 1693 μεθύων
878 1626 1055 1692 ἔλθοι,
1096 1623 1330 1688 ἐκκόψας
1363 1621 1422 1676 δὲ
1461 1625 1562 1691 τὴν
1592 1625 1781 1693 θύραν

96 1711 188 1764 καὶ
235 1713 505 1784 εἰσελθὼν
549 1722 726 1776 κακῶς
774 1712 924 1782 λέγοι
971 1713 1142 1766 αὐτὸν
1174 1711 1270 1766 ,καὶ
1315 1714 1413 1766 τὸν
1453 1712 1781 1781 Ἀντίμαχον

98 1799 188 1853 καὶ
228 1803 323 1863 τὰς
362 1811 625 1868 γυναῖκας
663 1802 859 1855 αὐτῶν.
921 1801 1243 1871 Ἀντίμαχος
1283 1799 1344 1854 δὲ
1384 1802 1638 1871 ὠργίζετο
1679 1798 1782 1870 μὲν

97 1890 285 1951 αὐτοῖς
317 1890 389 1952 ὡς
428 1891 635 1958 μεγάλα
672 1890 1061 1960 ἡμαρτηκόσιν,
1102 1892 1246 1960 ὅμως
1278 1888 1339 1943 δὲ
1371 1891 1650 1960 μάρτυρας
1680 1908 1779 1942 πα-

97 1976 399 2047 ρακαλέσας
445 1979 627 2048 ἠρώτα
674 1979 867 2047 αὐτόν,
913 1989 1027 2042 πῶς
1075 1978 1332 2032 εἰσέλθοι.
1410 1979 1438 2032 ὃ
1487 1976 1548 2031 δὲ
1594 1979 1777 2031 κελεύ-
1802 1995 1845 2026 20

98 2082 295 2129 σαντος
323 2068 544 2130 Τίσιδος
582 2067 672 2119 καὶ
711 2078 822 2121 τῶν
853 2069 1072 2121 οἰκείων
1104 2070 1320 2137 ἔφασκε.
1371 2069 1778 2136 συμβουλευόν-

97 2175 208 2208 των
254 2153 315 2208 δὲ
361 2166 471 2208 τῶν
519 2157 886 2209 εἰσελθόντων
933 2158 1006 2219 ὡς
1051 2157 1276 2224 τάχιστα
1323 2161 1485 2209 λῦσαι
1531 2155 1620 2208 καὶ
1668 2157 1734 2207 τὰ
1769 2152 1774 2225 Ι

0 2255 94 2296 »986
119 2243 453 2313 γεγενημένα
505 2245 660 2297 δεινὰ
714 2247 1049 2313 νομιζόντων
1096 2241 1237 2297 εἶναι
1285 2243 1563 2297 ἀπέδοσαν
1610 2243 1780 2295 αὐτὸν

96 2341 212 2395 τοῖς
262 2332 537 2402 ἀδελφοῖς.
616 2333 682 2386 οὐ
731 2332 1046 2401 δυναμένου
1094 2330 1153 2386 δὲ
1204 2334 1464 2401 βαδίζειν,
1520 2332 1780 2401 ἐκόμισαν

218 2497 242 2534 2
284 2495 392 2537 ante
433 2493 766 2548 δειπνήσαντες
803 2493 851 2535 in
888 2493 934 2535 M
974 2493 1046 2537 lac
1079 2493 1205 2536 XXV
1244 2492 1343 2548 litt,
1384 2493 1433 2536 in
1464 2493 1500 2535 B
1533 2492 1640 2536 XIX
1678 2492 1777 2536 lite:

98 2550 178 2594 καὶ
216 2558 306 2595 τῶν
347 2552 537 2597 οἰκετῶν
578 2550 778 2608 (οἰκείων
811 2551 974 2608 Cobet)
1013 2549 1152 2596 πιέτω
1193 2553 1388 2596 Ioannes
1517 2557 1545 2595 4
1587 2551 1686 2596 ἐπεὶ
1727 2549 1778 2595 δὲ

98 2609 157 2666 δὴ
190 2609 227 2651 Β
327 2615 352 2654 5
387 2611 435 2655 ἐκ
468 2619 548 2668 τῆς
580 2625 654 2654 om
683 2612 717 2654 P
809 2615 834 2653 6
868 2610 1064 2669 μάστιγα
1095 2612 1238 2670 Τῖσις]
1272 2609 1470 2668 μάστιγά
1500 2627 1569 2662 τις
1600 2610 1779 2654 MBPv

216 2673 242 2712 8
275 2676 420 2713 ταῦτα
451 2670 523 2714 bis
557 2671 591 2714 P
706 2676 730 2714 9
765 2668 998 2725 νεωτέρων
1030 2671 1223 2715 Ioannes
1337 2677 1388 2714 11
1424 2668 1632 2715 ἐκέλευεν
1656 2670 1777 2712 BPv

219 2732 271 2770 12
307 2728 530 2784 δήσαντες
554 2729 629 2773 Bv
675 2736 927 2786 μαστιγοῦν
955 2729 1187 2785 δήσαντας
1219 2730 1413 2774 Ioannes
1545 2735 1598 2773 13
1631 2729 1777 2783 πονή-

99 2801 188 2839 ρως
217 2786 307 2844 ἤδη
340 2788 535 2832 Ioannes
661 2794 714 2831 14
748 2785 1425 2846 Ἀντίμαχον-γεγενημένων
1457 2804 1535 2845 mg
1566 2789 1614 2831 M
1657 2790 1661 2844 Ι
1706 2803 1775 2843 γε·

100 2843 436 2900 γενημένων-
456 2848 594 2898 αὐτὸς
639 2846 723 2903 μὲν
764 2861 839 2890 om
869 2847 943 2890 Pv
1088 2852 1140 2891 15
1176 2847 1326 2904 ἔλεγεν
1351 2848 1387 2891 Β
1430 2850 1435 2904 Ι
1479 2849 1681 2891 δειπνῶν
1707 2846 1754 2888 Μ
1764 2866 1774 2889 :

101 2902 322 2949 δειπνοῦν
347 2905 428 2948 ΒΡ
475 2909 671 2950 δειπνῦν
695 2922 723 2950 v
819 2912 871 2950 19
905 2906 928 2950 ὁ
961 2904 1045 2962 μὲν
1078 2905 1198 2962 ὅμως
1227 2907 1262 2949 Β
1362 2911 1418 2950 20
1452 2906 1596 2961 ἔρωτα
1622 2906 1657 2947 Β

103 2965 155 3002 21
191 2961 379 3008 οἰκετῶν
403 2965 564 3009 MBP:
606 2980 708 3009 corr
731 2966 905 3009 Usener
948 2968 953 3022 Ι
999 2965 1199 3021 ἔφασκεν
1223 2965 1258 3008 Β
1368 2971 1422 3009 23
1455 2963 1701 3008 ἀπέδωσαν
1727 2962 1774 3004 Μ
