2004 3202
642 148 787 189 ΠΕΡΙ
817 146 1219 190 ΘΟΤΚΤΔΙΔΟΤ
1660 145 1771 198 409

90 281 160 335 έῶ
200 283 304 351 γὰρ
346 280 551 349 λέγειν,
599 282 683 334 ὅτι
727 290 840 334 τῶν
885 280 1058 343 οὕτως
1090 272 1505 348 διαλεγομένων
1543 277 1675 332 οὐδὲ
1714 281 1771 332 αἱ

89 369 317 440 μητέρες
355 369 426 422 ἂν
462 368 553 422 καὶ
587 371 639 422 οἱ
670 368 898 439 πατέρες
929 368 1257 438 ἀνάσχοιντο
1290 369 1382 421 διὰ
1414 369 1515 436 τὴν
1553 368 1771 438 ἀηδίαν,

90 457 208 512 ἀλλ’
248 459 422 529 ὥςπερ
462 457 803 521 ἀλλοεθνοῦς
841 458 1090 526 γλώσσης
1129 456 1424 519 ἀκούοντες
1461 467 1572 510 τῶν
1611 456 1771 529 ἑρμη-

90 549 406 601 νευσόντων
444 546 514 600 ἂν
553 549 821 615 δεηθεῖεν.
882 554 1053 600 ταῦτα
1092 547 1243 599 ἔστιν
1275 545 1308 598 ἃ
1338 543 1470 616 περῖ
1502 554 1601 599 τοῦ
1641 562 1771 615 συγ-

89 635 344 707 γραφέως
377 635 659 704 ἐπείσθην,
690 636 824 706 μετά
853 636 1029 704 πάσης
1060 634 1324 704 ἀληθείας
1355 634 1612 705 εἰρημένα
1636 638 1771 690 κατὰ
1818 651 1842 684 5

90 725 192 793 τὴν
232 724 367 794 ἐμὴν
406 725 660 794 δύναμιν.

194 812 430 882 Ἀνάγκη
472 811 532 867 δὲ
570 813 661 866 καὶ
699 815 765 867 τὰ
805 816 1071 882 λεγόμενα
1108 810 1248 883 ὑπὲρ
1283 811 1454 870 αὐῖτοῦ
1486 826 1633 865 τισιν
1665 811 1771 876 ἐξε-
1788 814 1866 868 50

90 902 252 956 τάσαι
292 900 363 955 δι’
403 902 625 970 ὀλίγων,
665 903 758 955 ἵνα
789 899 962 971 μηδὲν
992 900 1307 972 παρεὶκέναι
1340 901 1500 954 δοκῶ.
1556 902 1639 955 ὅτι
1671 899 1772 971 μὲν

91 986 196 1044 οὖν
235 989 348 1044 οὔτ’
389 993 466 1054 εἰς
504 993 634 1053 τοὺς
670 992 987 1052 πολιτικοὺς
1023 990 1238 1058 ἀγῶνας
1278 989 1582 1058 ἐπιτήδειός
1622 989 1772 1044 ἐστιν

92 1078 206 1133 οὔτ’
246 1081 324 1141 εἰς
362 1081 456 1142 τὰς
496 1079 711 1149 ὁμιλίας
749 1081 845 1142 τὰς
892 1080 1170 1141 ἰδιωτικὰς
1209 1075 1371 1141 οὗτος
1409 1078 1438 1132 ὁ
1479 1080 1771 1149 χαρακτήρ,
1797 1097 1841 1129 10

106 1170 340 1230 ἅπαντες
375 1169 381 1238 Ι
417 1168 858 1237 ὁμολογήσουσιν
890 1170 943 1222 οῑ
978 1170 1049 1238 μὴ
1082 1169 1483 1238 διεφθαρμένοι
1522 1169 1623 1236 τὴν
1654 1168 1773 1220 διά-

90 1277 253 1310 νοιαν
291 1255 408 1310 ἀλλ’
450 1256 510 1309 ἐν
548 1264 623 1329 τῷ
675 1259 811 1310 κατὰ
858 1258 1032 1327 φύσιν
1077 1259 1172 1319 τὰς
1217 1259 1502 1325 αἰσθήσεις
1542 1259 1772 1325 ἔχοντες.

92 1345 429 1415 ἐπιχειροῦσι
470 1344 535 1398 δέ
568 1365 714 1408 τινες
753 1345 854 1399 οὐκ
901 1345 1090 1410 ἄδοξοι
1138 1344 1396 1415 σοφισταὶ
1436 1345 1640 1413 λέγειν,
1688 1345 1772 1397 ὅτι

89 1443 206 1496 τοῖς
244 1431 346 1503 μὲν
383 1435 521 1504 πρὸς
559 1436 654 1497 τὰς
686 1435 905 1503 ὀχλικὰς
939 1433 1205 1498 ἐντεύξεις
1242 1433 1772 1508 παρεσκευασμένοις

90 1521 180 1576 καὶ
220 1524 286 1576 τὰ
325 1523 509 1575 δίκαια
548 1522 807 1591 λέγουσιν
853 1523 954 1576 οὐκ
999 1525 1150 1576 ἔστιν
1197 1523 1500 1591 ἐπιτήδειος
1541 1519 1702 1585 οὗτος
1741 1521 1769 1575 ὁ
1795 1538 1841 1572 15

92 1613 385 1682 χαρακτήρ,
428 1620 555 1673 τοῖς
600 1609 662 1664 δε
715 1613 810 1674 τὰς
865 1613 1142 1683 ἱστορικὰς
1194 1615 1563 1720 πραγματείας
1618 1610 1773 1680 ἐκφέ-

94 1714 304 1771 ρουσιν,
345 1692 430 1762 αἷς
467 1703 932 1770 μεγαλοπρεπείας
966 1721 1024 1753 τε
1056 1701 1141 1753 δεῖ
1170 1699 1259 1752 καὶ
1294 1703 1651 1770 σεμνολογίας
1681 1698 1773 1752 καὶ

91 1786 489 1856 καταπλήξεως,
526 1790 731 1852 παντὸς
768 1790 1003 1858 μάλιστα
1039 1791 1303 1860 προσήκει
1342 1789 1547 1857 ταύτην
1586 1788 1774 1841 ἀσκεῖν

92 1878 194 1946 τὴν
233 1878 441 1947 φράσιν
478 1878 580 1945 τὴν
617 1879 1062 1946 γλωττηματικήν
1100 1897 1157 1931 τε
1194 1876 1284 1930 καὶ
1317 1875 1774 1948 ἀπηρχαιωμένην

93 1965 183 2020 καὶ
223 1966 490 2035 τροπικὴν
526 1964 616 2018 καὶ
658 1964 1061 2035 ἐξηλλαγμένην
1091 1976 1202 2019 τῶν
1234 1966 1294 2019 ἐν
1325 1969 1444 2020 ἔθει
1484 1967 1773 2035 σχημάτων
1798 1984 1843 2015 20

95 2053 183 2108 ἐπὶ
222 2055 283 2108 τὸ
324 2053 483 2119 ξένον
521 2053 610 2106 καὶ
649 2057 919 2124 περιττόν.
982 2054 1049 2108 οὐ
1088 2055 1193 2125 γὰρ
1233 2054 1515 2124 ἀγοραίοις
1554 2054 1772 2125 ἀνθρώ-

93 2162 218 2206 ποις
257 2141 375 2196 οὐδ’
416 2142 753 2212 ἐπιδιφρίοις
791 2141 822 2210 ἢ
855 2142 1223 2213 χειροτέχναις
1262 2140 1392 2196 οὐδὲ
1434 2152 1548 2206 τοῖς
1586 2145 1774 2205 ἄλλοις

95 2235 151 2286 οἳ
187 2233 259 2301 μὴ
300 2230 562 2301 μετέσχον
600 2230 815 2299 ἀγωγῆς
855 2230 1178 2300 ἐλευθερίου
1209 2232 1408 2294 ταύτας
1445 2233 1774 2285 κατασκευά-

95 2324 284 2386 ζεσθαι
323 2321 419 2382 τὰς
457 2320 698 2389 γραφάς,
737 2318 853 2372 ἀλλ’
893 2319 1126 2390 ἀνδράσι
1175 2321 1267 2372 διὰ
1312 2330 1423 2373 τῶν
1470 2320 1774 2389 ἐγκυκλίων

95 2409 438 2479 μαθημάτων
489 2406 575 2461 ἐπὶ
626 2408 921 2477 ῥητορικήν
970 2428 1027 2461 τε
1066 2407 1226 2477 <καὶ>
1267 2412 1607 2478 φιλοσοφίαν
1655 2408 1773 2477 ἐλη-
1799 2426 1844 2458 25

95 2500 361 2565 λυθόσιν,
402 2489 486 2559 οἷς
525 2493 692 2550 οὐδὲν
731 2499 1031 2565 φανήσεται
1071 2497 1283 2550 τούτων
1321 2495 1492 2561 ξένον.
1567 2499 1672 2567 ἤδη
1713 2498 1778 2551 δέ

97 2664 287 2714 γοῦντες
310 2657 346 2701 f:
383 2658 742 2706 συναδικοῦντες
764 2655 859 2699 ΜΡ
945 2662 965 2699 1
1002 2653 1060 2701 ἐῶ
1091 2656 1127 2699 Ρ
1212 2662 1237 2700 3
1263 2656 1402 2701 ἄλλον
1437 2657 1608 2709 ἔθνους
1631 2658 1772 2702 MPf:

96 2731 199 2760 corr
228 2716 263 2759 L
294 2715 560 2759 Dindorfius
592 2714 642 2758 in
674 2714 962 2759 Fleckeiseni
993 2730 1099 2759 ann.
1128 2719 1240 2760 1869
1271 2732 1302 2773 p
1327 2722 1411 2760 471
1439 2732 1492 2773 sq
1589 2723 1617 2760 4
1650 2714 1773 2761 ἐστιν

95 2774 206 2819 libri
268 2779 293 2818 5
321 2773 557 2848 (γράφειν
617 2772 810 2830 ἐπείσθη
814 2791 841 2818 ν
873 2773 916 2817 ci
939 2774 1156 2819 Reiskius
1249 2781 1271 2819 7
1299 2773 1435 2848 ὑπερ]
1460 2775 1580 2821 κατὰ
1604 2774 1772 2829 ὑπὲρΡ

215 2838 241 2877 8
275 2833 354 2877 διὰ
387 2833 533 2890 λόγων
622 2833 710 2877 Pf:
742 2846 843 2877 corr
874 2832 1089 2877 Reiskius
1184 2839 1237 2878 10
1270 2834 1352 2886 τὰς
1382 2834 1600 2908 βιωτικὰς
1631 2835 1772 2878 MPf:

97 2907 200 2937 corr
232 2892 437 2937 Sadaeus
469 2908 499 2948 p
526 2897 610 2935 218
705 2897 757 2934 12
782 2891 875 2935 fort
899 2890 996 2935 ἀλλ’
1027 2891 1076 2936 εὖ
1102 2894 1319 2953 τε<καὶ>
1333 2893 1453 2938 κατὰ
1546 2899 1599 2937 16
1636 2891 1774 2949 ἐκφέ-

97 2967 228 3008 ρουσι
252 2952 287 2995 Ρ
379 2957 435 2995 22
468 2949 780 3008 χειροτέκναις
802 2951 838 2993 Ρ
930 2957 984 2995 25
1016 2967 1063 2996 τε
1095 2953 1175 2996 καὶ
1207 2952 1245 2997 f:
1278 2969 1326 2996 τε
1357 2953 1447 2996 ΜΡ
1532 2958 1586 2996 26
1620 2951 1774 3009 φανή-
