2004 3202
716 123 1140 169 Amommz
1662 126 1764 179 161

86 271 231 324 νοῦν
283 264 498 332 ἔχοντες
552 259 681 314 οὔθ’
736 261 971 323 ἅπαντες
1026 260 1237 313 ἰδιῶται
1291 258 1409 312 καὶ
1436 269 1769 330 κατασκευῆς

92 355 274 420 λόγων
311 339 584 419 γενναίων
623 350 858 419 ἄπειροι,
897 346 1014 402 ἀλλ’
1043 350 1101 401 οἳ
1135 345 1237 417 μὲν
1268 346 1373 400 ἀπὸ
1413 351 1680 418 γεωργίας
1716 354 1773 402 οι

87 440 142 494 δ’
174 441 278 493 ἀπὸ
317 440 757 508 θαλαττουργίας
789 441 846 490 οι
881 435 928 490 δ’
957 436 1062 490 ἀπὸ
1095 445 1206 490 τῶν
1236 436 1533 504 βαναύσων
1563 447 1770 506 τεχνῶν

93 529 546 599 συνερρυηκότες,
594 519 676 588 οἷς
723 515 1098 595 ἁπλούστερον
1143 523 1234 577 καὶ
1286 526 1607 595 κοινότερον
1654 527 1770 579 δια-

92 619 384 686 λεγόμενος
425 619 636 686 μᾶλλον
675 616 743 667 ἄν
781 634 863 676 τις
902 612 1107 683 ἀρέσαι.
1175 613 1237 666 τὸ
1275 614 1381 682 γὰρ
1421 611 1641 682 ἀκριβὲς
1679 614 1768 668 καὶ
1816 633 1836 665 5

88 706 348 775 ,περιττὸν
384 702 474 757 καὶ
523 703 682 768 ξένον
720 701 809 755 καὶ
856 710 984 771 πᾶν,
1032 702 1060 755 ὅ
1100 721 1151 754 τι
1190 702 1262 771 μὴ
1304 701 1544 770 σύνηθες
1584 702 1771 766 αὐτοῖς

89 794 403 854 ,ἀκούειν-τε
435 791 524 845 καὶ
558 792 756 860 λέγειν,
795 791 1040 861 ὀχληρῶς
1072 792 1392 859 διατίθησιν
1422 790 1641 859 αὐτούς,
1680 790 1771 844 καὶ

93 881 273 952 ὥσπέρ
313 902 365 934 τι
404 891 518 935 τῶν
546 882 693 934 πάνυ
725 880 971 950 ἀνιαρῶν
1004 878 1315 948 ἐδεσμάτων
1351 878 1384 947 ἢ
1423 889 1608 932 ποτῶν
1639 879 1772 933 ἀπο-

90 970 315 1042 στρέφει
355 967 484 1033 τοὺς
523 970 845 1039 στομάχους,
886 968 1060 1030 οὕτως
1099 967 1280 1021 ἐκεῖνα
1317 967 1563 1037 ὀχληρῶς
1601 969 1773 1041 διατί-

92 1066 228 1128 θησι
275 1061 369 1122 τὰς
415 1059 593 1122 ἀκοάς.
670 1061 727 1111 οἳ
770 1055 830 1110 δὲ
875 1059 1154 1110 πολιτικοί
1194 1076 1250 1109 τε
1304 1055 1396 1108 καὶ
1443 1055 1532 1110 ἀπ’
1569 1045 1774 1127 ἀγορᾶς
1796 1076 1840 1108 10

94 1147 183 1201 καὶ
231 1150 324 1202 διὰ
369 1155 464 1216 τῆς
510 1147 802 1215 ἐγκυκλίου
847 1147 1097 1207 παιδείας
1142 1144 1499 1213 ἐληλυθότες,
1544 1138 1626 1208 οἷς
1673 1146 1774 1218 οὐκ

8 1276 16 1290 .
95 1241 178 1290 ἔνι
210 1238 308 1290 τὸν
333 1236 503 1289 αὐτὸν
532 1236 699 1305 ὅνπερ
734 1234 964 1296 ἐκείνοις
994 1233 1349 1301 διαλέγεσθαι
1379 1224 1603 1304 τρόπον,
1636 1234 1774 1288 ἀλλὰ

90 1329 181 1385 ,δεῖ
232 1326 333 1394 τὴν
379 1325 786 1392 ’ἐγκατάσκευον
838 1321 927 1375 καὶ
982 1323 1241 1391 περιττὴν
1294 1320 1384 1374 καὶ
1442 1321 1603 1391 ξένην
1656 1324 1775 1376 διά-

96 1421 288 1468 λεκτον
326 1414 544 1475 τούτοις
588 1410 938 1482 προσφέρειν.
1016 1408 1122 1463 εἰσὶ
1169 1406 1270 1479 μὲν
1309 1406 1412 1463 οὖν
1451 1416 1581 1473 ἴσως
1623 1411 1775 1465 ε’λάτ-

95 1524 224 1566 τους
270 1503 323 1556 οῑ
376 1509 619 1555 τοιοῦτοι
665 1510 776 1554 τῶν
823 1498 1040 1569 ἑτέρων,
1095 1503 1306 1567 μᾶλλον
1353 1496 1413 1551 δὲ
1467 1502 1775 1553 πολλοστὸν
1799 1517 1841 1550 15

98 1592 322 1646 ἐκείνων
353 1588 534 1661 μέρος,
572 1587 662 1642 καὶ
701 1597 863 1642 τοῦτο
897 1586 1090 1650 οὐθεὶς
1121 1587 1334 1655 ἀγνοεῖ·
1376 1587 1442 1640 οὐ
1477 1589 1586 1657 μὴν
1616 1608 1776 1642 κατα-

97 1682 435 1751 φρονεῖσθαί
475 1698 535 1746 γε
576 1679 668 1731 διὰ
714 1686 883 1730 ταῦτα
930 1676 1087 1740 ἄξιοι.
1166 1676 1194 1730 ὁ
1234 1673 1335 1745 μὲν
1374 1672 1478 1729 οὖν
1515 1686 1626 1730 τῶν
1665 1678 1779 1731 ὀλί-

11 1783 126 1823 1000
157 1754 393 1837 γων-καὶ
429 1767 804 1820 εὐπαιδεύτων
835 1767 1224 1834 στοχαζόμενος
1259 1766 1264 1833 Ι
1301 1767 1464 1833 λόγος
1496 1765 1597 1818 οὐκ
1627 1767 1778 1818 ἔσται

98 1864 174 1929 τῷ
227 1857 422 1928 φαύλῳ
475 1854 566 1908 καὶ
621 1855 841 1924 ἀμαθεῖ.
883 1856 1086 1923 πλήθει
1147 1856 1411 1922 πιθανός,
1466 1853 1494 1907 ὁ
1551 1850 1611 1906 δὲ
1664 1863 1779 1916 τοῖς

98 1950 323 2007 πολλοῖς
353 1943 443 1997 καὶ
477 1945 720 2013 ἰδιώταις
750 1937 1198 2013 ἀρέσκεινάξιῶν
1228 1944 1777 2012 καταφρονηθήσεται
1803 1962 1845 1994 20

99 2035 236 2103 πρὸς
289 2042 400 2086 τῶν
452 2030 859 2102 χαριεστέρων,.
895 2031 923 2084 ὁ
979 2030 1026 2083 δ’
1074 2030 1354 2100 ἀμφότερα
1414 2030 1779 2101 τάκροατήρια

99 2126 321 2176 πείθειν
360 2125 532 2190 ζητῶν
568 2117 732 2188 ἧττον
763 2118 1114 2183 ἀποτεύξεται
1153 2126 1252 2172 τοῦ
1291 2118 1495 2182 τέλους.
1565 2121 1678 2172 ἔστι
1718 2117 1779 2172 δὲ

103 2207 263 2274 οὗτος
314 2210 341 2264 ὁ
393 2207 826 2278 μεμιγμένος-ἐξ
856 2206 1208 2276 ἀμφοτέρων
1253 2216 1364 2259 τῶν
1410 2209 1778 2276 χαρακτήρων.

103 2301 196 2352 διὰ
240 2306 410 2351 ταῦτα
456 2296 561 2365 ἐγὼ
606 2298 706 2364 τὴν
745 2295 919 2358 οὕτως
963 2293 1466 2364 κατεσκευασμένην
1503 2294 1652 2359 λέξιν
1690 2316 1781 2364 με-

102 2388 407 2458 τριωτάτην
445 2382 586 2439 εἶναι
632 2394 743 2437 τῶν
789 2385 972 2436 ἄλλων
1011 2385 1270 2452 νενόμικα
1315 2382 1403 2436 καὶ
1451 2393 1562 2436 τῶν
1600 2386 1781 2452 λόγων
1804 2401 1847 2435 25

1835 1262 1861 1282 Ἀ

221 2582 249 2620 4
283 2573 370 2634 οἷς]
405 2575 471 2678 οἳὸ
472 2576 507 2619 P
543 2576 549 2632 Ι
592 2573 909 2628 ἀπλοιστυρον
941 2585 1043 2616 corr
1072 2572 1122 2615 in
1153 2571 1464 2628 ἁπλούστερον
1488 2573 1525 2616 Β
1568 2575 1573 2630 Ι
1617 2574 1780 2618 κοινώ-

105 2651 238 2690 τερον
268 2635 317 2678 Μ
503 2636 649 2690 μᾶλον
681 2633 716 2676 Ρ
846 2636 869 2674 7
903 2629 1095 2688 διατίκθη
1099 2646 1180 2676 κεν
1211 2632 1248 2675 Β
1281 2645 1382 2676 corr
1412 2631 1462 2675 in
1492 2646 1572 2689 mg
1603 2631 1664 2675 Β2

109 2699 134 2738 9
167 2692 401 2738 διατίθεσι
429 2639 566 2737 B5¹P
644 2698 693 2735 11
730 2688 910 2747 ἐγκλίου
941 2649 1134 2742 παιδίας
1165 2691 1200 2734 Ρ
1307 2696 1362 2735 14
1395 2689 1501 2742 ἴσως
1532 2705 1588 2735 ex
1620 2689 1701 2735 ἴσω
1733 2691 1780 2734 Μ

227 2758 279 2796 15
313 2752 484 2809 μᾶλλον
508 2753 544 2796 Ρ
660 2756 711 2794 16
744 2748 911 2794 κείνων
934 2749 971 2793 Ρ
1023 2747 1192 2795 κείνων
1223 2750 1273 2793 in
1304 2748 1493 2796 ἐκείνων
1526 2764 1628 2794 corr
1649 2750 1744 2793 ΒΜ
1772 2750 1777 2807 Ι

109 2809 254 2867 μέρως
291 2812 327 2855 Ρ
480 2815 532 2855 17
581 2810 704 2864 ἄξιοι
751 2806 1046 2881 Sylburgius:
1094 2809 1220 2862 ἀξιοῖ
1367 2814 1420 2853 21
1468 2809 1781 2865 τάκροατήρια

109 2869 346 2915 Reiskius:
385 2869 443 2914 τὰ
480 2869 691 2925 κριτήρια
812 2872 868 2910 22
907 2864 1093 2912 πείθεϊν
1124 2868 1161 2912 Ρ
1200 2871 1210 2941 Ι
1247 2865 1374 2919 τέλος
1404 2867 1443 2910 Β
1474 2882 1574 2912 corr
1605 2868 1665 2911 Βι

108 2932 168 2971 ⁴24
197 2927 630 2985 κατασκευασμένην
663 2941 764 2972 corr
795 2926 843 2969 in
874 2940 1299 2985 κατεσκευασμενην
1330 2927 1379 2970 Μ

199 3010 309 3043 Dion.
332 3011 529 3044 Halioam.
565 3012 610 3043 Υ.
1465 3005 1516 3042 11
1573 2990 1575 2997 Ι
