1958 3192
719 149 1124 193 *XXVII-

74 289 133 358 9,
157 290 190 342 3
222 307 325 357 sq„
379 305 535 357 quem
580 285 758 339 locum
803 289 988 338 nostro
1035 284 1249 354 quidem
1294 283 1491 336 iudicio
1544 300 1759 351 pessum

72 378 226 431 dedit
263 374 697 429 Desrousseaux.'

192 464 364 534 Caput
403 464 474 516 de
511 462 794 515 Isocrate
833 480 999 515 unum
1044 461 1173 514 noui
1212 460 1446 513 codicem
1485 460 1578 528 qui
1617 477 1762 528 sepa-

75 558 258 607 ·ratum
298 552 545 605 exhibeat
576 551 958 620 Matritensem,
997 549 1060 602 de
1092 567 1196 618 quo
1228 543 1629 602 Desrousseaux
1659 550 1760 600 ret-

77 642 211 695 tulit
248 641 281 694 l.
321 660 360 694 s,
399 660 448 710 p.
479 639 613 693 VIII
651 659 700 692 n.
733 642 781 693 3.

191 730 380 783 Restat
419 747 603 782 eorum
643 746 809 798 genus
848 727 1107 780 librorum
1146 726 1238 796 qui
1277 725 1488 778 saeculo
1527 723 1658 778 XVI
1697 743 1759 777 eo

71 818 304 872 consilio
355 818 540 886 scripti
587 820 733 886 sunt,
786 819 847 868 ut
892 815 1268 885 opusculorum
1306 813 1760 882 Dionysianorum

74 907 321 976 exempla
353 925 383 958 a
414 905 765 975 typographis
797 904 1070 974 diuolgata
1101 903 1488 972 supplerentur.
1528 902 1583 954 id
1615 902 1761 970 quod

79 999 143 1048 ut
174 994 532 1064 intellegatur,
570 994 751 1062 paucis
782 993 1104 1045 monendum
1135 992 1250 1061 erit,
1282 1010 1387 1061 quo
1413 991 1596 1044 ordine
1627 990 1757 1044 haec

73 1082 337 1152 opuscula
374 1083 631 1152 paulatim
670 1082 881 1150 publice
920 1081 1269 1133 innotuerint:

73 1189 126 1223 a.
169 1171 309 1225 1493
348 1174 508 1240 caput
553 1171 624 1223 de
669 1169 956 1223 Isocrate
1003 1170 1058 1221 in
1104 1169 1334 1222 editione
1372 1168 1611 1237 principe
1650 1167 1760 1220 Iso-

344 1259 502 1311 cratis
540 1258 946 1325 Mediolanensi,
996 1258 1244 1310 iteratum
1293 1258 1349 1309 in
1398 1257 1628 1309 editione
1667 1255 1758 1308 Al-

345 1347 467 1398 dina
506 1365 550 1399 a.
594 1346 734 1399 1513
775 1350 828 1398 et
871 1346 1014 1399 1534

164 1434 304 1487 1502
344 1435 574 1503 epistula
605 1435 671 1486 ad
702 1433 1019 1486 Ammaeum
1060 1434 1122 1486 de
1165 1433 1556 1502 Thucydidis
1595 1433 1757 1485 idio-

339 1524 527 1575 matis
566 1523 623 1575 in
661 1523 893 1575 editione
933 1522 1259 1591 Thucydidis
1297 1520 1494 1574 Aldina

162 1611 300 1664 1508
342 1611 596 1680 opuscula
634 1612 739 1664 tria
778 1612 834 1663 in
873 1611 1052 1664 codice
1084 1610 1374 1663 Parisiensi
1407 1608 1499 1681 (P)
1539 1610 1757 1679 eiusque

335 1700 662 1771 apographis
701 1703 931 1768 seruata,
987 1699 1056 1751 de
1096 1699 1569 1768 compositione
1616 1717 1758 1751 uer-

338 1790 580 1858 borum,
631 1807 734 1841 ars
780 1742 1105 1840 rhet⁷orioa
1152 1806 1286 1856 quae
1325 1788 1520 1840 dicitur
1558 1790 1612 1841 et
1650 1788 1756 1856 epi-

340 1878 479 1931 stula
529 1878 591 1930 de
630 1877 956 1946 Thucydidis
1004 1877 1301 1946 idiomatiS‚
1355 1877 1411 1929 in
1455 1876 1756 1929 Rhetorum

339 1984 648 2037 graecorum
674 1966 739 2018 ab
757 1965 896 2018 Aldo
919 1965 1266 2018 collectorum
1288 1965 1560 2018 1101111111116
1577 1965 1755 2034 Ρ1·101·6

154 2055 299 2109 1513
339 2058 498 2124 caput
543 2055 614 2107 de
651 2055 843 2123 Lysia
888 2054 943 2106 in
990 2052 1276 2106 Oratorum
1323 2071 1635 2123 graecorum
1686 2054 1752 2106 ab

338 2143 477 2196 Aldo
517 2143 781 2196 editorum
820 2142 1094 2195 uolumine
1132 2143 1305 2211 primo

155 2231 297 2285 1547
338 2232 605 2285 Robertus
668 2230 970 2300 Stephanus
1040 2231 1095 2282 in
1156 2230 1443 2299 appendice
1504 2229 1755 2299 Dionysii

338 2319 738 2390 Antiquitatum
777 2320 1138 2372 Romanarum
1176 2319 1422 2372 Lutetiae
1466 2319 1606 2372 1546
1647 2319 1754 2372 edi-

337 2412 512 2461 tarum
568 2427 929 2478 quaecumque
986 2411 1113 2460 tunc
1166 2408 1383 2477 uolgata
1429 2411 1579 2460 erant
1626 2425 1755 2476 opu-

339 2497 485 2550 scula
521 2497 726 2566 primus
759 2497 990 2550 editione
1021 2497 1320 2549 coniunxit:
1360 2497 1464 2548 tria
1503 2495 1569 2548 ab
1609 2494 1750 2548 Aldo

337 2586 394 2638 in
417 2586 715 2638 Rhetorum
747 2589 784 2637 t.
809 2584 835 2637 I
865 2585 1151 2654 publicata,
1182 2584 1415 2654 Lysiam,
1447 2583 1752 2637 Isocratem.

339 2678 571 2727 ceterum
620 2674 836 2742 Lysiam
891 2677 944 2726 et
993 2672 1304 2742 Isocratem,
1359 2691 1478 2725 cum
1532 2673 1752 2725 titulum

338 2762 739 2831 exprimendum
795 2762 969 2830 operis
1019 2762 1281 2830 traderet,
1342 2762 1579 2814 nondum
1631 2779 1751 2830 pro·

337 2854 582 2919 spexerat

164 2937 306 2990 1554
343 2938 604 2991 Hemicus
646 2937 946 3006 Stephanus
984 2938 1114 2990 haec
1165 2938 1354 2990 adiecit
1393 2938 1630 3004 corporis
1669 2954 1754 2987 su-
