1958 3192
859 149 1091 191 ΛΤΣΙΑΣ
1743 149 1813 201 41

138 281 240 339 οὖν
280 285 422 346 ἰδίας
459 286 684 351 πίστεις,
724 284 796 346 ὡς
836 283 902 336 οὐ
941 287 1164 336 πολλῶν
1202 285 1282 335 ἔτι
1322 285 1504 350 λόγων
1538 282 1817 352 δεομένας,

137 371 212 426 δι’
251 371 434 425 αὐτῶν
479 375 795 441 βεβαιοῦται
846 382 957 425 τῶν
1002 371 1298 442 μαρτύρων
1344 369 1511 424 οὐδὲν
1557 371 1747 442 ἕτερον
1784 372 1816 441 ἢ

138 468 299 514 τοῦτο
347 461 541 513 εἰπών·
589 461 846 531 (Πρῶτον
891 458 992 531 μὲν
1038 456 1141 514 οὖν
1185 461 1398 513 τούτων
1444 460 1685 530 ἀνάβητέ
1724 482 1819 530 μοι

137 549 440 620 μάρτυρεςῖ
511 550 576 602 τὰ
624 547 684 602 δὲ
731 558 830 603 τοῦ
878 549 1164 603 ἀντιδίκου
1209 549 1395 602 δίκαια
1440 544 1564 620 δίχῇ
1612 553 1819 619 νείμας,

137 639 210 700 ὡς
255 639 321 690 τὰ
367 635 469 707 μὲν
521 638 963 707 ὁμολογήσαντος
1009 638 1180 691 αὐτοῦ
1226 641 1417 707 λαβεῖν
1461 637 1552 690 καὶ
1600 640 1678 701 εἰς
1724 639 1820 700 τὰς
1865 653 1885 686 5

137 727 344 797 τροφὰς
383 737 494 780 τῶν
532 727 796 798 ὀρφανῶν
842 726 1182 796 ἀνηλωκέναι
1230 726 1606 796 σκηψαμένου,
1654 728 1720 779 τὰ
1760 723 1821 779 δὲ

138 814 368 885 ἐξάρνου
429 814 762 884 γενηθέντος
823 815 1106 885 εἰληφέναι
1166 817 1392 868 κᾶπειτα
1447 813 1821 884 ἐλεγχθέντος,

24 942 25 948 1
51 917 134 958 512
158 901 297 974 ὑπὲρ
338 902 679 975 ἀμξφοτέρων
708 914 944 958 ποιεῖται
976 906 1074 958 τὸν
1105 907 1275 973 λόγον
1305 906 1400 967 τὰς
1433 901 1541 973 [δὲ]
1576 905 1822 966 δαπάνας

139 993 239 1062 οὐχ
279 993 342 1056 ἃς
383 993 588 1056 ἐκεῖνος
627 993 871 1062 ἀπέφηνε
909 993 1171 1061 γενέσθαι
1212 992 1388 1061 λέγων
1426 991 1516 1045 καὶ
1554 992 1680 1063 περὶ
1712 1002 1823 1045 τῶν

139 1082 465 1151 ἀμφιβόλων
502 1084 597 1144 τὰς
635 1086 846 1145 πίστεις
885 1082 1212 1144 ἀποδιδούς·
1436 1085 1443 1087 ’
1847 1097 1890 1128 10

251 1169 434 1235 εἈξιῶ
485 1174 702 1238 τοίνυν,
765 1168 806 1224 ὦ
862 1172 1060 1240 ἄνδρες
1112 1172 1388 1238 δικασταί,
1451 1178 1525 1242 τῷ
1580 1171 1908 1242 λογισμῷ27

139 1251 429 1330 προσέχειν
468 1260 566 1312 τὸν
604 1268 767 1328 νοῦν,
823 1260 914 1312 ἵνα
960 1261 1090 1321 τοὺς
1128 1256 1229 1328 μὲν
1267 1260 1590 1321 νεανίσκους
1629 1260 1722 1311 διὰ
1761 1260 1821 1312 τὸ

138 1347 373 1418 μέγεθος
403 1357 515 1401 τῶν
546 1358 850 1418 συμφορῶν
882 1347 1150 1416 ἐλεήσητε,
1189 1355 1389 1401 τοῦτον
1422 1346 1473 1400 δ’
1510 1349 1677 1401 ἅπασι
1709 1357 1825 1411 τοῖς

138 1441 387 1500 πολίταις
444 1435 600 1501 ἄξιον
654 1437 821 1507 ὀργῆς
880 1436 1176 1505 ἡγήσησθε.
1261 1437 1339 1498 εἰς
1392 1437 1665 1505 τοσαύτην
1718 1438 1823 1507 γὰρ

138 1527 386 1591 ὑποψίαν
424 1528 734 1593 Διογείτων
772 1526 979 1588 πάντας
1018 1525 1353 1595 ἀνθρώπους
1383 1526 1521 1595 πρὸς
1553 1525 1825 1594 ἀλλήλους
1850 1539 1892 1572 15

138 1618 491 1683 καθίστησιν,
553 1615 690 1667 ὥστε
743 1616 874 1683 μήτε
929 1617 1131 1679 ζῶντας
1183 1615 1315 1683 μήτε
1369 1612 1826 1684 ἀποθνῄσκοντας

141 1700 313 1773 μηδὲν
381 1707 592 1772 μᾶλλον
659 1711 774 1765 τοῖς
843 1704 1197 1765 οἰκειοτάτοις
1264 1702 1297 1771 ἢ
1367 1711 1482 1764 τοῖς
1552 1702 1827 1771 ἐχθίστοις

140 1793 446 1845 πιστεύειν·
487 1791 547 1854 ὃς
587 1791 846 1860 ἐτόλμησε
884 1802 995 1844 τῶν
1032 1788 1133 1861 μὲν
1172 1790 1400 1862 ἔξαρνος
1438 1789 1718 1859 γενέσθαι,
1761 1792 1827 1842 τὰ

15 1853 36 1960 {⁶
143 1877 202 1933 δὲ
257 1884 526 1933 τελευτῶν
587 1880 928 1949 ὁμολογήσας
989 1883 1136 1949 ἔχειν
1194 1881 1271 1942 εἰς
1326 1881 1428 1932 δύο
1482 1880 1682 1942 παῖδας
1736 1878 1826 1931 καὶ

22 1980 34 2043 ‘3
142 1968 391 2037 ἀδελφὴν
451 1973 633 2038 λῆμμα
692 1967 783 2021 καὶ
838 1969 1099 2038 ἀνάλωμα
1153 1968 1213 2021 ἐν
1267 1969 1406 2022 ὀκτὼ
1461 1970 1639 2021 ἔτεσιν
1694 1967 1826 2021 ἑπτὰ
1850 1983 1894 2015 20

13 1979 33 2108 ὃ
56 2068 140 2108 513
166 2058 404 2110 τάλαντα
449 2057 719 2127 ἀργυρίου
762 2056 768 2127 Ι
809 2056 899 2109 καὶ
950 2055 1353 2126 ἑπτακισχιλίας
1404 2058 1648 2126 δραχμὰς
1695 2056 1827 2109 ἀπο-

144 2146 329 2210 δεῖξαι.
398 2144 488 2198 καὶ
529 2147 606 2207 εἰς
652 2153 813 2198 τοῦτο
860 2142 1035 2213 ἦλθεν
1081 2145 1494 2214 ἀναισχυντίας,
1542 2147 1678 2198 ὥστε
1726 2145 1827 2197 οὐκ

145 2236 308 2303 ἔχων,
356 2235 481 2288 ὅποι
528 2232 741 2303 τρέψειε
788 2235 853 2286 τὰ
899 2235 1169 2304 χρήματα,
1222 2235 1299 2296 εἰς
1338 2235 1480 2298 ὄψον
1518 2231 1619 2302 μὲν
1665 2235 1828 2286 δυοῖν

262 2369 290 2407 4
321 2372 403 2409 τοῦ
436 2365 530 2408 add
563 2364 622 2407 F2
714 2369 736 2407 7
772 2362 989 2423 ἐξάρνου]
1023 2362 1211 2416 ἐξαίνου
1234 2365 1271 2407 Ρ
1318 2362 1515 2420 ἐνάρξου
1540 2364 1587 2406 Μ
1620 2363 1702 2409 sed
1727 2377 1829 2407 corr

145 2423 195 2466 in
225 2439 304 2480 mg
332 2427 337 2480 Ι
366 2421 635 2482 ἐλεχθέντος
665 2424 701 2467 P
793 2428 818 2466 8
851 2422 933 2474 τὰς
964 2421 1200 2481 δαπάνας]
1232 2422 1314 2474 τὰς
1345 2425 1398 2467 δε
1430 2422 1649 2473 δαπάνας
1672 2423 1707 2466 F
1746 2422 1828 2472 τὰς

147 2481 197 2526 δὲ
230 2482 450 2534 δαπάνας
479 2483 526 2526 Μ
573 2482 655 2534 τὰς
686 2480 737 2527 δὲ
770 2481 924 2533 πάνας
955 2482 1036 2525 ΡΒ
1083 2481 1165 2533 τάς
1187 2498 1235 2526 τε
1260 2481 1479 2533 δαπάνας
1503 2481 1827 2539 GSylburgius

264 2546 289 2584 9
321 2540 535 2598 ἀπέφηνε
570 2556 626 2586 ex
656 2540 869 2598 ὑπέφηνε
901 2541 961 2583 F²
1093 2547 1147 2585 10
1180 2542 1341 2592 διδούς
1372 2543 1407 2584 Ρ
1544 2547 1596 2584 11
1631 2544 1827 2597 λογισμῶ

147 2613 203 2644 ex
233 2599 516 2657 λογισαμένω
548 2601 608 2644 F²
700 2606 754 2644 13
788 2600 989 2655 ἐλεήσετε
1019 2600 1068 2643 Μ
1103 2602 1108 2659 Ι
1145 2598 1195 2644 δὲ
1227 2601 1263 2644 Ρ
1364 2606 1418 2644 14
1450 2599 1557 2658 γὰρ]
1591 2598 1639 2644 δ’
1670 2600 1710 2644 G

149 2664 202 2703 15
234 2660 350 2716 πρὸς
380 2659 602 2715 ἀλλήλους
632 2660 794 2704 MPB:
840 2659 904 2710 εἰς
935 2659 1157 2715 ἀλλήλους
1186 2659 1260 2703 Fv
1292 2673 1367 2703 om
1401 2659 1439 2703 G
1563 2665 1615 2703 16
1650 2658 1824 2715 μήτε-

148 2717 257 2773 μήτε
297 2719 500 2764 Bekker:
544 2716 853 2775 μηδὲ-μηδὲ
985 2723 1037 2762 17
1079 2716 1244 2777 μηδὲν]
1284 2719 1343 2775 μὴ
1386 2717 1436 2762 δὲ
1477 2719 1512 2761 Ρ
1636 2723 1689 2762 18
1736 2725 1826 2761 τῶν

148 2774 232 2831 μὲν
284 2778 367 2822 F¹:
421 2777 480 2821 τὰ
534 2776 618 2833 μὲν
672 2776 985 2821 F²MPBGV
1118 2783 1171 2821 19
1229 2778 1349 2835 ἔχειν
1403 2777 1645 2821 Reiskius:
1709 2776 1826 2820 ἑλεῖν

265 2841 322 2878 20
353 2839 472 2893 λῆμα
504 2837 689 2880 FMPB
793 2842 845 2880 21
882 2835 1247 2894 ἑπτακισχιλίους
1278 2837 1312 2879 F
1417 2841 1472 2879 23
1506 2835 1613 2880 ὅποι
1644 2834 1824 2891 τρέψειε

150 2892 343 2939 Οοιιωεε
370 2894 487 2939 ὅπου
513 2894 752 2951 στρέψειεν
776 2896 811 2939 F
845 2894 963 2940 ὅπου
988 2895 1197 2953 στρέψειε
1221 2895 1354 2939 PBG
1394 2894 1511 2939 ὅπου
1538 2893 1754 2950 στράψειε
1779 2893 1825 2934 M

152 2951 183 3007 (i
216 2965 240 2996 e
273 2951 394 3003 ὅπως
425 2953 664 3011 γράψειεῖ)
