2004 3202
197 137 301 189 358
609 135 948 179 ΔιοΝΤΣΙοΤ
981 131 1449 175 ΑΛΙΚΑΡΝΑΣΕΩΣ

197 278 327 334 ἴσως
365 270 454 324 καὶ
499 268 623 340 περὶ
671 270 868 338 ταύτης
914 276 1007 335 τῆς
1055 265 1202 328 ἰδέας
1247 273 1556 335 προειπεῖν,
1607 265 1685 326 εἰς
1729 265 1872 317 πόσα
1948 284 1978 342 ᾗ

196 379 253 412 τε
291 359 425 429 μέρη
467 360 802 427 διαιρεῖσθαι
841 355 1085 425 πέφυκεν
1114 353 1147 421 ἡ
1181 352 1324 416 λέξις
1359 350 1451 406 καὶ
1489 355 1643 415 τίνας
1673 354 1875 422 περιεί-
1944 347 1950 353 ”

198 453 371 516 ληφεν
406 447 411 516 1
446 447 659 517 ἀρετάς·
699 449 881 498 ἔπειτα
913 446 1172 511 δηλῶσαι,
1209 450 1325 504 πῶς
1357 443 1592 510 ἔχουσαν
1623 440 1797 508 αὐτὴν
1828 440 1982 510 (886ῑῇΞ

204 537 549 604 Θουκυδίδης
601 537 746 604 παρὰ
806 543 915 586 τῶν
975 533 1080 601 πρὸ
1136 530 1308 583 αὐτοῦ
1369 529 1684 599 γενομένων
1746 543 1876 598 συγ-

157 642 176 672 5
201 622 459 692 γραφέων
511 623 805 692 παρέλαβε,
859 619 946 673 καὶ
1001 622 1124 672 τίνα
1180 625 1314 689 μέρη
1360 627 1574 689 πρῶτος
1620 618 1878 671 ἁπάντων
1951 622 1958 645 ‘³

201 711 517 778 ἐκαίνωσεν,
566 717 621 763 εἰῖ
659 709 706 762 τ’
755 708 839 762 ἐπὶ
879 710 939 761 τὸ
987 717 1236 777 κρεῖττον
1275 712 1329 760 εἴ
1361 705 1405 759 τ’
1445 705 1532 759 ἐπὶ
1571 708 1632 759 τὸ
1673 715 1876 776 χεῖρον,
1952 758 1955 761 .

1977 555 1984 638 μμ.

200 797 373 868 μηδὲν
413 799 887 868 ἀποκρυψάμενον.
1979 846 1985 876 ᾖ

115 905 185 956 22
295 900 409 954 Ὅτι
455 899 555 970 μὲν
601 898 703 954 οὖν
749 902 928 953 ἅπασα
960 899 1102 964 λέξις
1141 901 1218 962 εἰς
1265 899 1367 952 δύο
1408 898 1543 969 μέρη
1585 901 1876 970 διαιρεῖται
1979 949 1985 976 ¹

200 992 264 1042 τὰ
301 999 502 1058 πρῶτα,
544 995 622 1052 εἰῖς
659 1010 715 1043 τε
754 991 855 1058 τὴν
895 989 1126 1058 ἐκλογὴν
1163 998 1275 1042 τῶν
1314 989 1617 1058 ὀνομάτων,
1655 987 1750 1058 ὑφ’
1798 984 1877 1042 ὧν
1978 978 1985 1044 ἔ

136 1095 176 1126 ιο
201 1079 458 1144 δηλοῦται
490 1080 554 1130 τὰ
584 1079 888 1148 πράγματα,
919 1077 1009 1131 καὶ
1043 1079 1120 1140 εἰς
1151 1078 1252 1146 τὴν
1283 1078 1555 1130 σύνθεσιν
1584 1087 1696 1130 τῶν
1728 1077 1877 1131 ε’λατ-
1923 1063 1928 1068 ’
1979 1061 1986 1148 1

199 1168 375 1218 τόνων
413 1186 470 1218 τε
507 1165 597 1219 καὶ
636 1169 900 1235 μειζόνων
938 1169 1166 1237 μορίων,
1205 1164 1296 1218 καὶ
1337 1166 1420 1219 ὅτι
1458 1167 1672 1219 τούτων
1710 1162 1879 1229 αὖθις
1980 1159 1985 1248 ξ

199 1252 453 1322 ἑκάτερον
491 1256 567 1316 εἰς
605 1253 761 1324 ἕτερα
799 1258 964 1324 μόρια
995 1256 1304 1325 διαιρεῖται,
1342 1254 1374 1322 ἡ
1408 1251 1508 1324 μὲν
1540 1254 1735 1323 ἐκλογὴ
1767 1264 1879 1308 τῶν
1982 1252 1986 1309 T

199 1344 562 1410 στοιχειωδῶν
599 1347 810 1413 μορίων
848 1343 1216 1414 (ὀνοματικῶν
1255 1342 1394 1412 λέγω
1434 1342 1523 1396 καὶ
1565 1344 1879 1413 ῥηματικῶν

199 1430 285 1483 καὶ
327 1431 684 1502 συνδετικῶν)
725 1438 803 1495 εἴς
840 1452 898 1485 τε
929 1433 1030 1500 τὴν
1067 1435 1268 1503 κυρίαν
1299 1433 1508 1503 φράσιν
1538 1431 1629 1484 καὶ
1668 1434 1745 1494 εἰς
1776 1433 1879 1500 τὴν
1951 1479 1959 1487 ,

136 1534 175 1565 15
200 1522 488 1588 τροπικήν,
540 1521 572 1588 ἡ
623 1518 682 1573 δὲ
729 1522 992 1583 σύνθεσις
1038 1526 1117 1583 εἴς
1161 1541 1219 1574 τε
1271 1522 1337 1574 τὰ
1383 1523 1630 1590 κόμματα
1675 1519 1766 1573 καὶ
1811 1522 1877 1574 τὰ

200 1613 345 1661 κῶλα
390 1607 478 1660 καὶ
526 1610 620 1671 τὰς
658 1611 975 1679 περιόδους,
1021 1609 1112 1662 καὶ
1159 1611 1241 1663 ὅτι
1293 1610 1508 1672 τούτοις
1548 1609 1880 1679 ἀμφοτέροις
1956 1622 1986 1669 τί]

202 1696 503 1764 συμβέβηκε
545 1696 706 1767 (λέγω
756 1699 823 1765 δὴ
863 1708 978 1760 τοῖς
1016 1718 1073 1751 τε
1121 1698 1314 1761 ἁπλοῖς
1363 1697 1454 1751 καὶ
1493 1697 1717 1767 ἀτόμοις
1755 1698 1879 1751 ὀνό-

201 1798 329 1851 μασι
383 1784 470 1836 καὶ
525 1795 639 1847 τοῖς
695 1786 751 1838 ἐκ
805 1787 1018 1839 τούτων
1072 1785 1389 1858 συνθέτοις)
1448 1788 1514 1840 τὰ
1567 1787 1878 1855 καλούμενα

202 1874 458 1940 σχήματα,
490 1873 578 1926 καὶ
604 1875 686 1927 ὅτι
711 1884 822 1926 τῶν
851 1875 1208 1944 καλουμένων
1238 1865 1450 1946 ἀρετῶν
1479 1878 1540 1927 αἳ
1567 1874 1668 1943 μέν
1699 1876 1841 1928 εἰσιν
1869 1873 1873 1943 Ι

136 1978 177 2010 20
201 1960 488 2027 ἀναγκαῖαι
527 1962 616 2014 καὶ
658 1963 717 2015 έν
755 1964 959 2016 ἅπασιν
997 1964 1286 2033 ὀφείλουσι
1324 1973 1579 2035 παρεῖναι
1618 1972 1734 2026 τοῖς
1773 1965 1862 2016 λό-
1878 1973 1991 2017 868,

202 2068 343 2114 γοις,
390 2053 450 2102 αἳ
492 2050 540 2102 δ’
584 2050 828 2104 ἐπίθετοι
875 2051 965 2104 καὶ
1017 2053 1151 2105 ὅταν
1194 2053 1512 2106 ὑποστῶσιν
1557 2053 1613 2105 αἱ
1650 2062 1878 2122 πρῶται,
1962 2045 1967 2049 ’

202 2138 318 2188 τότε
374 2139 474 2205 τὴν
530 2137 738 2192 ἑαυτῶν
794 2142 953 2208 ἰσχὺν
1015 2143 1421 2210 λαμβάνουσιν,
1484 2146 1693 2211 εἴρηται
1747 2144 1879 2193 πολ-

205 2228 318 2285 λοῖς
356 2229 637 2296 πρότερον.
700 2228 830 2290 ὤςτε
882 2227 1049 2282 οὐδὲν
1095 2231 1180 2283 δεῖ
1217 2228 1343 2299 περὶ
1383 2229 1567 2282 αὐτῶν
1610 2226 1702 2298 ἐμὲ
1748 2227 1877 2281 νυνὶ

205 2311 382 2378 λέγειν
445 2314 564 2366 οὐδ’
620 2315 672 2378 ἐξ
733 2312 811 2368 ὧν
871 2319 1246 2387 θεωρημάτων
1306 2337 1364 2371 τε
1423 2316 1514 2371 καὶ
1574 2321 1879 2385 παραγγελ-

139 2414 180 2444 25
204 2400 386 2465 μάτων
432 2403 640 2454 τούτων
693 2414 803 2455 τῶν
857 2405 1066 2474 ἀρετῶν
1121 2405 1314 2475 ἑκάστη
1366 2410 1600 2474 γίνεται,
1655 2409 1879 2458 πολλῶν

206 2486 400 2536 ὄντων·
441 2488 526 2540 καὶ
569 2493 670 2558 γὰρ
703 2500 871 2544 ταῦτα
903 2502 996 2560 τῆς
1029 2494 1418 2563 ἀκριβεστάτης
1449 2493 1700 2563 τέτευχεν
1736 2493 1878 2561 ἕξεθ-

206 2576 408 2637 γασιάς.

282 2803 289 2811 .
327 2747 501 2811 [πόσα
534 2747 577 2792 τὲ
615 2750 680 2794 M:
715 2751 833 2795 πόσοι
867 2754 933 2795 l'f
1120 2762 1142 2799 7
1176 2756 1573 2813 ἀποκρυψάμενος
1603 2756 1744 2799 MPf:
1778 2767 1880 2798 001'1‘

211 2803 423 2847 Re1sk1us
577 2814 628 2851 16
662 2810 765 2863 περὶ
799 2810 936 2862 ὅδους
961 2813 995 2855 P
1141 2821 1191 2858 17
1226 2816 1305 2874 δὴ]
1339 2814 1390 2860 δὲ
1423 2816 1466 2859 ci
1498 2816 1760 2871 Kruegerus

209 2868 257 2903 21
295 2864 551 2909 ὑποστῶσιν
585 2867 650 2910 M:
691 2869 938 2913 ὑπιστῶσιν
964 2872 998 2914 P
1037 2873 1288 2928 ὑφιστῶσιν
1312 2875 1336 2919 f
1372 2875 1627 2930 ὑφεστῶσιν
1659 2871 1877 2916 ReiSkiUS

325 2927 380 2964 22
413 2923 693 2982 λαμβάνουσι
724 2928 757 2968 I’
878 2934 933 2971 ‘24
967 2931 1040 2972 καὶ
1076 2933 1357 2988 πραγμάτων
1388 2933 1561 2977 τούτων
1593 2931 1718 2974 MPf
