2004 3202
125 682 147 714 5

105 1125 147 1156 10

176 176 282 229 194
588 176 930 220 ΔΙΟΝΤΣῙΟΤ
959 175 1427 220 ΑΑῙΚΑΡΝΑΣΕΩΣ

171 313 303 381 μίαν
339 318 607 383 πειρᾶσθε
647 314 807 380 ἔχειν,
852 310 997 371 ὅπως
1035 310 1269 378 μάλιστα
1306 306 1407 379 μὲν
1444 308 1849 380 ὑπερβαλεῖσθε

169 396 262 453 καὶ
306 400 445 470 ἡμᾶς
489 399 580 453 καὶ
626 402 755 461 τοὺς
800 401 1050 469 πρόσθεν
1089 397 1328 469 εὐκλείᾳ,
1377 399 1425 451 εἰ
1464 395 1525 451 δὲ
1570 400 1668 467 μή,
1716 403 1847 467 ἴστε,

170 489 243 551 ὡς
280 488 428 558 ἡμῖν,
469 487 538 541 ἂν
568 485 669 557 μὲν
699 496 937 555 νικῶμεν
966 486 1108 555 ὑμᾶς
1138 485 1320 557 ἀρετῇ,
1357 485 1390 555 ἡ
1423 489 1547 554 νίκη
1581 487 1850 555 αἰσχύνην

171 575 344 646 φέρει,
383 576 415 644 ἡ
449 574 510 630 δὲ
543 573 692 644 ἧττα,
733 573 1164 644 ἐὰνζὴττώμεθα,
1204 574 1575 644 εὐδαιμονίαν.
1637 579 1849 644 μᾶλλον

171 664 219 718 δ’
245 664 315 718 ἂν
345 664 625 736 νικῴμεθα
655 662 746 716 καὶ
777 663 933 732 ὑμεῖς
963 661 1210 734 νικῴητε,
1251 665 1298 716 εἰ
1332 655 1848 734 παρασκευάσαισθε

171 762 234 824 τῇ
275 763 384 806 τῶν
421 755 712 823 προγόνων
751 750 882 823 δόξῃ
905 800 913 802 .
925 752 998 821 μὴ
1045 754 1509 822 καταχρησόμενοι
1555 751 1679 821 μηδ’
1718 751 1848 804 ἀνα-

171 843 437 903 λώσοντες
476 841 695 909 ταύτην,
742 842 968 908 γνόντες
1014 840 1097 893 ὅτι
1141 839 1304 910 ἀνδρὶ
1344 839 1575 912 οἰομένῳ
1614 861 1667 894 τι
1706 837 1848 893 εἶναι

172 931 272 984 οὐκ
311 932 459 983 ἔστιν
491 935 707 998 αἴσχιον
739 925 905 982 οὐδὲν
939 928 973 997 ἢ
1012 927 1273 999 παρέχειν
1305 927 1502 982 ἑαυτὸν
1539 930 1848 998 τιμώμενον

170 1021 242 1088 μὴ
290 1018 364 1071 δι’
404 1019 590 1086 αὑτόν,
637 1017 775 1071 ἀλλὰ
822 1019 915 1070 διὰ
962 1016 1130 1081 δόξαν
1175 1019 1482 1087 προγόνων.
1559 1014 1703 1071 εἶναι
1746 1015 1849 1087 μὲν

171 1109 274 1177 γὰρ
310 1109 466 1176 τιμὰς
505 1104 716 1174 γονέων
750 1105 996 1173 ἐκγόνοις
1033 1106 1198 1168 καλὸς
1236 1107 1520 1176 θησαυρὸς
1557 1105 1649 1159 καὶ
1687 1125 1848 1175 μεγα-

135 1245 140 1249 .
170 1197 458 1264 λοπρεπής,
496 1196 945 1265 καταχρήσασθαι
985 1191 1046 1247 δὲ
1084 1195 1375 1265 χρημάτων
1412 1193 1502 1247 καὶ
1542 1204 1715 1264 τιμῶν
1745 1200 1848 1262 θη-

102 1565 144 1597 15

103 2006 145 2037 20

170 1290 355 1355 σαυρςό
393 1282 484 1336 καὶ
523 1284 595 1352 μὴ
636 1291 751 1346 τοῖς
790 1282 1039 1350 ἐκγόνοις
1083 1285 1452 1354 παραδιδόναι
1491 1284 1720 1353 αἰσχρὸν
1757 1281 1847 1335 καὶ

169 1373 448 1441 ἄνανδρον
486 1371 689 1443 ἀπορίᾳ
729 1372 889 1424 ἰδίων
928 1371 1100 1424 αὐτοῦ
1141 1373 1430 1440 κτημάτων
1467 1391 1524 1425 τε
1562 1370 1652 1424 καὶ
1692 1371 1849 1424 εὐδο-

169 1460 313 1524 ξιῶν.
388 1458 479 1512 καὶ
532 1459 602 1528 ἢν
652 1457 753 1529 μὲν
802 1467 972 1512 ταῦτα
1027 1459 1436 1528 ἐπιτηδεύσητε,
1491 1463 1647 1529 φίλοι
1699 1460 1847 1528 παρὰ

169 1551 368 1617 φίλους
401 1547 542 1617 ἡμᾶς
574 1547 856 1617 ἀφίξεσθε,
898 1548 1030 1601 ὅταν
1060 1548 1202 1616 ὑμᾶς
1232 1548 1264 1616 ἡ
1297 1550 1650 1618 προσήκουσα
1681 1557 1847 1616 μοῖρα

166 1638 383 1706 κομίσῃ,
415 1636 788 1705 ἀμελήσαντας
811 1633 873 1688 δὲ
901 1635 905 1706 Ι
933 1636 1073 1704 ὑμᾶς
1103 1634 1195 1688 καὶ
1225 1635 1588 1699 κακισθέντας
1613 1634 1797 1698 οὐδεὶς
1822 1650 1934 1689 1047

169 1724 408 1793 εὐμενῶς
438 1724 774 1788 ὑποδέξεται.
829 1733 943 1787 τοῖς
975 1722 1076 1794 μὲν
1101 1721 1204 1778 οὗν
1225 1724 1381 1778 παισὶ
1412 1724 1563 1778 ταῦτ’
1590 1726 1847 1794 εἰρήσθω.

167 1811 403 1882 πατέρας
442 1809 502 1865 δὲ
540 1813 712 1882 ἡμῶν,
753 1806 835 1875 οἷς
874 1815 998 1881 εἰσι,
1036 1811 1126 1865 καὶ
1162 1812 1395 1883 μητέρας
1427 1812 1510 1866 ἀεὶ
1542 1814 1644 1884 χρὴ
1675 1830 1847 1883 παρα-

169 1906 474 1969 μυθεῖσθαι
526 1901 598 1963 ὡς
653 1900 824 1972 ῥᾷστα
878 1900 1070 1971 φέρειν
1115 1902 1217 1969 τὴν
1263 1901 1572 1971 συμφοράν,
1626 1899 1696 1969 ἢν
1742 1902 1847 1971 ἄρα

170 1992 348 2059 συμβῇ
396 1988 675 2057 γενέσθαι,
719 1988 811 2042 καὶ
856 1990 928 2058 μὴ
977 1991 1403 2060 συνοδύρεσθαι.
1481 1989 1547 2042 οὐ
1594 1991 1698 2060 γὰρ
1745 1997 1844 2042 τοῦ

169 2079 507 2145 λυπήσοντος
559 2079 1019 2148 προσδεήσονται·
1084 2079 1240 2147 ἱκανὴ
1296 2080 1400 2148 γὰρ
1458 2080 1607 2130 ἔσται
1665 2076 1756 2130 καὶ
1810 2077 1843 2146 ἡ

167 2164 431 2234 γενομένη
493 2167 627 2234 τύχη
689 2174 851 2219 τοῦτο
908 2169 1166 2236 πορίζειν.
1250 2165 1369 2220 ἀλλ’
1427 2165 1693 2235 ἰωμένους
1753 2164 1844 2219 καὶ

288 2330 309 2367 1
351 2328 606 2380 πειρᾶσθαι
643 2326 679 2368 Β
731 2326 736 2383 Ι
785 2326 1110 2384 ὑπερβαλῆσθε
1149 2326 1243 2369 ΜΡ
1295 2326 1648 2399 ὑπερβαλῆσθαι
1687 2326 1724 2368 Β

169 2388 194 2425 3
228 2385 446 2441 νικῶμεν]
482 2392 683 2457 κινῶμεν
705 2385 742 2427 Ρ
783 2386 789 2440 Ι
833 2385 1068 2442 αἰσχύνειν
1092 2385 1142 2427 Μ
1245 2389 1274 2427 4
1304 2380 1417 2439 ἧττα
1448 2385 1521 2428 M:
1560 2383 1698 2441 ήττον
1723 2384 1805 2426 ΒΡ
1834 2384 1838 2440 Ι

168 2442 384 2496 κτώμεθα
403 2442 484 2484 ΒΡ
512 2442 518 2500 Ι
546 2442 738 2498 μάλιστα
764 2441 807 2486 δ’
823 2446 874 2486 Π
944 2449 969 2487 5
994 2444 1240 2503 ἡττώμεθα
1256 2446 1306 2486 Π
1326 2444 1332 2502 Ι
1360 2443 1577 2516 νικτῴητε
1593 2443 1630 2484 Β
1659 2443 1664 2500 Ι
1691 2457 1843 2497 παρα-

170 2499 478 2544 σκευάσαισθε
496 2504 559 2545 H:
591 2501 1002 2557 παρασκευάσεσθε
1027 2504 1102 2547 Pv
1139 2500 1560 2558 παρασκευάσασθε
1583 2500 1656 2544 M²
1692 2516 1842 2556 παρα-

170 2557 488 2602 σκευάσασθαι
519 2559 634 2602 ΜῙΒ
734 2565 759 2602 6
791 2561 828 2603 Β
860 2577 939 2618 mg
969 2562 1108 2605 rubro
1140 2562 1270 2618 ὑμεῖς
1310 2563 1315 2617 Ι
1357 2559 1752 2617 καταχρησόμενοι
1776 2562 1841 2604 H:

170 2616 569 2691 καταχρησάμενοι
600 2619 777 2663 MBPV
812 2621 818 2675 Ι
857 2620 1171 2671 ἀναλωσοντες
1203 2623 1271 2665 H:
1310 2619 1631 2669 ἀναλώσαντες
1663 2618 1842 2662 MBPv

288 2682 310 2719 7
338 2677 453 2732 αὐτὴ
458 2679 547 2720 νΠ
627 2684 652 2721 8
679 2679 762 2721 οὐκ
789 2677 881 2721 ἔτιν
898 2679 935 2721 Β
1013 2684 1038 2722 9
1063 2677 1126 2723 δι’
1145 2678 1443 2723 αὐτόνΜΒΡ
1522 2682 1575 2720 10
1600 2693 1687 2733 γαρ
1711 2694 1843 2728 τινας

167 2734 307 2778 ΜΒΡ
393 2740 443 2777 11
471 2735 855 2807 καταχρήσασθαι
879 2736 951 2795 δὲ]
975 2742 1188 2797 χρῆσθαι
1204 2735 1255 2782 δε
1280 2736 1360 2781 καὶ
1382 2739 1432 2779 Π
1455 2737 1461 2794 Ι
1487 2738 1712 2808 θησαυρῷ
1736 2739 1839 2780 Hv:

167 2794 411 2850 θησαυρὸν
427 2794 567 2837 ΜΒΡ
645 2798 699 2837 14
723 2792 799 2852 ἢν]
827 2794 908 2838 ἐὰν
927 2799 977 2839 Π
1048 2802 1101 2840 15
1125 2794 1262 2854 ὑμᾶς]
1286 2795 1407 2869 ἡμᾶς
1430 2795 1465 2837 Ρ
1543 2800 1598 2838 18
1622 2792 1668 2838 δ’
1685 2781 1726 2836 Β
1755 2797 1760 2849 Ι
1788 2792 1841 2838 δὲ

168 2850 570 2925 ἡμῶν-μητέρας
593 2867 668 2896 om
691 2853 726 2896 P
756 2855 761 2909 Ι
788 2858 1148 2909 παραμυθεῖσθε
1165 2856 1201 2899 Ρ
1286 2859 1339 2897 19
1365 2851 1530 2912 ρᾷσται
1553 2854 1589 2895 Β
1618 2851 1676 2911 Ι’“
1651 2871 1775 2909 ην-
1786 2854 1840 2897 οὐ

168 2910 255 2968 γὰρ
282 2925 356 2955 0111
379 2911 416 2954 P
444 2909 501 2969 Ι
477 2929 535 2967 ην
552 2911 609 2956 B:
635 2910 693 2967 ἣν
710 2912 757 2954 Μ
790 2911 978 2956 ἐὰννΠ
1049 2919 1104 2957 20
1129 2914 1276 2972 ξυμβῇ
1299 2915 1387 2956 vH
1411 2915 1416 2969 Ι
1445 2912 1840 2957 συνοδύνεσθαιΒ

167 2970 510 3026 ξυνοδύρεσθαι
541 2973 627 3014 vH
715 2975 766 3013 21
803 2971 1088 3027 λυπήσαντος
1119 2973 1239 3016 BPv
1331 2977 1385 3014 22
1419 2969 1615 3027 ἰωμένου
1646 2971 1683 3013 Β
