2004 3202
771 148 1195 192 ΔΗΜΟΣΘΕΝΗΣ
1525 147 1529 150 ⁴
1713 149 1810 202 231

142 285 203 337 τὸ
258 282 466 352 ἀξίωμα
519 283 631 336 ἔδει
684 290 780 351 τῆς
833 285 1041 346 πόλεως
1094 282 1357 351 φυλάξαι,
1419 292 1538 346 ταῖς
1591 290 1820 352 μεγαλο-

139 370 527 442 πρεπεστέραις
564 373 831 440 πλείοσιν,
871 371 932 424 ἐν
970 368 1031 424 δὲ
1069 379 1184 435 τοῖς
1225 372 1520 434 ἰδιωτικοῖς
1559 371 1819 427 ἐλάττοσι.

143 463 468 515 συνελόνῐτῖν
490 458 543 513 δ’
596 461 794 529 εἰπεῖν,
849 460 915 514 οὐ
974 462 1148 530 μόνον
1203 461 1352 531 παρὰ
1400 462 1495 539 τᾲς
1547 461 1820 529 ἰδιότητας
1837 461 1907 511 46

141 560 250 603 τῶν
287 552 468 618 λόγων
511 547 602 602 καὶ
648 551 743 612 τὰς
787 550 1138 618 παραλλαγὰς
1183 558 1295 602 τῶν
1337 547 1664 602 ὑποθέσεων
1701 550 1819 602 δια-

141 641 348 707 φόρους
396 636 528 709 ᾤετο
584 639 704 691 δεῖν
757 644 1039 691 ποιεῖσθαι
1085 639 1182 700 τὰς
1225 638 1445 708 κράσεις
1489 647 1601 692 τῶν
1648 637 1708 690 ἐν
1753 647 1817 708 τῇ
1865 656 1885 687 5

139 725 399 780 συνθέσει
453 729 832 797 χαρακτήρων,
886 725 1026 780 ἀλλὰ
1078 724 1168 779 καὶ
1212 725 1342 797 παρ’
1389 726 1527 780 αὐτὰ
1573 727 1639 779 τὰ
1686 725 1817 795 γένη

135 823 247 867 τῶν
285 813 715 884 ἐπιχειρημάτων
752 816 818 868 τὰ
865 816 1288 885 συμπληρωτικὰ
1337 813 1473 885 μέρη
1512 816 1818 885 διαφόρους

136 904 331 971 ἔχοντα
376 905 471 965 τὰς
518 904 712 972 φύσεις
757 904 905 973 ὁρῶν
959 904 1412 966 διαλλαττούσαις
1459 912 1818 966 κατασκευαῖς

50 1003 162 1044 1099
187 999 282 1059 τῆς
317 993 322 1060 Ι
358 991 624 1061 ἁρμονίας
656 991 906 1062 ἐπειρᾶτο
936 1001 1179 1062 κοσμεῖν,
1212 994 1389 1055 ἄλλως
1419 989 1520 1061 μὲν
1549 993 1646 1054 τὰς
1676 1012 1814 1060 γνω-

135 1082 397 1148 μολογιάς
451 1083 759 1147 συντιθείς,
810 1081 988 1143 ἄλλως
1041 1077 1103 1133 δὲ
1155 1081 1221 1133 τὰ
1276 1080 1657 1149 ἐνθυμήματα,
1698 1082 1815 1133 δια-
1841 1099 1883 1130 10

134 1171 319 1237 φόρως
365 1165 425 1220 δὲ
472 1170 537 1221 τὰ
582 1170 1008 1238 παραδείγματα.
1083 1171 1257 1231 πολὺς
1303 1168 1374 1222 ἂν
1416 1174 1499 1237 εἴη
1540 1171 1726 1237 λόγος,
1766 1171 1815 1222 εἰ

131 1258 227 1318 τὰς
266 1258 536 1326 διαφορὰς
582 1257 793 1319 ἁπάσας
838 1260 1143 1327 βουλοίμην
1181 1257 1387 1326 λέγειν,
1435 1258 1565 1320 ὅσας
1609 1257 1814 1320 ἐκεῖνος

131 1345 160 1397 ὁ
201 1346 487 1414 δαιμόνιος
533 1344 671 1415 ἀνὴρ
712 1345 860 1416 ὁρῶν
904 1345 995 1399 καὶ
1032 1347 1170 1417 πρὸς
1212 1357 1399 1417 χρῶμα
1438 1345 1668 1400 ἕκαστον
1707 1344 1812 1399 αἰεὶ

130 1436 468 1502 σχηματίζων
506 1434 605 1486 τὸν
635 1436 822 1503 λόγον,
861 1434 1043 1488 ἀνέσει
1078 1455 1135 1488 τε
1165 1434 1256 1488 καὶ
1290 1435 1530 1488 ἐπιτάσει
1561 1438 1813 1505 ταμιευό-

127 1541 290 1589 μενος
335 1531 446 1574 τῶν
493 1522 776 1592 ἁρμονιῶν
822 1521 1105 1594 ἑκατέραν,
1152 1525 1281 1586 τοὺς
1326 1526 1527 1586 καλοὺς
1566 1523 1811 1587 ἐκείνους
1840 1540 1878 1573 15

127 1612 327 1677 λόγους
366 1609 685 1664 ἀνέπλασεν.
746 1613 1204 1682 παραδειγμάτων
1241 1611 1293 1664 δ’
1334 1612 1436 1666 οὐκ
1475 1618 1659 1682 οἰόμαι
1692 1615 1812 1666 δεῖν

126 1696 394 1766 ἐνταῦθα,
443 1699 535 1751 ἵνα
581 1720 674 1768 μοι
720 1703 941 1769 μείζονα
992 1703 1180 1754 πίστιν
1227 1701 1256 1755 ὁ
1304 1703 1467 1769 λόγος
1513 1702 1652 1772 λάβῃ
1699 1711 1811 1754 τῶν

124 1788 304 1854 ε”ργων
349 1795 449 1840 τοῦ
504 1787 734 1858 ῥήτορος
790 1788 1206 1859 ἐξεταζομένων,
1262 1791 1310 1843 εἰ
1362 1791 1589 1843 τοιαῦτά
1643 1789 1809 1857 ἐστιν,

126 1867 215 1926 οἶα
255 1874 409 1942 λέγω.
469 1878 613 1930 πολὺ
651 1878 756 1947 γὰρ
788 1877 930 1947 <ἀν>
961 1878 994 1947 ἡ
1035 1878 1291 1943 σύνταξις
1329 1880 1389 1932 τὸ
1422 1886 1592 1948 μῆκος
1630 1879 1808 1947 λάβοι)

123 1960 215 2014 καὶ
255 1962 394 2026 δέος,
433 1966 506 2032 μή
543 1982 674 2017 ποτε
706 1966 783 2027 εἰς
821 1968 950 2028 τοὺς
983 1969 1272 2035 σχολικοὺς
1303 1966 1433 2037 ἐκβῇ
1466 1974 1808 2036 χαρακτῆρας
1832 1986 1874 2018 20
1912 2001 1927 2013 ι

125 2049 183 2102 ἐκ
222 2061 332 2103 τῶν
369 2051 845 2121 ὑπομνηματικῶν.
907 2054 1067 2121 ὀλίγα
1106 2051 1167 2106 δὲ
1206 2054 1491 2123 ληφθέντα
1528 2065 1639 2108 τῶν
1676 2060 1807 2108 πολ-

123 2143 237 2191 λῶν
278 2140 438 2191 ἱκανὰ
476 2143 759 2209 τεκμήρια,
805 2140 894 2194 καὶ
943 2143 1052 2211 ἅμα
1097 2143 1235 2212 πρὸς
1281 2142 1675 2213 ἐπισταμένους
1714 2141 1805 2213 (οὐ

122 2228 227 2297 γὰρ
268 2228 337 2295 δή
377 2247 437 2295 γε
476 2237 591 2290 τοῖς
636 2228 882 2299 ἀπείροις
927 2238 1026 2283 τοῦ
1074 2230 1277 2301 ἀνδρὸς
1314 2232 1443 2284 τάδε
1483 2230 1703 2303 γράφω)
1741 2233 1803 2284 τὸ

125 2316 296 2380 δεῖξαι
360 2318 426 2369 τὰ
478 2317 768 2386 πράγματα
820 2318 1173 2387 ζσυμβολικῶς
1242 2319 1467 2390 ἀπόχρη.
1552 2319 1802 2390 ἐπάνειμι

38 2416 151 2455 1100
177 2403 230 2456 δ’
270 2400 373 2457 οὖν
413 2403 499 2457 ἐπὶ
538 2407 605 2458 τὰ
636 2406 817 2474 λοιπά,
858 2401 936 2458 ὧν
975 2405 1035 2459 ἐν
1066 2407 1203 2477 ἀρχῇ
1243 2407 1570 2478 προύθέμην
1608 2408 1795 2479 ἐρεῖν.ζ
1825 2428 1868 2460 25

244 2538 265 2576 1
299 2533 710 2590 μεγαλοπεστέραις
740 2534 810 2578 Μ1
938 2541 964 2579 3
996 2534 1045 2580 δ’
1082 2552 1231 2581 ειπνει
1260 2537 1298 2580 Β
1341 2540 1347 2595 Ι
1389 2538 1518 2595 παρὰ
1549 2554 1628 2596 mg
1659 2539 1799 2584 Bodl:

122 2592 227 2647 περὶ
289 2593 533 2650 ἰδιώτητας
562 2594 645 2636 ΒΡ
752 2598 779 2636 4
809 2594 1084 2652 παραλαγὰς
1114 2596 1151 2638 Β
1195 2596 1406 2652 παραλὰς
1437 2598 1473 2641 Ρ
1573 2604 1598 2642 6
1631 2599 1712 2643 καὶ
1742 2598 1801 2642 τὰ

122 2649 233 2706 παρ’
369 2657 395 2695 8
427 2660 705 2703 κατασκεαῖς
728 2653 765 2695 Β
828 2660 853 2698 9
885 2661 964 2711 τῆς
987 2655 1183 2699 Usener:
1207 2655 1290 2707 τὰς
1353 2661 1404 2700 11
1440 2656 1564 2714 εἶ’ἡΡ
1627 2662 1682 2701 13
1707 2658 1802 2701 αἰεὶ

124 2709 406 2766 σχηματίζων
423 2712 460 2754 Β
492 2711 542 2755 αἱ
567 2710 893 2770 εἰσχηματίζων
911 2713 946 2756 Ρ
1009 2718 1064 2757 14
1081 2713 1278 2771 λόγωνΒ
1300 2715 1306 2774 Ι
1327 2714 1558 2760 ἐπιτάσσει
1582 2717 1797 2772 ταμιουό-

123 2783 259 2822 μενος
280 2769 318 2813 Ρ
380 2775 434 2814 16
467 2768 528 2815 ἂν
562 2770 754 2815 ἔπλασεν
779 2772 814 2814 Ρ
887 2776 940 2815 18
974 2771 1306 2830 ἐξεταζομένων
1339 2775 1433 2818 add
1458 2792 1488 2818 α
1513 2789 1651 2832 super
1682 2774 1736 2831 με’
1761 2776 1797 2818 Β

235 2832 288 2893 19
320 2826 380 2873 ἂν
405 2829 499 2895 a3dd
522 2830 703 2887 Kriiger
786 2836 839 2874 21
873 2832 1297 2906 ὑπομνηματισμῶν
1327 2834 1526 2878 MBPv:
1561 2848 1662 2878 corr
1695 2834 1797 2889 Syl-

124 2883 314 2942 burgms
347 2901 372 2931 e
402 2887 589 2946 hbro(‘?)
713 2893 767 2932 23
800 2889 857 2933 τά
888 2905 937 2947 γε
970 2907 1133 2947 γραφω
1165 2892 1201 2935 Ρ
1229 2895 1234 2949 Ι
1262 2893 1312 2936 τὸ
1345 2894 1513 2951 δεῖξαι]
1553 2893 1795 2945 ὑποδεῖξαι

39 2963 46 2970 ·
124 2941 303 3000 Krtiger
331 2947 559 3002 probante
592 2949 795 2992 Usenero
917 2954 972 2992 ⁶25
1003 2948 1187 3006 προύθέ
1207 2986 1333 2995 .....
1371 2951 1376 3010 Ι
1413 2969 1503 3009 μην
1535 2952 1570 2994 Ρ
