1958 3192
858 147 1089 188 ΛΤΣΙΑΣ
1742 147 1811 199 23

121 280 410 352 ’μουμένης
454 281 552 333 τὸν
599 281 852 348 ἰδιώτην,
905 281 967 333 τὸ
1013 288 1128 343 τοῖς
1175 277 1557 350 ὑποκειμένοις
1601 282 1814 350 προσώ-

53 423 60 436 2
134 389 258 433 ποις
281 368 371 423 καὶ
393 369 673 439 πράγμασι
705 371 834 432 τοὺς
864 366 1172 439 πρέποντας
1204 368 1566 439 ἐφαρμόττειν
1597 371 1813 437 λόγους,

136 458 170 528 ἡ
209 458 515 525 πιθανότης
552 455 642 509 καὶ
673 458 734 509 τὸ
766 458 1048 510 πειστικὸν
1077 455 1168 510 καὶ
1199 456 1232 525 ἡ
1266 458 1422 527 χάρις
1453 456 1543 510 καὶ
1576 457 1604 510 ὁ
1637 458 1815 510 πάντα

135 555 347 617 μετρῶν
384 547 586 615 καιρός.
655 553 826 598 ταῦτα
862 547 1010 616 παρὰ
1050 548 1265 599 Λυσίου
1304 531 1601 615 λαμβάνων
1633 547 1702 598 ἄν
1733 565 1816 608 τις

136 635 464 704 ὠφεληθείη.
531 634 715 703 ὑψηλὴ
756 632 817 687 δὲ
855 633 946 687 καὶ
984 635 1398 705 μεγαλοπρεπὴς
1445 634 1547 687 οὐκ
1594 637 1745 687 ἔστιν
1782 634 1814 702 ἡ
1861 655 1881 687 5

137 725 353 776 Λυσίου
388 719 529 787 λέξις
560 720 692 776 οὐδὲ
722 724 1122 792 καταπληκτικὴ
1155 725 1228 793 μὰ
1258 727 1372 776 Δία
1402 722 1492 776 καὶ
1524 723 1818 792 θαυμαστὴ.

136 809 267 867 οὐδὲ
305 813 366 864 τὸ
405 813 605 881 πικρὸν
635 811 667 880 ἢ
700 813 760 864 τὸ
795 813 982 865 δεινὸν
1012 811 1045 880 ἢ
1078 814 1138 865 τὸ
1173 813 1417 883 φοβερὸν
1450 811 1817 881 ἐπιφαίνουσα

136 898 267 955 οὐδὲ
306 900 450 970 ἁφὰς
489 903 597 969 ἔχει
635 899 726 953 καὶ
765 903 963 963 τόνους
1003 902 1264 971 ἰσχυροὺς
1316 898 1447 954 οὐδὲ
1492 906 1681 970 θυμοῦ
1727 898 1816 952 καὶ

134 991 444 1059 πνεύματός
484 989 596 1042 ἐστι
635 990 801 1058 μεστὴ
835 988 980 1057 οὐδ’,
1021 990 1202 1059 ὥσπερ
1237 989 1298 1042 ἐν
1327 976 1443 1052 τοῖς
1477 991 1673 1058 ἤθεσίν
1706 988 1818 1042 ἐστι

136 1081 367 1146 πιθανή,
408 1078 582 1140 οὕτως
621 1077 681 1130 ἐν
711 1087 826 1140 τοῖς
856 1078 1098 1130 πάθεσιν
1131 1079 1328 1148 ἰσχυρὰ
1360 1076 1481 1131 οὐδ’
1514 1078 1586 1140 ὡς
1616 1077 1819 1146 ἡδῦναι
1845 1101 1885 1132 10

46 1187 132 1229 483
157 1166 246 1220 καὶ
299 1175 483 1219 πεῖσαι
535 1165 625 1219 καὶ
676 1169 1128 1236 χαριεντίσασθαι
1177 1164 1447 1238 δύναξται,
1503 1166 1645 1219 οὕτω
1700 1167 1820 1236 βιά-

42 1270 46 1271 ’
137 1259 348 1309 σασθαί
395 1274 452 1308 τε
505 1253 595 1307 καὶ
648 1255 1113 1324 προσαναγκάσαι.
1198 1255 1446 1324 ἀσφαλής
1499 1275 1556 1308 τε
1610 1258 1821 1324 μᾶλλόν

24 1352 43 1397 Q*
138 1344 287 1398 ἐστιν
340 1343 373 1412 ἢ
425 1342 1037 1413 παρακεκινδυνευμένη
1098 1342 1188 1396 καὶ
1243 1343 1344 1396 οὐκ
1406 1342 1493 1396 ἐπὶ
1555 1352 1821 1397 τοσοῦτον

23 1419 43 1437 ’
138 1434 299 1502 ἰσχὺν
338 1433 496 1501 ἱκανὴ
536 1433 779 1500 δηλῶσαι
818 1430 1026 1500 τέχνης,
1067 1431 1154 1500 ἐφ’
1195 1432 1329 1485 ὅσον
1367 1431 1637 1500 ἀλήθειαν
1680 1433 1821 1485 εἰκά-

136 1536 227 1575 σαι
267 1522 499 1590 φύσεως.
1845 1542 1887 1575 15

246 1609 336 1663 καὶ
382 1610 686 1679 θαυμάζειν
732 1608 910 1678 ἄξιον,
964 1612 1024 1662 τί
1065 1611 1133 1678 δή
1178 1628 1310 1663 ποτε
1359 1610 1560 1663 παθὼν
1609 1610 1638 1663 ὁ
1689 1612 1820 1663 Θεό-
1842 1618 1911 1670 14

30 1759 34 1766 Ι
137 1714 381 1770 φραστος
434 1708 545 1752 τῶν
595 1708 876 1768 φορτικῶν
928 1697 1019 1751 καὶ
1065 1697 1372 1770 περιέργων
1426 1698 1597 1751 αὐτὸν
1651 1703 1822 1751 οἰέται

27 1807 37 1863 f
136 1788 379 1856 ζηλωτὴν
431 1785 693 1855 γενέσθαι
755 1789 937 1855 λόγων
996 1786 1087 1840 καὶ
1141 1788 1202 1840 τὸ
1258 1788 1547 1856 ποιητικὸν
1600 1788 1824 1840 διώκειν

36 1887 37 1891 ’
137 1880 350 1946 μᾶλλον
395 1875 427 1944 ἢ
474 1877 535 1928 τὸ
586 1875 874 1945 ἀληθινόν.
960 1875 1021 1928 ἐν
1073 1884 1213 1944 γοῦν
1266 1885 1381 1938 τοῖς
1435 1874 1577 1946 Περὶ
1631 1874 1824 1940 λέξεως

138 1973 398 2034 γραφεῖσι
451 1973 562 2017 τῶν
608 1984 664 2017 τε
712 1966 895 2017 ἄλλων
948 1963 1352 2034 καταμέμφεται
1402 1974 1513 2018 τῶν
1557 1963 1683 2034 περὶ
1729 1966 1825 2027 τὰς
1849 1987 1890 2019 20

138 2051 450 2115 ἀντιθέσεις
502 2051 592 2106 καὶ
645 2054 976 2124 παρισώσεις
1029 2051 1120 2105 καὶ
1166 2054 1568 2123 παρομοιώσεις
1621 2052 1711 2106 καὶ
1758 2055 1824 2106 τὰ

138 2143 492 2211 παραπλήσια
537 2142 754 2204 τούτοις
800 2144 1043 2210 σχήματα
1090 2142 1572 2194 διεσπουδακότων
1618 2141 1708 2194 καὶ
1756 2143 1823 2210 δὴ
1907 2183 1922 2196 >.

139 2229 230 2282 καὶ
284 2231 383 2283 τὸν
430 2233 648 2282 Λυσίαν
703 2230 762 2282 ἐν
811 2230 1027 2292 τούτοις
1079 2233 1477 2299 κατηρίθμηκε,
1532 2231 1631 2283 τὸν
1684 2227 1823 2299 ὑπὲρ

141 2321 346 2371 Νικίου
385 2326 483 2371 τοῦ
523 2327 831 2389 στρατηγοῦ
863 2328 974 2371 τῶν
1005 2317 1319 2387 Ἀθηναίων
1349 2321 1535 2387 λόγον,
1576 2319 1642 2372 ὃν
1674 2315 1826 2372 εἶπεν

261 2498 314 2537 16
348 2493 566 2549 Theophr
596 2509 642 2537 π.
668 2495 704 2536 λ.
738 2492 780 2535 fr
802 2493 846 2535 ΙΙ
879 2492 1090 2536 Schmidt

262 2659 289 2697 3
313 2655 393 2699 καὶ
415 2655 466 2699 τὸ
491 2655 726 2699 πειστικὸν
751 2668 827 2698 om
844 2653 922 2698 GV
960 2656 1172 2700 πειστικὸν
1195 2656 1230 2699 F
1307 2660 1336 2699 4
1360 2657 1554 2713 μετρῶν]
1579 2653 1769 2699 πάντων
1787 2654 1825 2698 G

262 2718 286 2757 7
320 2714 400 2758 καὶ
429 2714 480 2758 τὸ
514 2714 673 2758 δεινὸν
704 2714 787 2757 ΡΒ
909 2719 934 2756 9
968 2714 1061 2758 ἐστι
1093 2715 1190 2758 add
1220 2715 1279 2758 F¹
1320 2718 1327 2771 1
1370 2713 1472 2759 οὐδ’
1503 2715 1663 2759 FMB:
1705 2711 1820 2758 οὔθ’

147 2771 224 2815 Gv
263 2771 360 2816 ἀλλ’
390 2773 426 2816 Ρ
518 2778 569 2816 11
604 2774 779 2831 πεῖσαι]
811 2770 945 2816 πίσαι
967 2773 1026 2816 F¹
1053 2777 1059 2831 Ι
1087 2772 1231 2825 οὕτως
1255 2775 1290 2817 F
1378 2779 1431 2817 12
1463 2771 1824 2829 παραναγκάσαι

146 2829 270 2876 FGV
376 2837 430 2875 14
460 2829 628 2890 τέχνην
660 2831 866 2875 F¹MPB
909 2834 915 2888 Ι
958 2830 1077 2877 ὅσων
1110 2833 1144 2876 F
1252 2838 1305 2876 19
1341 2832 1390 2877 ἔν
1421 2848 1471 2890 γε
1504 2829 1588 2877 οὖν
1621 2831 1708 2875 FG

147 2893 201 2931 21
234 2904 290 2933 πε
322 2891 498 2941 ισώσεις
529 2891 586 2934 F¹
707 2896 762 2934 23
796 2890 876 2935 καὶ
908 2891 1002 2934 add
1033 2891 1091 2934 F¹
1133 2895 1139 2949 Ι
1191 2892 1242 2935 ἐν
1271 2892 1395 2935 inter
1426 2892 1574 2935 lineas
1607 2891 1701 2934 add
1732 2890 1779 2932 M
1815 2889 1819 2946 Ι

147 2963 291 3004 κατηρ
313 2950 485 3006 θμηκε]
517 2953 802 3006 καταριθμεῖ
830 2950 909 2994 καὶ
941 2949 1051 2994 libri
1084 2965 1111 2993 v
