1958 3192
879 117 1111 159 ΛΤΣῙΔΣ
1765 117 1836 169 25

156 250 349 316 λέξεως
395 250 606 319 ἐκείνης
651 252 712 304 τὸ
760 252 1004 321 γράμμα,
1056 255 1282 312 πολλοῖς
1334 251 1482 303 πάνυ
1527 254 1837 321 τεκμηρίοις

155 338 437 403 ἀποδεῖξαι
483 339 790 408 δυνάμενος
837 340 938 392 οὐκ
984 341 1087 408 ἔχω
1134 340 1330 409 καιρὸν
1377 338 1437 391 ἐν
1481 346 1556 411 τῷ
1602 342 1838 410 παρόντι

155 430 315 500 λόγῳ.
393 429 544 480 ἰδίαν
588 424 649 480 δὲ
695 426 820 497 περὶ
860 436 960 481 τοῦ
1007 427 1236 497 ῥήτορος
1285 430 1662 497 πραγματείαν
1707 443 1837 481 συν-

155 518 504 585 ταττόμενος,
560 515 620 569 έν
666 509 700 587 ᾗ
745 517 811 569 τά
863 536 920 569 τε
975 517 1112 569 ἄλλα
1165 517 1551 584 δηλωθήσεταί
1599 537 1693 585 μοι
1746 515 1836 569 καὶ

154 608 298 666 τίνες
352 603 494 658 εἰσὶν
548 604 719 658 αὐτοῦ
775 607 930 673 λόγοι
983 606 1230 673 γνήσιοι,
1284 605 1386 673 τὴν
1438 604 1725 675 ἀκρίβειαν
1778 605 1838 659 ἐν
1883 628 1904 661 5

155 693 385 756 ἐκείνοις
440 691 530 746 καὶ
583 693 708 764 περὶ
763 695 926 747 τοῦδε
988 693 1295 747 ἀποδοῦναι
1356 695 1684 764 πειράσομαι
1737 702 1836 748 τοῦ

154 785 338 850 λόγου.

267 870 393 924 νυνὶ
426 868 486 924 δὲ
513 870 638 941 περὶ
663 882 774 924 τῶν
799 870 918 940 ἑξῆς
942 870 1275 941 διαλέξομαι,
1306 874 1389 935 τίς
1414 872 1443 926 ὁ
1467 874 1839 942 πραγματικός
1859 877 1926 932 15

63 973 151 1013 486
178 958 291 1012 ε’στι
332 963 548 1013 Λυσίου
587 963 886 1031 χαρακτήρ,
935 960 1120 1028 ἐπειδὴ
1160 961 1259 1013 τὸν
1302 958 1442 1031 ὑπὲρ
1489 968 1583 1029 τῆς
1630 958 1838 1030 λέμξεως

153 1050 392 1117 <λόγον>
431 1048 777 1102 ἀποδέδωκα·
816 1047 970 1102 τουτὶ
1009 1050 1114 1118 γὰρ
1155 1051 1235 1102 ἔτι
1278 1052 1519 1102 λείπεται
1557 1050 1618 1102 τὸ
1659 1047 1836 1118 μέρος.
1863 1074 1903 1104 10

154 1138 431 1207 εὑρετικὸς
477 1139 581 1207 γάρ
630 1137 742 1190 ἐστι
796 1147 907 1190 τῶν
954 1137 1015 1190 ἐν
1060 1146 1174 1199 τοῖς
1226 1139 1543 1207 πράγμασιν
1597 1137 1838 1190 ἐνόντων

154 1229 336 1294 λόγων
383 1226 412 1280 ὁ
460 1225 624 1295 ἀνήρ,
680 1226 747 1278 οὐ
793 1228 968 1294 μόνον
1019 1221 1097 1278 ὧν
1151 1227 1385 1288 ἅπαντες
1439 1225 1509 1278 ἂν
1563 1226 1836 1295 εὕροιμεν,

153 1314 292 1368 ἀλλὰ
331 1313 420 1367 καὶ
462 1310 541 1367 ὧν
578 1317 791 1383 μηθείς.
861 1311 1029 1367 οὐδὲν
1067 1315 1171 1383 γὰρ
1209 1314 1391 1376 ἁπλῶς
1425 1317 1635 1377 Λυσίας
1666 1332 1838 1385 παρα-

151 1407 325 1457 λείπει
363 1413 475 1456 τῶν
514 1405 817 1472 στοιχείων,
858 1402 911 1467 ἐξ
951 1398 1030 1455 ὧν
1061 1404 1113 1455 οἱ
1146 1405 1319 1471 λόγοι,
1360 1403 1426 1456 οὐ
1458 1405 1523 1456 τὰ
1554 1405 1836 1473 πρόσωπα,

152 1492 219 1546 οὐ
257 1494 323 1545 τὰ
360 1493 674 1562 πράγματα,
725 1491 826 1545 οὐκ
865 1491 1033 1554 αὐτὰς
1071 1493 1167 1554 τὰς
1205 1491 1452 1561 πράξεις,
1493 1491 1559 1544 οὐ
1599 1493 1838 1560 τρόπους
1860 1515 1904 1546 15

151 1601 206 1634 τε
238 1580 329 1634 καὶ
354 1583 531 1643 αἰτίας
555 1580 756 1649 αὐτῶν,
788 1580 854 1634 οὐ
878 1581 1122 1651 καιρούς,
1155 1580 1222 1634 οὐ
1246 1582 1500 1650 χρόνους,
1526 1580 1592 1633 οὐ
1616 1582 1836 1648 τόπους,

152 1670 218 1724 οὐ
243 1672 337 1732 τὰς
363 1668 594 1722 ἑκάστου
626 1670 839 1722 τούτων
870 1671 1144 1739 διαφορὰς
1169 1670 1294 1739 ἄχρι
1319 1677 1415 1737 τῆς
1440 1671 1518 1732 εἰς
1551 1668 1837 1738 ἐλάχιστον

151 1766 341 1828 τομῆς,
395 1757 512 1811 ἀλλ’
554 1758 606 1822 ἐξ
646 1758 856 1827 ἁπάσης
892 1761 1134 1827 θεωρίας
1178 1756 1270 1810 καὶ
1315 1759 1521 1820 παντὸς
1567 1766 1835 1828 μερισμοῦ

151 1849 247 1910 τὰς
286 1849 488 1909 οἰκείας
526 1846 778 1916 ἀφορμὰς
819 1846 1040 1914 ἐκλέγει.
1110 1848 1343 1915 δηλοῦσι
1375 1844 1436 1899 δὲ
1468 1848 1702 1916 μάλιστα
1735 1847 1837 1914 τὴν

152 1937 438 2004 δεινότητα
484 1942 580 2003 τῆς
625 1919 889 2006 εὗρέσεως
942 1935 1116 1988 αὐτοῦ
1163 1936 1222 1989 οἳ
1263 1955 1320 1988 τε
1368 1935 1672 2006 ἀμάρτυροι
1725 1945 1836 1988 τῶν
1859 1958 1902 1989 ‘20

152 2026 334 2091 λόγων
372 2022 462 2076 καὶ
503 2025 556 2076 οἱ
593 2022 718 2094 περὶ
757 2026 853 2086 τὰς
890 2023 1238 2094 παραδόξους
1270 2023 1672 2093 συνταχθέντες
1702 2025 1836 2077 ὑπο-

150 2111 353 2180 θέσεις,
394 2111 455 2164 ε’ν
493 2105 577 2174 οἷς
614 2117 840 2166 πλεῖστα
879 2112 970 2165 καὶ
1004 2114 1266 2166 κάλλιστα
1300 2112 1658 2182 ἐνθυμήματα
1690 2112 1835 2181 λέγει

151 2199 241 2253 καὶ
288 2202 353 2253 τὰ
399 2201 549 2253 πάνυ
595 2203 868 2254 δοκοῦντα
913 2210 1028 2263 τοῖς
1075 2203 1262 2263 ἄλλοις
1316 2203 1496 2271 ἄπορα
1549 2198 1691 2254 εἶναι
1744 2200 1834 2254 καὶ

62 2301 147 2340 487
174 2288 420 2341 ἀδύνατα
451 2290 658 2359 εὔπορα
682 2288 771 2342 καὶ
797 2291 1006 2342 δυνατὰ
1031 2293 1334 2358 φαίνεσθαι
1399 2299 1563 2357 ποιεῖ,
1595 2291 1836 2359 κριτικὸς

151 2372 231 2430 ὧν
277 2378 362 2430 δεῖ
408 2377 590 2445 λέγειν
635 2377 725 2431 καὶ
773 2379 859 2431 ὅτε
907 2379 978 2447 μὴ
1025 2386 1194 2431 πᾶσιν
1249 2378 1374 2446 ε’ξῆν
1427 2384 1666 2448 χρῆσθαι
1721 2388 1834 2442 τοῖς
1858 2398 1901 2431 25

272 2571 294 2610 1
329 2567 379 2611 τὸ
413 2568 684 2624 σύγγραμμα
717 2567 898 2623 Krl‘iger
1011 2572 1037 2610 3
1069 2566 1207 2627 λόγῳ]
1248 2567 1389 2611 immo
1428 2567 1578 2627 χρόνῳ
1625 2566 1773 2625 λέγειν
1805 2583 1833 2611 v

153 2626 264 2668 ante
288 2625 570 2670 Holwellum
660 2632 684 2670 6
717 2627 982 2670 ἀποδοῦναι
1006 2626 1041 2669 F
1075 2627 1157 2671 sed
1188 2628 1356 2671 δοῦναι
1389 2641 1527 2683 supra
1552 2642 1624 2670 scr
1646 2628 1715 2670 m¹

155 2687 210 2726 10
241 2683 378 2741 λόγον
410 2685 506 2729 add
531 2685 714 2742 Kriiger
807 2691 859 2728 12
893 2682 952 2728 ἂν
985 2699 1061 2728 om
1083 2685 1230 2730 F¹Gv
1323 2690 1378 2729 14
1409 2686 1451 2730 οἱ
1485 2685 1613 2742 λόγοι
1635 2687 1831 2730 Usener:

154 2741 368 2799 ὁμολογεῖ
463 2749 518 2788 15
550 2744 748 2799 τρόπους
778 2744 844 2802 τε]
876 2742 1076 2799 τρόπους
1107 2744 1185 2788 Gv
1288 2749 1343 2788 20
1377 2745 1602 2800 εὑρήσεως
1626 2745 1831 2788 F1MPB

271 2807 323 2845 21
372 2801 657 2858 παραθέσεις
702 2803 752 2846 in
798 2801 1047 2855 ὑποθέσεις
1093 2818 1194 2848 corr
1233 2803 1268 2846 F
1390 2809 1444 2847 22
1492 2804 1570 2847 καὶ
1616 2803 1831 2848 κάλλιστα

153 2857 302 2923 ᾼΘνε
334 2860 550 2905 κάλλιστα
581 2862 765 2905 FMPB
880 2866 935 2906 25
968 2860 1031 2907 ὢν
1062 2862 1282 2906 Reiskius
1320 2866 1428 2918 post
1459 2864 1659 2918 κριτικὸς
1691 2861 1831 2905 inseri

153 2917 290 2961 lussit
316 2921 322 2974 Ι
348 2919 488 2976 iunge
521 2922 780 2966 καὶ-τῶν
811 2919 1063 2976 κρατίστων
1095 2919 1152 2965 δὲ
