2004 3202
244 127 352 179 392
662 127 1005 170 AIONTmoT
1034 126 1501 168 ΑΛΙΚΑΡΝΑΣΕΩΣ

243 263 418 331 ὥςπερ
457 259 548 313 καὶ
581 263 1023 331 Λακεδαιμόνιοι,
1063 256 1216 312 οὗτοι
1249 258 1422 313 δεινοὶ
1453 269 1568 322 τοῖς
1605 259 1916 328 νικηθεῖσιῖ

243 358 404 403 τοῦτο
446 347 507 402 δὲ
546 350 739 419 ὅμοιόν
779 349 890 402 ἐστι
930 355 1005 420 τῷ
1044 347 1242 416 λέγειν,
1283 349 1366 401 ὅτι
1395 350 1542 418 παρὰ
1573 357 1687 410 τοῖς
1716 349 1915 419 τυράν-

242 458 362 500 νοις
401 438 467 491 οὐ
506 446 795 507 μισοῦνται
834 437 1114 506 τύραννοι.
1176 429 1258 498 οἷς
1299 435 1612 505 ἐπιτίθησιν
1651 435 1759 489 ‘nal
1789 435 1916 506 περὶ

242 523 344 595 μὲν
382 526 582 579 τούτου
620 526 752 595 ἡμῖν
791 525 1042 594 ἀφείσθω
1081 524 1545 593 κινδυνεύεσθαι’,
1585 525 1613 578 ὃ
1649 528 1808 594 μόγις
1847 524 1918 578 ἂν

197 637 219 668 5
244 610 395 667 εἶπεν
425 624 535 667 τῶν
566 622 1010 667 καταποντιστῶν
1041 633 1122 675 τις
1145 612 1177 681 ἢ
1203 617 1418 683 λῃστῶν
1457 611 1642 666 εοὐδὲν
1674 612 1915 684 ἐπιστρέ-

240 717 415 771 φομαι
462 709 555 770 τῆς
608 703 740 771 μετὰ
785 709 955 753 ταῦτα
1000 704 1262 771 τιμωρίας
1309 702 1670 771 χαρισάμενος
1723 701 1917 754 ἐπιθυ-

242 794 391 860 μίαις
431 790 491 843 ἐν
528 797 602 861 τῷ
640 787 904 859 παρόντι.’
963 787 1123 842 ἔπειτ’
1157 789 1361 856 ὀλίγων
1391 798 1502 842 τῶν
1533 789 1730 859 μεταξὺ
1761 810 1918 858 γενο-

242 879 424 948 μένων
470 878 776 947 ἀμοιβαίων
821 876 911 930 καὶ
963 887 1072 930 τῶν
1122 880 1359 945 Μηλίων
1410 879 1486 940 εἰς
1533 877 1739 946 ἐπιεικῆ
1787 892 1917 946 συγ-

241 969 687 1036 καταβαινόντων
719 966 933 1036 αἴρεσιν
966 964 1142 1028 “Ώςτε
1175 963 1235 1018 δὲ
1258 965 1493 1035 ἡσυχίαν
1517 968 1750 1034 ἄγοντας
1779 965 1921 1035 ἡμᾶς

178 1080 219 1110 10
245 1059 443 1125 φίλους
482 1051 581 1124 μὲν
621 1050 761 1107 εἶναι
802 1053 924 1107 ἀντὶ
962 1057 1268 1123 πολεμίων,
1308 1054 1618 1124 ξυμμάχους
1658 1051 1718 1108 δὲ
1756 1055 1918 1124 μηδε-

241 1143 414 1214 τέρων
476 1142 576 1196 οὐκ
637 1142 706 1195 ἂν
766 1142 1065 1207 ὃέξαισθε;’
1128 1142 1564 1213 ἀποκρινόμενον
1615 1151 1762 1196 ποιεῖ
1820 1143 1920 1195 τὸν

234 1231 534 1300 Ἀθηναῖον
581 1231 673 1283 Ὁύ
728 1233 832 1302 γὰρ
887 1239 1155 1284 τοσοῦτον
1200 1231 1340 1300 ἡμᾶς
1392 1232 1618 1299 βλάπτει
1663 1231 1695 1300 ἡ
1744 1233 1919 1301 ἔχθρα

241 1320 413 1389 ὑμῶν,
455 1321 588 1373 ὅσον
617 1320 650 1388 ἡ
685 1322 843 1389 φιλία
881 1316 983 1388 μὲν
1021 1319 1329 1388 ἀσθενείας,
1370 1320 1429 1372 τὸ
1464 1317 1524 1372 δὲ
1555 1328 1712 1388 μῖσος
1751 1321 1917 1374 δυνά-

242 1429 382 1478 μεως
419 1409 763 1478 παράδειγμα
802 1416 918 1470 τοῖς
962 1406 1287 1477 ἀρχομένοις
1334 1407 1711 1477 δηλούμενον’,
1752 1407 1917 1460 ἐνθύ-

176 1518 218 1550 15
242 1517 391 1566 μημα
435 1498 683 1567 πονηρὸν
727 1495 818 1548 καὶ
873 1500 1104 1558 σκολιῶς
1159 1495 1593 1565 ἀπηγγελμένον·
1647 1497 1695 1548 εἰ
1749 1492 1810 1548 δὲ
1855 1497 1916 1548 τὸ

242 1588 419 1654 νόημα
451 1586 712 1654 βούλεταί
738 1605 820 1646 τις
852 1584 1022 1637 αὐτοῦ
1056 1593 1295 1652 σκοπεῖν,
1327 1586 1544 1637 τοιόνδε
1579 1585 1584 1653 Ι
1622 1583 1786 1653 ἐστίν,
1819 1584 1902 1637 ὅτι
1920 1600 1995 1640 9ιὶ

244 1675 556 1742 (φιλοῦντες
615 1670 715 1742 μὲν
764 1673 903 1741 ἡμᾶς
953 1672 1208 1734 ἀσθενεῖς
1262 1675 1562 1742 φαίνεσθαι
1608 1673 1745 1742 πρὸς
1790 1675 1919 1735 τοὺς

244 1763 447 1824 ἄλλους
491 1764 767 1830 ποιήσετε,
815 1769 1104 1830 μισοῦντες
1143 1758 1202 1813 δὲ
1252 1762 1532 1831 ἰσχυρούς·
1580 1761 1646 1814 οὐ
1686 1763 1790 1832 γὰρ
1835 1765 1919 1829 ζη-

152 1855 227 1906 40
243 1858 445 1919 τοῦμεν
477 1849 667 1920 εὐνοίᾳ
697 1859 807 1902 τῶν
837 1849 1097 1917 ὑπηκόων
1129 1850 1334 1919 ἄρχειν,
1375 1849 1512 1903 ἀλλὰ
1545 1850 1735 1922 φόβῳ.’
1794 1850 1919 1902 τού-

176 1959 219 1990 20
243 1959 360 2000 τοις
421 1937 575 2008 ἔτερα
643 1936 909 2007 προσθεὶς
969 1938 1137 1990 πάλιν
1199 1937 1459 2006 ἀμοιβαῖα
1515 1941 1775 2008 περίεργα
1827 1937 1918 1990 καὶ

241 2028 427 2097 πικρά,
467 2028 595 2088 τοὺς
633 2029 890 2094 Μηλίους
928 2025 1253 2079 ὑποτίθεται
1293 2025 1567 2094 λέγοντας,
1610 2026 1693 2079 ὅτι
1731 2028 1920 2088 κοινὰς

242 2117 338 2178 τὰς
392 2116 557 2184 τύχας
611 2113 880 2183 φέρουσιν
935 2115 987 2166 οἱ
1040 2112 1292 2182 πολέμιοι
1347 2113 1437 2166 καὶ
1494 2114 1572 2167 (τὸ
1628 2112 1728 2183 μὲν
1783 2111 1919 2178 εἶξαι

244 2204 415 2266 εὐθὺς
455 2201 802 2270 ἀνέλπιστον,
842 2203 974 2270 μετὰ
1014 2198 1074 2254 δὲ
1113 2209 1213 2254 τοῦ
1245 2201 1532 2271 δρωμένου
1564 2205 1643 2255 ε”τι
1673 2201 1763 2255 καὶ
1795 2210 1924 2270 στῆ-Δ
2003 2265 2004 2268 ¹

244 2312 336 2343 ναι
384 2290 533 2352 ἐλπὶς
580 2291 797 2360 ὀρθῶςῖ
873 2290 1010 2360 πρὸς
1064 2298 1234 2343 ταῦτα
1285 2299 1431 2343 ποιεῖ
1483 2291 1581 2343 τὸν
1618 2289 1920 2359 Ἀθηναῖον

180 2398 220 2428 :5
246 2378 681 2447 ἀποκρινόμενον
727 2381 1087 2447 λαβυρίνθων
1141 2379 1472 2448 σκολιώτερα
1521 2377 1646 2448 περὶ
1691 2387 1785 2446 τῆς
1835 2378 1918 2432 ε’λ-

365 2542 388 2578 9
423 2536 550 2579 Thue
575 2537 615 2578 V
641 2542 696 2579 94
819 2543 871 2580 12
905 2537 947 2580 V
973 2542 1027 2580 95
1151 2543 1202 2580 21
1237 2538 1278 2581 V
1305 2542 1386 2581 102

364 2687 388 2725 2
424 2680 584 2737 ὅμοιον
619 2683 709 2724 ἐστὶ
734 2683 757 2724 f
894 2688 918 2725 3
953 2682 1189 2740 ἐπιτίθησι
1212 2683 1235 2726 f
1386 2689 1413 2727 4
1446 2683 1576 2741 μόγις
1599 2684 1666 2727 M:
1700 2682 1857 2738 μόνοις
1881 2683 1917 2726 Ρ

246 2742 373 2798 μόλις
399 2741 422 2782 f
568 2746 592 2783 5
627 2737 725 2783 εἷπε
750 2741 772 2782 f
796 2744 800 2796 Ι
830 2740 1161 2798 ἐπιστρέφομαι
1191 2743 1309 2787 MP:
1344 2742 1729 2799 ἐπιστρεφόμενος
1752 2741 1775 2782 f

246 2808 271 2845 9
305 2799 477 2855 αἵρεσις
502 2799 537 2842 P
566 2802 570 2854 Ι
600 2797 649 2842 δὲ·
684 2813 757 2842 om
794 2800 1001 2842 &ABF
1184 2806 1234 2844 11
1271 2800 1491 2854 δέξεσθαι
1521 2802 1589 2844 M:
1622 2799 1850 2851 δέξασθαι
1881 2800 1917 2843 Ρ

246 2857 459 2912 δέξοισθε
492 2857 515 2899 f
542 2872 645 2900 eum
677 2858 726 2900 Ε
845 2863 898 2899 12
931 2858 1050 2913 ὑμᾶς
1081 2859 1173 2901 ΜΡ
1201 2861 1206 2916 Ι
1233 2860 1283 2917 ἡ]
1315 2858 1343 2914 ἢ
1376 2860 1423 2902 Μ
1545 2863 1600 2900 20
1637 2857 1791 2913 ἕτερον
1821 2859 1857 2901 Ρ

246 2924 300 2962 21
336 2915 510 2974 μιλίους
541 2916 576 2959 Ρ
697 2922 750 2958 ’24
786 2915 952 2966 ἐλπεῑς·
988 2917 1141 2971 ὀρθῶς
1172 2918 1287 2971 πρὸς
1317 2918 1353 2960 Ρ
