2004 3202
766 130 1189 175 ΔΗΜΟΣΘΕΝΗΣ
1708 131 1818 184 215

141 265 358 320 τιθέναι
397 262 527 319 οὐδὲ
574 263 978 335 ἀπερισκέπτως
1023 267 1419 335 συναρμόττειν
1456 266 1665 334 θάτερα
1703 276 1820 329 τοῖς

143 353 370 425 ἑτέροις,
417 353 554 406 ἀλλὰ
600 354 962 422 διακρίνουσα
1014 354 1079 405 τὰ
1123 361 1255 405 ποῖα
1293 361 1408 415 τοῖς
1452 354 1631 416 ποίοις
1679 353 1816 423 [καὶ]

54 456 168 496 1076
199 439 623 513 παραιτιθέμενα
662 439 1099 510 μουσικωτέρους
1135 450 1318 503 ποιεῖν
1357 443 1650 509 δυνήσεται
1689 444 1820 505 τοὺς

140 532 331 600 ἤχους,
391 527 481 582 καὶ
543 537 822 583 σκοποῦσα
882 530 1017 582 κατὰ
1076 538 1240 582 ποῖον
1293 529 1470 599 σχῆμα
1530 530 1819 600 ληφθέντα

140 617 489 688 χαριεστέρας
543 616 854 670 ἀποτελέσει
907 618 1002 679 τὰς
1053 619 1333 685 συζυγίας,
1388 617 1562 680 οὕτως
1616 633 1817 688 συναρ-
1863 640 1884 671 5

140 709 360 776 μόττειν
404 705 602 759 ἕκαστα
656 714 933 776 πειρᾶται,
985 706 1196 774 πολλὴν
1246 707 1463 777 σφόδρα
1514 706 1816 776 ποιουμένη

142 797 414 864 φροντίδα
445 803 544 849 τοῦ
584 794 910 859 συνεξέσθαι
949 793 1039 846 καὶ
1079 799 1451 864 συνηλεῖφθαι
1489 794 1579 848 καὶ
1618 814 1818 866 προπε-

138 893 251 946 τεῖς
283 884 541 937 ἁπάντων
571 883 755 936 αὐτῶν
786 879 928 936 εἶναι
959 885 1053 945 τὰς
1085 883 1362 953 ἁρμονίας.
1408 882 1498 936 καὶ
1531 885 1624 938 διὰ
1653 893 1816 938 τοῦτο

139 974 334 1042 φεύγει
380 970 481 1042 μὲν
520 972 698 1042 ἁπάσῃ
748 972 959 1041 σπουδῇ
1006 972 1101 1034 τὰς
1146 981 1258 1023 τῶν
1303 970 1639 1040 φωνηέντων
1684 988 1818 1043 συμ-

140 1064 308 1130 βολὰς
354 1063 426 1124 ὡς
471 1062 572 1129 τὴν
618 1062 866 1128 λειότητα
911 1058 1002 1112 καὶ
1049 1061 1150 1128 τὴν
1193 1059 1447 1113 εὐέπειαν
1485 1062 1816 1130 διασπώσας,
1843 1085 1886 1118 ιο

140 1151 335 1219 φεύγει
375 1149 459 1218 δέ,
507 1150 605 1217 ὅση
646 1149 881 1217 δύναμις
926 1148 1088 1219 αὐτῇ,
1134 1158 1245 1201 τῶν
1281 1148 1587 1218 ἡμιφώνων
1624 1170 1681 1203 τε
1726 1148 1817 1203 καὶ

140 1239 382 1308 ἀφώνων
435 1239 767 1308 γραμμάτων
819 1239 915 1299 τὰς
970 1240 1250 1305 συζυγίας,
1306 1238 1428 1290 ὅσαι
1482 1239 1817 1308 τραχύνουσι

137 1330 269 1390 τοὺς
305 1329 473 1396 ἤχους
510 1324 600 1378 καὶ
641 1327 925 1395 ταράττειν
957 1326 1224 1378 δύνανται
1262 1327 1358 1388 τὰς
1389 1325 1567 1389 ἀκοάς.
1631 1326 1816 1395 ἐπειδὴ

139 1418 243 1486 γὰρ
277 1415 378 1469 οὐκ
415 1414 687 1483 ἐνδέχεται
725 1422 907 1467 πᾶσαν
939 1417 1316 1483 σημαίνουσαν
1347 1424 1500 1484 σῶμα
1531 1415 1562 1483 ἢ
1595 1423 1818 1485 πρᾶγμα

138 1503 287 1567 λέξιν
334 1503 386 1567 ἐξ
442 1504 711 1573 εὐφώνων
757 1509 1082 1571 συγκεῖσθαι
1129 1504 1464 1573 γραμμάτων
1508 1502 1598 1556 καὶ
1648 1508 1817 1573 μαλα-
1842 1527 1885 1559 15

137 1602 269 1660 κῶν,
315 1591 432 1646 ἀλλ’
470 1591 643 1645 ἐνίοτε
683 1597 1009 1659 συγκεῖσθαι
1048 1593 1143 1653 τὰς
1182 1591 1350 1654 αὐτὰς
1387 1591 1478 1644 καὶ
1516 1603 1693 1655 κακῶς
1733 1592 1818 1645 έν-

141 1680 368 1749 δέχεται,
408 1681 437 1733 ὃ
473 1682 545 1750 μὴ
585 1682 817 1733 δίδωσιν
846 1679 879 1748 ἡ
914 1680 1097 1749 φύσις,
1136 1687 1298 1733 τοῦτο
1329 1689 1581 1750 πειρᾶται
1614 1683 1818 1750 λαμβά-

139 1789 262 1822 νειν
313 1778 431 1831 ταῖς
485 1772 766 1836 συζυγίαις
819 1769 1009 1831 αὐταῖς
1062 1767 1152 1821 καὶ
1206 1769 1384 1836 <οὕτω
1439 1771 1535 1832 τὰς
1594 1771 1818 1838 φωνὰς>

139 1867 321 1911 ποιεῖν
359 1857 550 1925 ἡδίους
587 1856 679 1919 καὶ
716 1856 1111 1927 μαλακωτέρας.
1179 1855 1270 1910 καὶ
1311 1859 1447 1926 δῆτα
1485 1857 1575 1911 καὶ
1613 1877 1818 1928 παρεμ-

141 1948 368 2015 βάλλειν
399 1942 468 1998 αὖ
499 1954 618 2007 ταῖς
650 1945 1043 2014 <ἀναγκαίαις>
1075 1947 1228 2008 τινὰς
1260 1943 1444 2015 ἑτέρας
1475 1946 1644 2011 λέξεις
1682 1948 1816 2000 ὑπο-
1840 1970 1884 2002 20

141 2034 291 2104 μένει
330 2035 466 2102 πρὸς
503 2035 602 2086 τὸν
638 2034 1002 2103 ὑποκείμενον
1041 2041 1179 2086 νοῦν
1211 2020 1327 2087 οὔτ’
1355 2034 1653 2102 ἀναγκαίας
1692 2034 1809 2089 οὔτ’

141 2129 273 2185 ἴσως
311 2124 598 2192 χρησίμας,
638 2123 842 2191 δεσμοῦ
882 2121 947 2174 δέ
980 2142 1130 2184 τινος
1168 2121 1200 2189 ἢ
1239 2125 1437 2190 κόλλης
1475 2123 1629 2187 τάξιν
1659 2132 1777 2186 ταῖς
1807 2122 1812 2194 0

261 2287 285 2325 2
304 2281 486 2326 ἀλλὰ-
495 2280 646 2332 ποίοις
663 2295 737 2325 om
750 2281 787 2324 B
816 2284 820 2338 Ι
848 2279 906 2324 τὰ
926 2288 1037 2324 ποῖα
1059 2288 1155 2332 τοῖς
1175 2278 1327 2332 ποίοις
1347 2281 1698 2338 παρατιθέμενα
1718 2283 1816 2339 Syl-

140 2341 356 2399 burgius:
385 2340 441 2384 τὰ
465 2340 580 2385 ποιὰ
603 2348 699 2391 τοῖς
722 2338 908 2390 ἀποίοις
931 2340 1010 2383 καὶ
1035 2339 1384 2397 παρατιθεμένη
1477 2347 1502 2384 3
1535 2341 1816 2398 μουσικωτά-

139 2417 248 2452 τους
272 2401 431 2445 MBP:
465 2414 567 2443 corr
589 2400 766 2444 Usener
838 2404 863 2442 6
888 2405 1133 2454 πεινρᾶται
1150 2399 1185 2442 Β
1260 2405 1283 2443 7
1319 2403 1631 2474 συνειλῆφθαι
1655 2402 1815 2446 MBP:

141 2474 244 2504 corr
266 2459 514 2504 Reiskius¹
511 2487 515 2516 Ι
543 2466 812 2514 προσπετεῖς
835 2458 956 2501 BPv
1048 2463 1073 2501 9
1106 2458 1268 2515 φεύγει
1291 2457 1375 2515 μὲν
1408 2457 1467 2503 ἂν
1491 2461 1550 2503 Pl
1642 2465 1695 2503 10
1721 2458 1817 2505 ἐνέ-

141 2534 282 2564 πειαν
299 2520 335 2563 Ρ
364 2517 589 2563 ἀνέπειαν
606 2518 643 2561 Β
708 2523 759 2560 12
785 2519 892 2573 post
916 2516 1194 2591 γραμμάτων
1212 2517 1285 2561 lac
1302 2518 1366 2562 XI
1390 2518 1469 2562 litt
1484 2519 1532 2562 M
1603 2524 1655 2562 13
1675 2521 1817 2564 δύνα-

140 2595 218 2623 ται
238 2579 275 2622 Β
363 2583 416 2621 14
440 2577 467 2634 ἢ
494 2592 570 2621 om
588 2578 624 2620 P
715 2583 764 2619 15
790 2576 836 2628 ἐξ
861 2577 1065 2631 ἀφώνων
1081 2576 1129 2619 Μ
1157 2578 1161 2633 Ι
1191 2581 1528 2634 συγκεῖσθαι-
1539 2577 1818 2635 γραμμάτων

143 2651 219 2682 om
249 2638 370 2681 BPv
402 2637 496 2680 add
526 2652 606 2693 mg
637 2636 708 2678 Μ2
816 2640 868 2678 16
900 2634 982 2686 τὰς
1012 2634 1175 2693 αὐτὰς]
1207 2635 1341 2687 τινὰς
1372 2637 1548 2681 Usener
1669 2642 1721 2681 17
1755 2638 1815 2693 μὴ

143 2696 343 2753 Kn'iger:
384 2697 441 2753 δὴ
576 2701 629 2739 18
663 2696 815 2738 αὐτῶν
846 2694 1022 2738 Usener
1063 2697 1068 2749 Ι
1109 2697 1217 2751 post
1254 2696 1334 2739 καὶ
1364 2695 1415 2738 in
1445 2696 1493 2739 M
1524 2696 1595 2740 lac
1630 2697 1817 2739 X——XIl

143 2754 224 2799 litt
252 2755 384 2799 nulla
415 2756 488 2798 lae
520 2755 570 2797 in
594 2754 696 2798 BP:
731 2752 945 2809 suppleui
1037 2758 1090 2796 19
1123 2754 1203 2798 καὶ
1234 2755 1421 2810 δῆτα-
1437 2754 1592 2811 ἐτέρας
1618 2770 1693 2799 om
1717 2757 1811 2798 Pva

143 2813 480 2887 παρεμβάλλειν
504 2814 572 2857 M.
606 2811 987 2869 παραλαμβάνειν
1012 2812 1048 2855 Β
1168 2817 1224 2856 20
1256 2831 1316 2857 αυ
1348 2815 1467 2872 ταῖς]
1507 2816 1669 2865 αὐταῖς
1700 2815 1811 2857 ΜΒ

144 2871 424 2929 ἀναγκαίαις
468 2887 520 2916 su
556 2872 702 2928 pleui,
753 2871 826 2914 lac
859 2871 943 2913 VII
988 2870 1068 2914 litt
1106 2872 1174 2927 M,
1214 2872 1344 2916 nulla
1387 2873 1459 2916 lae
1500 2874 1536 2915 B
1577 2873 1625 2917 cf
1653 2887 1708 2929 ep
1756 2859 1818 2915 ad

144 2930 302 2987 Pomp
337 2937 419 2975 785
448 2934 453 2979 1
489 2934 510 2974 λ
539 2931 665 2983 ξιςΒ
