2004 3202
197 74 308 127 404
622 76 961 118 ΔιοΝΤΣΙοΤ
992 77 1458 119 ΑΛΙΚΑΡΝΑΣΕῼΣ

196 211 579 280 μεταβάλλετε,
627 209 813 278 ἐπειδὴ
861 209 1058 278 ξυνέβη
1097 210 1231 278 ὑμῖν
1274 216 1573 278 πεισθῆναι
1612 207 1713 279 μὲν
1751 210 1872 264 ἀκε-

198 301 399 369 ραιόις,
453 298 774 368 μεταμέλειν
821 295 881 351 δὲ
933 297 1326 366 κακουμένοιςὲ
1402 297 1492 352 καὶ
1539 301 1618 352 ἔτι
1669 299 1870 352 ἐκεῖνα·

199 387 413 440 (δουλοῖ
436 388 540 457 γὰρ
566 389 823 457 φρόνημα
854 387 914 439 τὸ
940 387 1226 455 αἰφνίδιον
1249 385 1339 439 καὶ
1363 387 1423 440 τὸ
1458 386 1874 458 ἀπροσδόκητον

198 474 288 528 καὶ
320 477 380 528 τὸ
412 478 645 547 πλείστῳ
678 476 971 546 παραλόγῳ
1005 473 1327 543 ξυμβαῖνον·
1367 516 1378 527 .
1397 516 1408 527 .
1427 516 1437 527 .
1457 475 1601 544 ὅμως
1626 472 1687 528 δὲ
1709 478 1875 528 πόλιν

155 579 177 612 5
199 564 441 632 μεγάλην
495 565 782 630 οἰκοῦντας
833 561 924 615 καὶ
979 562 1040 616 ἐν
1099 565 1299 631 ἤθεσιν
1360 563 1677 626 ἀντιπάλοις
1738 564 1874 634 αὐτῇ

199 651 612 722 τεθραμμένους
659 653 835 721 χρεὼν
879 649 969 703 καὶ
1016 653 1112 714 τὰς
1162 653 1447 722 συμφορὰς
1487 651 1702 705 ἐθέλειν
1747 653 1876 721 ὑφί-

202 747 437 794 στασθαι
476 739 565 793 καὶ
605 741 706 807 τὴν
746 738 972 803 ἀξίωσιν
1002 740 1073 808 μὴ
1115 739 1421 808 ἀφανίζειν·
1463 740 1522 793 ἐν
1554 745 1653 812 ἴσῳ
1685 742 1789 811 γὰρ
1822 742 1875 794 οἱ

202 830 490 899 ἄνθρωποι
516 830 792 881 δικαιοῦσι
817 835 911 895 τῆς
935 848 991 880 τε
1015 828 1366 898 ὑπαρχούσης
1391 827 1552 897 δόξης
1576 830 1876 896 αἰτιᾶσθαι,

203 917 345 979 ὅςτις
385 916 453 969 ἂν
500 916 738 987 μαλακίᾳ
786 915 1031 986 ἐλλείπῃ,
1086 915 1176 969 καὶ
1222 925 1316 985 τῆς
1370 918 1441 986 μὴ
1496 918 1877 987 προσηκούσης

138 1024 179 1055 10
203 1014 383 1074 μισεῖν
422 1006 519 1058 τὸν
557 1005 864 1075 θρασύτητι
906 1005 1270 1075 ὀρεγόμενονῖ
1338 1005 1428 1058 καὶ
1468 1007 1547 1058 ἔτι
1585 1006 1651 1058 τὰ
1683 1006 1877 1073 διεγεί-

205 1114 370 1164 ροντα
417 1095 511 1156 τὰς
559 1095 736 1162 ψυχας
784 1103 895 1146 τῶν
933 1093 1246 1162 ἩΑθηναιων
1287 1093 1371 1146 ἐπὶ
1422 1095 1482 1146 τὸ
1523 1095 1779 1163 φρόνημα
1816 1095 1877 1147 τὸ

202 1182 436 1252 πάτριον
466 1186 645 1235 ταυτί·
688 1182 801 1250 τῆς
823 1202 881 1234 τε
911 1185 1120 1245 πόλεως
1143 1183 1283 1251 ὑμᾶς
1315 1183 1459 1244 εἰκὸς
1490 1203 1565 1254 τῳ
1596 1182 1878 1255 τιμωμένῳ

205 1269 308 1323 ἀπὸ
344 1278 443 1323 τοῦ
476 1272 681 1341 άρχειν,
716 1291 758 1342 ῳ
793 1271 798 1339 Ι
833 1267 971 1340 ὑπερ
1006 1272 1246 1333 άπαντας
1278 1270 1602 1338 ἀγάλλεσθε,
1633 1273 1866 1340 βοηθεῖν
1882 1286 1992 1326 932:

205 1357 294 1411 καὶ
333 1360 404 1428 μὴ
446 1360 675 1429 φεύγειν
722 1361 851 1422 τοὺς
896 1362 1125 1428 πόνους,
1165 1381 1197 1428 η
1238 1356 1373 1429 μηδε
1411 1360 1507 1421 τὰς
1551 1360 1708 1428 τιμας
1754 1361 1880 1412 διώ-

141 1465 343 1501 15κειν·
398 1445 534 1517 μηδὲ
590 1452 810 1518 νομίσαι
863 1447 989 1518 περὶ
1045 1447 1166 1510 ἑνὸς
1208 1451 1399 1517 μόνου,
1454 1449 1708 1510 δουλείας
1754 1446 1871 1500 ἀντ’

207 1536 548 1606 ἐλευθερίας,
604 1536 993 1604 ἀγωνίζεσθαι,
1049 1535 1186 1589 ἀλλὰ
1232 1534 1322 1589 καὶ
1370 1536 1537 1606 ἀρχῆς
1583 1539 1881 1609 στερήσεως

205 1623 295 1677 καὶ
349 1626 617 1678 κινδύνου
673 1621 752 1677 ὧν
807 1624 867 1677 ἐν
919 1633 982 1694 τῇ
1039 1624 1176 1694 ἀρχῇ
1231 1624 1566 1693 ἀπήχθεσθε.
1642 1620 1706 1692 ἧς
1756 1623 1874 1677 οὐδ’

208 1713 460 1782 ἐκστῆναι
494 1715 573 1766 ἔτι
605 1714 739 1782 ὑμῖν
770 1715 937 1780 ἔστιν,
978 1718 1032 1765 εἴ
1057 1733 1138 1775 τις
1169 1711 1259 1765 καὶ
1295 1714 1420 1765 τόδε
1454 1712 1514 1765 ἐν
1544 1720 1619 1784 τῷ
1649 1716 1880 1783 παρόντι

207 1802 402 1863 δεδιὼς
457 1801 854 1871 ἀπραγμοσύνῃ
906 1801 1378 1869 ἀνδραγαθίζεται.
1455 1802 1527 1863 ὡς
1579 1802 1883 1869 τυραννίδα

142 1911 184 1942 20
209 1891 312 1959 γὰρ
344 1891 448 1958 ’ἤδη
482 1892 626 1958 ἔχετε
658 1890 846 1958 αὐτήν,
877 1890 947 1958 ἣν
979 1893 1169 1958 λαβεῖν
1200 1886 1300 1959 μὲν
1333 1891 1526 1943 ἄδικον
1551 1889 1701 1942 δοκεῖ
1724 1886 1883 1957 εἶναι,

209 1978 429 2047 ἀφεῖναι
478 1975 538 2031 δὲ
587 1978 980 2046 έπικίνδυνον’,
1034 1977 1123 2030 καὶ
1171 1980 1236 2031 τὰ
1281 1979 1498 2040 τούτοις
1544 1978 1728 2046 ὅμοια,
1783 1978 1883 2030 ὅσα

209 2068 303 2129 τάς
348 2087 404 2119 τε
445 2067 740 2135 ἐξαλλαγὰς
788 2077 899 2120 τῶν
952 2067 1238 2136 ὀνομάτων
1290 2066 1379 2119 καὶ
1433 2076 1544 2119 τῶν
1598 2068 1885 2135 σχημάτων

211 2160 428 2226 μετρίας
468 2158 575 2225 ἔχει
615 2155 704 2208 καὶ
746 2157 870 2208 οὔτε
909 2155 1233 2226 περιέργους
1272 2156 1397 2208 οὔτε
1438 2157 1884 2225 δυσπαρακολου-

212 2247 432 2312 θήτους.

332 2424 356 2460 3
389 2418 518 2461 'rhua
541 2419 582 2460 11
608 2423 676 2473 ⁶1,
703 2424 727 2460 3
853 2423 905 2461 12
938 2419 979 2461 11
1007 2423 1060 2461 63

334 2584 358 2621 3
384 2580 463 2622 καὶ
487 2579 536 2622 τὸ
554 2579 668 2623 MP:
694 2580 772 2622 καὶ
791 2580 880 2637 [τὸ]
898 2581 921 2622 f
940 2582 1019 2624 καὶ
1042 2583 1080 2624 Θ
1171 2586 1198 2624 4
1216 2581 1488 2637 ξυμβαῖνον·
1518 2579 1759 2635 όμωςΜΡ;
1776 2579 1882 2634 ξυμ-

219 2640 403 2708 βαῖνον·
440 2635 462 2680 ὃ
495 2637 604 2709 ὑμῖν
637 2638 750 2691 πρὸς
782 2647 876 2688 τοῖς
909 2639 1061 2690 ἄλλοις
1086 2641 1167 2712 οὐχ
1201 2639 1361 2695 ἥκιστα
1387 2637 1608 2682 καὶκατὰ
1638 2638 1721 2693 τὴν
1746 2637 1884 2681 νόσον

219 2694 469 2753 γεγένηται.
516 2695 635 2751 ὅμως
659 2696 681 2738 f
708 2710 764 2738 ex
793 2699 831 2739 Θ
923 2703 947 2740 5
982 2697 1170 2755 μεγάλιν
1194 2698 1228 2740 P
1321 2704 1345 2742 6
1378 2697 1459 2748 τὰς
1484 2695 1722 2753 συμφορὰς
1745 2695 1882 2739 MPf:

219 2756 477 2827 ξυμφοραῖς
508 2762 607 2804 ταῖς
639 2756 870 2810 μεγίσταις
898 2757 937 2799 Θ
1139 2763 1163 2799 9
1198 2756 1247 2807 ὅς
1277 2774 1345 2807 τις
1376 2759 1476 2812 μαλ
1511 2754 1701 2799 ἐλλείπει
1728 2757 1767 2798 Θ

222 2819 275 2857 13
315 2807 350 2872 ᾧ
395 2811 509 2867 ὑπερ
557 2830 767 2863 απαντας
814 2813 956 2856 etiam
995 2817 1224 2860 ABEF:
1273 2810 1393 2874 ᾧπερ
1441 2815 1641 2864 άπαντες
1681 2813 1767 2857 CG

223 2879 276 2916 15
310 2880 520 2928 νομεῖσαι
546 2871 580 2914 Ρ
704 2876 756 2914 18
785 2872 903 2916 ἐστιν
928 2873 950 2914 f
1089 2879 1140 2916 ‘21
1176 2875 1409 2930 αφθεῖναι
1439 2874 1474 2915 P
