1958 3192
160 118 232 170 34
584 117 925 161 ΔΙοΝΤΣῙοΤ
956 115 1423 158 ΑΛῙΚΑΡΝΑΣΕΩΣ
1858 0 1941 334 'q

1899 220 1918 249 Ἴ

159 274 253 323 μοι
292 251 577 321 γεγένηται
616 253 790 305 εἰπεῖν
828 247 966 320 ὑπὲρ
1007 250 1201 302 αὐτῶν.
1267 251 1369 318 ἔχω
1402 246 1463 302 δὲ
1494 250 1705 302 τούτων
1736 246 1837 318 μὲν

159 343 407 412 ἀδελφὴν
430 343 787 408 Διογείτονος
812 337 872 392 δὲ
895 339 1267 408 θυγατριδῆν·
1297 336 1387 390 καὶ
1414 339 1591 391 πολλὰ
1616 336 1838 406 δεηθεὶς

160 429 486 501 ἀμφοτέρων
553 430 613 482 τὸ
684 426 785 498 μὲν
851 436 1071 497 πρῶτον
1138 425 1305 479 ἐ’πεισ’
1377 426 1577 489 αὐτοὺς
1649 427 1837 495 <τοῖς>
1918 472 1921 473 ⁷

161 523 345 590 φίλοις
385 516 668 588 ἐπιτρέψαι
707 518 948 584 δίαιταν,
995 513 1120 584 περὶ
1158 519 1367 568 πολλοῦ
1404 516 1734 584 ποιούμενος
1770 516 1838 568 τὰ
1915 457 1943 562 Ii

116 625 137 658 5
161 609 372 662 τούτων
409 607 697 677 πράγματα
747 603 954 674 μηδένα
992 613 1102 656 τῶν
1141 605 1324 656 ἄλλων
1362 603 1580 657 εἰδέναι.
1651 603 1837 672 ἐπειδὴ
1903 598 1924 675 ⁴}

162 695 222 750 δὲ
246 699 569 764 Διογείτων,
602 695 634 747 ἃ
659 702 910 763 φανερῶς
941 695 1080 761 ἔχων
1112 691 1440 762 ἐξηλέγχετο,
1471 692 1595 763 περὶ
1627 694 1839 746 τούτων

162 783 349 839 οὐδενὶ
381 794 492 837 τῶν
523 784 694 836 αὑτοῦ
728 785 908 851 φίλων
939 780 1137 849 ἐτόλμα
1165 784 1481 850 πείθεσθαι,
1518 781 1633 835 ἀλλ’
1673 783 1839 851 ήβου-
1919 767 1927 775 ⁷¹

162 875 306 942 λήθη
360 871 450 926 καὶ
497 872 726 941 φεύγειν
775 871 930 933 δίκας
982 868 1072 922 καὶ
1126 870 1198 938 μὴ
1253 870 1420 932 οὔσας
1474 872 1694 924 διώκειν
1747 870 1839 924 καὶ
1926 875 1958 926 ’ἐ

161 963 452 1031 ὑπομεῖναι
483 962 612 1022 τοὺς
645 959 903 1028 ἐσχάτους
933 959 1232 1020 κινδύνους
1263 963 1474 1027 μᾶλλον
1503 959 1535 1027 ἢ
1561 962 1626 1012 τὰ
1654 961 1840 1013 δίκαια
1923 948 1925 950 ,

96 1069 138 1100 ιο
160 1052 390 1118 ποιήσας
444 1049 792 1116 ἀπηλλάχθαι
846 1057 956 1100 τῶν
1000 1048 1138 1117 πρὸς
1186 1048 1418 1110 τούτους
1471 1047 1839 1118 ἐγκλημάτων,
1884 1043 1886 1045 ’
1956 1067 1958 1074 ⁴

161 1139 316 1207 ὑμῶν
355 1136 562 1206 δέομαι,
604 1135 699 1189 ἐὰν
737 1132 838 1205 μὲν
869 1134 1136 1199 ἀποδείξω
1170 1135 1343 1198 οὕτως
1374 1138 1608 1206 αἰσχρῶς
1640 1137 1842 1200 αὐτοὺς

163 1224 715 1296 ἐπιτετροπευμένους
753 1225 860 1277 ὑπὸ
893 1232 991 1277 τοῦ
1022 1225 1265 1293 πάππου,
1305 1225 1377 1286 ὡς
1409 1224 1593 1287 οὐδεὶς
1623 1226 1841 1279 πώποτε

160 1316 267 1368 ὑπὸ
322 1323 432 1367 τῶν
486 1310 652 1366 οὐδὲν
704 1315 1097 1383 προσηκόντων
1151 1311 1211 1365 ἐν
1263 1321 1326 1383 τῇ
1380 1316 1554 1382 πόλει,
1608 1317 1842 1383 βοηθεῖν

162 1403 348 1464 αὐτοῖς
371 1404 436 1455 τὰ
462 1403 670 1455 δίκαια’
703 1402 752 1454 εἰ
777 1398 836 1454 δὲ
860 1403 950 1470 μή,
981 1402 1155 1471 τούτῳ
1180 1398 1282 1470 μὲν
1305 1403 1517 1454 ἅπαντα
1542 1403 1839 1471 πιστεύειν,
1955 1461 1958 1477 ⁴

96 1509 138 1541 15
161 1491 300 1561 ἡμᾶς
324 1488 384 1543 δὲ
409 1493 486 1553 εἰς
509 1491 606 1543 τὸν
634 1490 830 1543 λοιπὸν
861 1492 1065 1560 χρόνον
1094 1489 1351 1557 ἡγεῖσθαι
1382 1493 1600 1561 χείρους
1629 1490 1633 1561 ᾗ
1662 1487 1817 1544 εἶναι.
1843 1499 1958 1542 50αῆ

164 1579 216 1644 ἐξ
257 1579 424 1650 ἀρχῆς
463 1577 515 1631 δ’
553 1579 694 1647 ὑμᾶς
731 1577 856 1648 περὶ
896 1578 1078 1631 αὐτῶν
1117 1578 1332 1642 διδάξαι
1371 1579 1731 1649 πειράσομαιῖ

75 1668 147 1719 24
273 1676 435 1720 τοῦτο
475 1668 535 1719 τὸ
574 1670 869 1736 προοίμιον
907 1666 1117 1728 ἁπάσας
1156 1669 1264 1735 ἔχει
1303 1669 1398 1729 τὰς
1443 1667 1659 1738 ἀρετάς,
1711 1668 1842 1732 ὅσας

165 1757 249 1809 δεῖ
308 1756 368 1808 τὸ
430 1758 724 1824 προοίμιον
784 1758 942 1823 ἔχειν.
1028 1756 1338 1823 δηλώσουσι
1392 1753 1453 1808 δὲ
1506 1757 1560 1809 οἱ
1612 1759 1842 1820 κανόνες

165 1844 311 1915 αὐτῷ
356 1842 755 1913 παρατεθέντες
802 1845 854 1896 οἱ
893 1853 1003 1896 τῶν
1048 1853 1267 1912 τεχνῶν.
1337 1845 1569 1906 ἅπαντες
1618 1847 1723 1915 γὰρ
1771 1847 1840 1914 δή

100 1947 142 1979 ‘20
164 1950 273 1985 που
309 1931 786 2001 παραγγέλλουσιν
825 1933 877 1984 οἱ
909 1931 1302 2000 συνταξάμενοι
1335 1934 1429 1994 τὰς
1459 1932 1668 2002 τέχνας,
1707 1933 1842 1987 ὅταν

164 2021 301 2090 πρὸς
340 2022 574 2082 οἰκείους
613 2020 641 2073 ὁ
683 2019 849 2088 ἀγών,
890 2028 1115 2072 σκοπεῖν
1153 2021 1296 2082 ὅπως
1327 2022 1398 2089 μὴ
1431 2020 1663 2093 πονηροὶ
1703 2019 1840 2091 μηδὲ

166 2110 607 2179 φιλοπράγμονες
655 2110 707 2161 οἱ
753 2110 1046 2178 κατήγοροι
1093 2110 1447 2177 φανήσονται.
1518 2091 1844 2182 κᾷεύουσίν

285 2332 309 2369 2
342 2327 601 2383 ἀδελφιδῆν
627 2327 703 2370 Gv
731 2330 736 2383 Ι
763 2326 907 2371 πολλὰ
939 2324 1213 2383 ἀμφοτέρων
1237 2327 1426 2383 δεηθεὶς
1451 2327 1529 2372 Gv
1619 2333 1645 2371 3
1680 2327 1841 2372 ἔπεισα

166 2386 335 2435 αὐτοὺς
364 2393 461 2436 τοῖς
493 2384 644 2442 φίλοις
676 2386 755 2442 Sy:
807 2386 963 2430 ἔπεισα
995 2387 1101 2437 τοὺς
1133 2384 1294 2442 φίλους
1323 2386 1507 2430 FMPB
1557 2387 1714 2431 ἔπεισα
1745 2395 1842 2439 τοῖς

167 2442 318 2501 φίλοις
350 2444 388 2488 G
508 2449 536 2487 4
567 2447 753 2488 διαιτᾶν
784 2445 1018 2489 FMPBG
1132 2451 1156 2489 5
1197 2446 1370 2490 τούτων
1411 2445 1631 2501 SyFGP:
1674 2447 1840 2491 τούτου

166 2504 259 2547 ΜΒ
289 2504 294 2562 Ι
323 2503 482 2559 ἐπειδὴ
502 2503 583 2559 Sy:
604 2504 702 2546 ἐπεὶ
719 2503 828 2547 libri
907 2510 931 2547 6
950 2504 1187 2561 ἐξήλεγκτο
1204 2503 1315 2548 libri
1392 2508 1415 2547 7
1433 2505 1577 2548 αὑτοῦ
1597 2504 1678 2560 Sy:
1697 2507 1839 2549 αὐτοῦ

166 2562 275 2606 libri
303 2563 308 2620 Ι
339 2562 570 2620 ἐβουλήθη
598 2563 657 2618 Sy
749 2568 774 2605 8
806 2564 1132 2619 καὶ-μᾶλλον
1159 2563 1218 2605 F1
1249 2563 1298 2606 in
1327 2578 1406 2619 mg
1493 2568 1517 2606 9
1549 2564 1839 2623 ὑπομ[εῖναι]

167 2636 271 2665 cum
302 2636 376 2664 ras
408 2621 442 2662 F
497 2619 846 2677 καθυπομένειν
887 2623 947 2678 Sy
992 2623 1114 2667 unde
1159 2619 1408 2678 ὑπομένειν
1450 2622 1796 2666 Rauchenstein
1833 2635 1835 2681 ᾗ

168 2681 379 2738 μᾶ[λλον]
419 2694 519 2723 cum
561 2694 635 2723 ras
667 2680 702 2722 F
825 2686 878 2723 10
911 2682 1024 2736 πρὸς
1054 2682 1232 2732 τούτοις
1262 2680 1542 2736 FVSyriani
1665 2687 1717 2724 13
1749 2690 1840 2726 τῶν

167 2737 313 2796 μηδὲν
345 2737 671 2795 προσηκόντων
706 2739 766 2794 Sy
879 2745 933 2783 14
967 2740 1151 2785 ἅπαντα
1184 2754 1240 2783 ex
1271 2739 1398 2783 ἅπαν
1429 2739 1464 2781 F
1572 2744 1625 2782 17
1657 2739 1843 2791 ἁπάσας

169 2812 244 2842 om
280 2799 316 2841 P
431 2803 484 2841 18
523 2798 573 2841 τὸ
613 2797 661 2840 in
699 2797 734 2840 F
773 2801 936 2854 postea
983 2800 1197 2843 additum
1243 2801 1314 2842 est
1435 2803 1487 2842 19
1536 2799 1678 2857 αὐτῷ]
1727 2800 1839 2843 αὐτὸ

167 2858 204 2901 Ρ
247 2860 295 2901 et
336 2857 373 2900 B
418 2856 467 2899 in
510 2871 588 2913 mg
699 2862 753 2900 20
802 2856 913 2902 ὅταν
962 2854 988 2916 ᾗ
1036 2858 1112 2902 Gv
1231 2862 1286 2901 22
1335 2857 1634 2913 φανήσωνται
1679 2858 1738 2900 F¹
1785 2872 1842 2902 ex

169 2915 460 2974 φανήσονται

1947 2926 1953 2940 2
1943 2768 1953 2890 “222OE
1947 2684 1953 2754 ...-
1944 2547 1953 2666 aeoe—
1947 2515 1950 2526 -
1943 2242 1952 2499 .⁴—·-=—„--.-—e—
1950 2190 1951 2193 „
