2004 3202
755 101 1176 175 ΔΗΜΟΣΘΕΝᾙΣ
1696 131 1800 184 153

127 276 243 330 τοῖς
282 269 470 330 ἄλλοις
508 268 659 337 ὥραν
698 270 1010 336 συμβαίνοι,
1053 266 1257 334 ταύτην
1296 265 1365 318 ἂν
1405 262 1559 319 οὗτοι
1600 266 1804 338 ἐπαρῴ-

128 377 267 410 νουν
297 357 420 425 ἥδη,
459 357 524 409 τὰ
562 352 664 425 μὲν
694 357 870 409 πολλὰ
907 357 984 418 εἰς
1020 356 1150 418 τοὺς
1187 355 1387 417 παῖδας
1418 357 1547 418 τοὺς
1578 355 1804 408 ἀκολού-

127 451 269 507 θους
328 444 508 514 ἡμῶν,
569 449 924 507 τελευτῶντες
978 440 1039 497 δὲ
1099 441 1190 496 καὶ
1252 445 1329 506 εἰς
1389 443 1529 513 ἡμᾶς
1590 443 1804 506 αὐτούς.

129 536 400 603 φήσαντες
446 535 551 603 γὰρ
598 536 877 598 καπνίζειν
917 533 1117 596 αὐτοὺς
1163 531 1638 601 ὀψοποιουμένους
1676 534 1804 595 τοὺς

127 623 325 685 παῖδας
363 621 396 691 ἢ
435 631 612 684 κακῶς
650 621 849 690 λέγειν,
890 622 918 674 ὅ
951 642 1002 674 τι
1034 622 1270 691 τύχοιεν,
1309 623 1544 674 ἔτυπτον
1582 619 1672 673 καὶ
1711 623 1806 684 τὰς
1852 639 1872 671 5

128 711 326 780 ἀμίδας
353 712 862 764 κατεσκεδάννυσαν
885 709 974 763 καὶ
1006 710 1387 780 προσεούρουν
1409 709 1500 763 καὶ
1525 709 1808 778 ἀσελγείας
1847 759 1852 763 ,

41 799 240 854 988.καὶ
276 801 282 868 Ι
315 800 526 870 ὕβρεως
558 799 677 853 οὐδ’
701 800 892 853 ὁτιοῦν
923 798 1234 853 ἀπέλειπον.
1295 799 1531 869 ὁρῶντες
1562 795 1623 852 δὲ
1654 798 1808 868 ἡμεῖς

76 953 79 955 ,
128 897 298 942 ταῦτα
343 887 432 942 καὶ
473 889 809 958 λυπούμενοι
848 889 909 941 τὸ
949 885 1050 957 μὲν
1088 897 1308 958 πρῶτον
1346 887 1807 957 ἀπεπεμψάμεθα·

129 979 200 1040 ὡς
240 976 288 1030 δ’
322 977 608 1047 ἐχλεύαζον
642 977 781 1046 ἡμᾶς
818 976 908 1030 καὶ
949 976 1049 1029 οὐκ
1089 976 1376 1045 ἐπαύοντο,
1415 983 1491 1048 τῷ
1524 983 1839 1047 στρατηγῷ-

128 1067 188 1119 τὸ
229 1075 451 1136 πρᾶγμα
490 1070 713 1134 εἴπομεν
751 1074 910 1135 κοινῇ
950 1066 1150 1127 πάντες
1191 1066 1244 1118 οἱ
1283 1066 1532 1118 σύσσιτοι
1578 1070 1807 1136 προσελ-
1833 1083 1877 1114 10

128 1157 343 1223 θόντες,
384 1151 550 1207 οὐδὲν
590 1153 695 1222 ἐγὼ
733 1162 844 1206 τῶν
881 1155 1064 1207 ἄλλων
1096 1153 1211 1218 ἔξω.
1280 1153 1709 1224 λοιδορηθέντος
1747 1151 1809 1207 δὲ

129 1243 316 1306 αὐτοῖς
357 1242 570 1296 ἐκείνου
608 1241 699 1295 καὶ
742 1246 1067 1305 κακίσαντος
1106 1243 1323 1310 αὐτούς,
1364 1242 1430 1295 οὐ
1470 1245 1644 1311 μόνον
1681 1242 1806 1312 περὶ

129 1328 207 1385 ὧν
254 1333 331 1394 εἰς
376 1331 516 1401 ἡμᾶς
565 1331 896 1399 ἠσέλγαινον
942 1331 1079 1384 ἀλλὰ
1132 1330 1222 1383 καὶ
1275 1330 1401 1400 περὶ
1457 1327 1535 1384 ὧν
1583 1331 1810 1384 ἐποίουν

130 1422 269 1484 ὅλως
301 1420 361 1473 ἐν
391 1419 870 1492 τῷστρατοπέδῳ,
910 1420 1180 1473 τοσούτου
1220 1419 1448 1488 ἐδέησαν
1486 1421 1807 1474 παύσασθαι

127 1509 159 1577 ἢ
215 1510 611 1578 αἰσχυνθῆναι,
666 1510 828 1577 ὥστε,
884 1508 1069 1576 ἐπειδὴ
1124 1514 1334 1562 θᾶττον
1389 1511 1804 1577 συνεσκότασεν,
1831 1524 1872 1557 15

129 1598 301 1660 εὐθὺς
336 1599 409 1661 ὡς
446 1598 585 1667 ἡμᾶς
624 1599 988 1666 εἰσεπήδησαν
1027 1597 1196 1668 ταύτῃ
1237 1605 1300 1667 τῇ
1343 1596 1555 1668 ἑσπέρᾳ.
1617 1596 1706 1649 καὶ
1746 1599 1807 1651 τὸ

128 1684 230 1756 μὲν
266 1696 487 1757 πρῶτον
523 1696 701 1749 κακῶς
741 1689 949 1755 ἔλεγον,
993 1688 1178 1739 ἔπειτα
1219 1683 1278 1738 δὲ
1317 1685 1407 1738 καὶ
1446 1688 1658 1754 πληγὰς
1697 1686 1809 1739 ἐνέ-

126 1795 313 1829 τειναν
353 1774 472 1844 ἐμοὶ
518 1774 610 1830 καὶ
652 1775 927 1844 τοσαύτην
966 1775 1215 1845 κραυγὴν
1253 1773 1344 1827 καὶ
1390 1778 1644 1845 θόρυβον
1682 1774 1807 1845 περὶ

125 1866 226 1932 τὴν
279 1865 488 1932 σκηνὴν
541 1863 821 1932 ἐποίησαν,
876 1864 1012 1916 ὥστε
1066 1861 1156 1916 καὶ
1211 1864 1310 1916 τὸν
1357 1866 1664 1933 στρατηγὸν
1716 1863 1807 1917 καὶ

126 1955 255 2015 τοὺς
293 1952 617 2022 ταξιάρχους
656 1952 844 2006 ἐλθεῖν
883 1950 972 2005 καὶ
1005 1962 1116 2005 τῶν
1147 1954 1331 2005 ἄλλων
1362 1954 1516 2014 τινὰς
1549 1967 1807 2023 στρατιω-
1833 1969 1875 2001 20

126 2051 254 2108 τῶν,
317 2044 373 2094 οἳ
431 2034 773 2094 διεκώλυσαν
826 2037 998 2109 μηδὲν
1051 2040 1190 2109 ἡμᾶς
1251 2040 1552 2108 ἀνήκεστον
1605 2047 1810 2095 παθεῖν

38 2143 122 2183 989
148 2128 272 2199 μηδ’
317 2131 321 2196 Ι
373 2128 574 2191 αὐτοὺς
626 2136 851 2197 ποιῆσαι
906 2127 1381 2198 παροινουμένους
1426 2130 1534 2182 ὑπὸ
1582 2130 1807 2182 τούτων.

127 2227 224 2272 τοῦ
270 2215 329 2271 δὲ
375 2219 691 2288 πράγματος
738 2219 815 2279 εἰς
861 2225 1023 2270 τοῦτο
1071 2219 1473 2285 παρελθόντος,
1521 2218 1593 2280 ὡς
1641 2219 1807 2286 δεῦρο

126 2308 461 2376 ἀνήλθομεν,
501 2303 570 2374 ἧν
607 2305 757 2375 ἡμῖν,
806 2298 927 2359 οἷον
966 2307 1134 2373 εἰκός,
1186 2305 1244 2357 ἐκ
1283 2306 1495 2358 τούτων
1534 2306 1669 2374 ὀργὴ
1718 2304 1807 2358 καὶ

246 2474 266 2510 1
304 2464 546 2525 συμβαίνει
578 2467 612 2509 Ρ
657 2468 662 2522 Ι
705 2466 896 2523 ταύτην]
935 2465 1020 2522 τὴν
1052 2465 1137 2522 τὴν
1168 2465 1204 2508 Β
1245 2467 1250 2522 Ι
1291 2465 1405 2541 ἤδη,
1425 2465 1697 2538 ἐπαρῴνουν
1730 2462 1807 2510 οὗ·

124 2542 195 2570 τοι
234 2526 273 2569 Ι)
411 2530 435 2568 2
477 2526 652 2575 παῖδας
699 2539 774 2568 om
812 2525 847 2567 P
992 2529 1017 2566 3
1057 2524 1186 2581 ἡμῶν
1229 2542 1336 2575 τους
1382 2525 1454 2569 ἀκ.
1488 2525 1528 2567 D
1580 2527 1584 2582 Ι
1636 2523 1686 2569 δε
1729 2525 1807 2569 καὶ

127 2585 191 2636 εἰς
223 2599 299 2628 om
321 2585 357 2628 P
406 2585 471 2636 εἰς
503 2598 578 2628 om
602 2584 638 2627 B
737 2590 764 2627 4
796 2583 922 2641 τοὺς]
956 2584 1126 2634 αὐτοὺς
1156 2583 1194 2627 Β
1286 2590 1311 2628 6
1345 2583 1807 2658 κατεσκεδάννοησαν

125 2644 207 2687 ΒΡ
252 2646 256 2700 Ι
299 2644 621 2699 προσΞούρουν
665 2657 758 2686 una
804 2642 965 2686 littera
1003 2655 1137 2686 erasa
1175 2642 1223 2686 M
1277 2643 1619 2698 πρὸσσεούρουν
1651 2643 1691 2688 Β

127 2708 178 2746 11
207 2700 419 2747 οὐθὲνΜ
453 2703 594 2748 οὐκΙ)
675 2708 727 2745 13
745 2716 797 2756 sq
823 2699 935 2752 ὅλως
960 2699 1206 2746 ἐποίουνΒ
1287 2707 1340 2745 15
1363 2699 1515 2746 ἑπειὸε
1532 2702 1615 2746 ΒΡ
1643 2705 1647 2758 Ι
1677 2717 1806 2746 συνε-

126 2762 341 2814 σκόταζεν
366 2761 487 2805 BPv
573 2766 626 2805 17
655 2760 830 2818 ἔπειτα]
862 2763 1156 2812 τελευτῶντες
1178 2761 1218 2804 D
1310 2766 1362 2804 19
1396 2762 1475 2806 καὶ
1506 2762 1587 2806 τὸν
1614 2762 1806 2816 στρατὸν

126 2821 204 2863 καὶ
235 2822 316 2865 τὸν
345 2821 599 2877 στρατηγὸν
623 2821 659 2864 Ρ
750 2825 806 2863 20
841 2828 1123 2874 στρατιωτῶν
1155 2836 1286 2871 τινας
1310 2820 1349 2863 D
1442 2825 1495 2863 21
1531 2819 1662 2874 οιπερ
1697 2820 1805 2863 ἐκώ-

128 2881 268 2924 λυσαν
299 2879 339 2922 D
367 2882 388 2936 Ι
431 2878 585 2936 μηθὲν
616 2879 664 2922 Μ
787 2883 843 2921 24
874 2878 1143 2934 ἀνήλθομεν
1177 2879 1341 2923 addito
1376 2879 1432 2923 ἐπ
1465 2893 1600 2935 super
1633 2880 1692 2922 ἀν
1723 2878 1768 2920 Μ

128 2931 187 2992 ἦν
216 2938 325 2994 ἡμῖν
355 2953 402 2981 m
433 2952 507 2982 rec
540 2938 607 2982 M:
648 2938 720 2981 lac
752 2937 902 2980 XVIII
934 2896 1013 2982 Ιηῆὺ
1043 2896 1095 2993 Bu,
1126 2938 1168 2981 V
1200 2938 1280 2982 litt
1310 2939 1345 2981 P
