2004 3202
696 127 839 168 ΠΕΡΙ
869 126 1216 168 ΔΕΙΝΑΡΧΟΤ
1694 122 1803 176 315

118 262 377 330 φανερόν.
440 261 775 313 Διαδικασία
813 259 1155 329 Εὑδανέμων
1191 260 1328 329 πρὸς
1366 261 1626 328 Κήρυκας
1663 256 1802 327 ὑπὲρ

116 355 216 401 τοῦ
262 358 463 411 κανῶς·
511 348 784 418 (οὐδαμῶς
830 356 1056 401 τοιαῦτα
1101 345 1425 417 πράγματα’
1503 346 1594 399 καὶ
1642 343 1803 409 οὗτος

116 438 252 490 κατὰ
304 439 434 500 τοὺς
487 436 690 499 αὐτοὺς
742 439 979 506 χρόνους
1026 442 1259 507 εἴρηται,
1312 438 1652 505 πεφευγότος
1697 436 1802 503 ἤδη

116 533 215 578 τοῦ
267 525 520 595 ῥήτορος,
576 525 649 587 ὡς
694 524 755 578 ἐν
801 525 950 596 αὐτῷ
996 532 1072 597 τῷ
1118 527 1263 596 λόγῳ
1309 525 1479 577 πάλιν
1525 525 1802 592 δηλοῦται.

108 612 369 676 Ἀττικός·
409 614 650 666 επάντων
688 610 829 682 ἦσαν
867 613 1102 683 ὁμοίωςῖ
1162 612 1253 666 καὶ
1293 609 1456 676 οὗτος
1493 618 1703 682 εἴρηται
1742 612 1803 666 ἐν
1849 630 1870 662 5

117 701 350 765 ἐκείνοις
386 711 502 764 τοῖς
541 705 779 772 χρόνοις,
819 704 893 765 ὡς
930 701 1020 755 καὶ
1062 701 1122 755 ἐν
1160 702 1308 773 αὐτῷ
1346 709 1422 774 τῷ
1459 703 1603 773 λόγῳ
1636 721 1803 770 φανε-

28 811 39 842 ,·-
117 791 219 858 ρὸν
257 794 517 858 γίγνεται.
588 793 914 853 Αἰτωλικός·
955 789 1064 844 ξκαὶ
1103 791 1274 860 ἡμεῖς,
1313 787 1356 843 ὦ
1396 791 1595 859 ἄνδρες
1627 792 1803 843 Αἰτω-

115 881 221 946 λοί,
260 878 549 948 πρέσβειςῖ
619 875 780 942 οὗτος
818 880 1170 947 καθεστώσης
1208 887 1303 947 τῆς
1341 879 1659 948 ὀλιγαρχίας
1692 879 1801 931 ὑπὸ

113 976 225 1019 τῶν
254 965 575 1035 Ἀθήνηθεν
614 968 884 1037 φυγάδων
915 972 1124 1037 εἴρηται
1157 966 1434 1035 δεομένων
1464 969 1594 1030 τοὺς
1626 969 1803 1020 Αἰτω-

114 1057 248 1117 λοὺς
294 1056 483 1118 αὑτοῖς
528 1059 786 1125 βοηθεῖν,
835 1054 951 1108 ἐπεὶ
997 1054 1088 1108 καὶ
1135 1056 1164 1109 ὁ
1204 1057 1569 1125 Κάσσανδρος
1614 1055 1803 1119 αὐτοῖς
1830 1073 1869 1105 10

15 1172 32 1218 3
116 1142 434 1213 ἐλευθέροις
481 1140 643 1197 οὖσιν
689 1143 976 1214 ἐπεχείρει,
1023 1145 1097 1206 ὡς
1136 1143 1196 1197 ἐν
1236 1143 1383 1215 αὐτῷ
1422 1151 1497 1215 τῷ
1536 1147 1681 1217 λόγῳ
1721 1148 1803 1212 γί-

17 1293 29 1304 “
116 1252 302 1299 γνεται
356 1240 519 1285 τοῦτο
575 1233 761 1300 δῆλον.
846 1233 1053 1285 οὔκουν
1107 1233 1250 1294 εἰκὸς
1304 1234 1473 1300 φίλον
1526 1234 1660 1285 ὄντα
1705 1234 1804 1286 τὸν

12 1331 37 1391 ᾗ
116 1325 430 1390 Δείναρχον
483 1331 595 1374 τῶν
647 1321 749 1388 τὴν
802 1320 1128 1391 ὀλιγαρχίαν
1179 1321 1636 1388 καταστησάντων
1687 1331 1803 1384 τοῖς

19 1417 28 1436 ²
114 1411 409 1463 καταλύειν
463 1409 836 1479 ἐπιχειροῦσιν
883 1413 1380 1477 συναγωνίζεσθαι,
1436 1408 1553 1462 οὐδ’
1601 1409 1802 1473 αὐτοὺς

0 1485 419 1569 Ἰᾗ659ἈθήΙνηθε
451 1501 651 1566 λόγους
684 1499 1145 1567 Τκαταλαμβάνειν
1173 1491 1294 1551 οἶόν
1318 1496 1362 1550 τ’
1396 1497 1522 1550 ἐστί.
1577 1502 1801 1571 Διφίλῳ
1828 1517 1868 1548 15

11 1572 26 1581 ω
116 1588 500 1657 δημηγορικός,
533 1588 779 1640 αἰτοῦντι
812 1587 1042 1656 δωρεάς·
1076 1586 1188 1639 (διὰ
1219 1587 1280 1638 τὸ
1305 1587 1378 1655 μὴ
1405 1584 1601 1656 ῥᾴδιον
1626 1583 1803 1640 εἷναι.’

115 1683 316 1728 τοῦτον
378 1675 645 1744 ἐπείσθην
705 1675 813 1728 ὑπὸ
871 1674 1274 1744 Δημοσθένους
1334 1676 1651 1744 γεγράφθαι
1704 1678 1803 1729 τὸν

116 1766 302 1832 λόγον,
343 1765 426 1818 ὅτι
464 1766 559 1826 τὰς
599 1765 807 1834 δωρεὰς
846 1766 1086 1834 ἔγραψεν
1125 1763 1273 1835 αὐτῷ
1304 1763 1690 1833 Δημοσθένης,
1730 1767 1803 1829 ὡς

117 1855 425 1921 Δείναρχος
472 1852 532 1905 ἐν
577 1860 652 1924 τῷ
697 1853 832 1905 κατὰ
871 1851 1275 1922 Δημοσθένους
1321 1854 1466 1924 λόγῳ
1510 1854 1801 1922 δεδήλωκε,

115 1939 206 1993 καὶ
247 1940 329 1993 ὅτι
371 1939 459 1993 ἐπὶ
498 1940 639 1994 τέλει
677 1942 847 2008 <τοῦ>
889 1943 1060 2008 λόγου
1091 1941 1119 1994 ὁ
1152 1941 1394 2009 Δίφιλος
1425 1941 1801 2011 Δημοσθένην
1826 1960 1867 1991 20

35 2043 45 2075 Ι
115 2034 420 2099 παρακαλεῖ
474 2032 800 2099 συνήγορον.
885 2028 1167 2082 ἀπίθανον
1212 2027 1273 2081 δὲ
1320 2025 1471 2098 οἶμαι
1517 2026 1660 2082 εἶναι
1705 2032 1801 2092 τὰς

117 2114 218 2186 μὲν
271 2118 430 2186 τιμὰς
485 2117 627 2170 οὕτω
679 2118 917 2186 γράφειν
963 2116 1266 2169 εὐνοοῦντα
1312 2123 1388 2188 τῷ
1433 2121 1655 2189 Διφίλῳ
1702 2119 1801 2171 τὸν

118 2205 513 2275 Δημοσθένην,
554 2207 723 2273 λόγον
762 2202 822 2257 δὲ
853 2206 1000 2275 παρὰ
1031 2206 1346 2274 Δεινάρχου
1379 2207 1620 2273 λαβόντα
1650 2224 1801 2275 περι-

113 2294 274 2347 ιδεῖν.
330 2293 523 2364 Ἑρμία
563 2293 829 2363 ἐμπορίου
869 2292 1158 2363 ἐπιμελητῇ
1198 2291 1322 2362 περὶ
1361 2303 1472 2346 τῶν
1502 2314 1801 2364 κατηγορη-

8 1832 27 2060 {um{4⁴ae'
21 1803 27 1811 <
14 1754 26 1769 ὁ

4 2267 30 2515 δ”,ιίεςψΰΐπ
5 2202 7 2207 “

210 2458 232 2496 1
253 2452 583 2511 ευδανεμωνΕΙ
600 2451 805 2507 κήρυκας
823 2454 931 2495 ante
943 2451 1199 2508 Sauppium
1219 2452 1278 2495 ed
1348 2457 1373 2494 2
1387 2460 1559 2503 κανῶς·
1588 2454 1800 2509 οὐδαμῶς

120 2519 314 2556 τοιαῦτα
348 2511 645 2568 Sylburgius:
678 2519 831 2561 κανῶς
863 2512 1097 2567 οὐδαμῶς
1122 2512 1366 2555 τοιαῦταἙ
1488 2517 1513 2555 5
1547 2510 1715 2568 ὁμοίως
1739 2513 1800 2556 ad

116 2570 364 2626 sequentia
380 2571 602 2614 trahitF:
628 2570 971 2613 corrVictorius
1064 2574 1090 2613 8
1116 2569 1331 2621 οὕτωςΕε
1357 2585 1459 2614 corr
1474 2570 1710 2614 Victorius

121 2634 146 2672 9
176 2634 230 2673 10
262 2637 359 2681 τοῖς
397 2630 608 2680 αἰτωλοῐς
635 2628 691 2673 F.
725 2643 826 2672 corr
858 2628 1133 2705 Sylburgius
1256 2635 1311 2674 10
1350 2631 1508 2680 αὑτοῖς
1545 2630 1796 2686 Sauppius:

119 2689 277 2739 αὐτοῖς
300 2689 334 2731 F
429 2693 482 2732 10
502 2694 554 2731 11
573 2689 731 2738 αὐτοῖς
748 2686 1012 2743 ἐλευθέροις
1035 2686 1186 2747 οὖσιν]
1211 2690 1381 2740 αὐτοὺς
1406 2689 1685 2743 ἐλευθεροῦν
1704 2689 1738 2732 F

122 2752 175 2790 12
218 2747 324 2791 εἰκω
365 2748 420 2792 F.
462 2762 563 2791 corr
594 2747 829 2791 Victorius
1014 2752 1068 2790 14
1108 2746 1507 2804 συναγωνίζεσθαι
1545 2763 1625 2804 mg
1656 2747 1796 2791 Bodl:

118 2804 431 2860 ἀγωνίζσεθαι
447 2807 482 2850 F
507 2807 512 2865 Ι
533 2807 703 2856 αὐτοὺς
719 2805 1012 2862 Sylburgius:
1039 2807 1237 2857 αὐτὸς-Γ
1330 2811 1384 2850 18
1403 2809 1525 2866 αὐτῷ
1544 2806 1796 2863 Sauppius:

121 2864 262 2909 αἰτῶν
301 2865 335 2908 F
458 2870 515 2909 20
547 2872 626 2909 τοῦ
660 2865 753 2908 add
786 2864 1001 2909 Reiskius
1123 2871 1176 2909 22
1211 2864 1328 2926 φίλῳ
1356 2866 1412 2911 F.
1445 2880 1547 2910 corr
1562 2866 1796 2909 Victorius

241 2929 294 2967 23
331 2930 387 2968 24
426 2926 651 2979 περιιδεῖν
693 2938 748 2968 ex
794 2926 1044 2979 περιειδεῖν
1090 2938 1174 2981 per
1211 2939 1422 2969 rasuram
1454 2925 1488 2967 F
1611 2929 1665 2967 24
1691 2922 1796 2977 Ερ-
