2004 3202
692 149 836 190 ΠΕΡΙ
866 148 1212 190 ΔΕῙΝΑΡΧΟΤ
1682 145 1789 198 303

109 281 235 353 περὶ
273 291 384 335 τῶν
422 285 605 350 λόγων
643 291 755 335 τῶν
792 302 850 335 τε
888 284 1132 351 γνησίων
1171 281 1343 334 αὐτοῦ
1381 279 1472 334 καὶ
1511 282 1583 350 μὴ
1621 281 1792 350 σαφές

109 392 163 424 τι
215 373 423 440 ἔχωμεν
476 369 673 438 λέγειν.
757 374 985 440 τίθεμεν
1037 371 1106 438 δὴ
1160 369 1331 422 αὐτὸν
1385 368 1793 439 ἑβδομηκοστὸν

110 463 304 529 ἔχοντα
357 462 477 522 ἔτος
531 459 635 512 ἀπὸ
683 467 778 528 τῆς
831 466 1012 529 φυγῆς
1065 457 1522 527 κατεληλυθέναι,
1576 459 1648 520 ὡς
1700 456 1791 510 καὶ

111 548 275 611 αὐτός
313 563 467 618 φησι,
505 547 740 619 γέροντα
780 549 951 602 αὑτὸν
993 548 1306 602 ἀποκαλῶν·
1345 543 1458 616 ἀφ’“
1478 543 1545 600 οὗ
1584 549 1792 616 χρόνου

108 636 199 690 καὶ
236 642 426 690 καλεῖν
462 638 593 699 τοὺς
633 636 694 690 ἐν
724 646 788 707 τῇ
819 637 1004 708 ἡλικίᾳ
1034 637 1202 707 ταύτῃ
1235 637 1468 706 μάλιστα
1499 636 1790 705 εἰώθαμεν.

109 724 487 795 ὑποκειμένων
541 723 603 778 δὲ
655 726 868 779 τούτων
921 725 1204 795 ὁλοσχερεῖ
1256 730 1499 796 λογισμῷ
1553 722 1638 796 (τὸ
1684 727 1790 795 γὰρ

110 811 331 884 ἀκριβὲς
377 815 478 868 οὐκ
520 812 739 885 ἔχομεν)
779 819 862 882 εἴη
902 813 972 866 ἂν
1008 815 1144 867 κατὰ
1181 815 1515 883 Νικόφημον
1554 815 1793 883 ἄρχοντα

109 905 363 972 γεγονώς.
450 904 498 956 εἰ
552 902 618 956 δέ
658 923 741 966 τις
784 902 818 971 ἢ
863 903 1240 973 πρεσβύτερον
1285 901 1318 970 ἢ
1365 903 1636 971 νεώτερον
1680 912 1792 956 τῶν

110 991 414 1062 εἰρημένων
451 994 671 1062 χρόνων
709 991 879 1045 αὐτὸν
919 988 1062 1045 εἶναι
1102 993 1289 1060 φήσει,
1327 992 1466 1061 πρὸς
1504 999 1579 1063 τῷ
1618 989 1791 1060 μηδὲν

107 1078 261 1149 ὑγιὲς
301 1079 483 1148 λέγειν
516 1079 607 1133 καὶ
639 1083 840 1149 λόγους
871 1076 940 1133 αὖ
970 1082 1212 1142 πολλοὺς
1243 1077 1541 1149 ἀφελεῖται,
1580 1085 1792 1149 μᾶλλον

110 1167 171 1223 δὲ
223 1171 432 1232 πάντας
492 1171 638 1238 πλὴν
685 1168 846 1222 πέντε
892 1169 924 1237 ἢ
973 1168 1051 1237 ἕξ,
1106 1178 1217 1222 τῶν
1263 1166 1363 1238 μὲν
1414 1170 1792 1239 πρεσβύτερον

110 1258 305 1326 αὐτόν,
352 1268 464 1311 τῶν
510 1255 571 1311 δὲ
618 1259 888 1328 νεώτερον
934 1254 1076 1310 εἶναι
1116 1257 1307 1326 λέγων.
1385 1257 1451 1310 οὐ
1497 1259 1606 1326 μὴν
1651 1258 1791 1312 ἀλλὰ

107 1346 200 1400 καὶ
246 1347 519 1418 ἄρξασθαι
559 1346 812 1415 λέγοντες
850 1346 1022 1399 αὐτὸν
1059 1349 1261 1414 λόγους
1299 1347 1644 1416 συγγράφειν
1682 1347 1788 1400 ἀπὸ

22 1436 26 1437 ’
108 1444 208 1490 τοῦ
253 1435 502 1506 πέμπτου
546 1435 579 1503 ἢ
626 1435 787 1488 ἕκτου
829 1436 967 1504 πρὸς
1004 1442 1080 1507 τῷ
1119 1436 1346 1507 εἰκοστῷ
1385 1437 1542 1498 ἔτους
1581 1436 1682 1489 οὐκ
1721 1436 1791 1490 ἄν

109 1525 468 1595 ἁμάρτοιμεν,
516 1526 693 1587 ἄλλως
738 1544 795 1576 τε
842 1522 932 1576 καὶ
978 1533 1089 1576 τῶν
1126 1522 1252 1594 περὶ
1290 1523 1629 1593 Δημοσθένη
1668 1528 1790 1584 τότε

108 1614 473 1683 ἀκμαζόντων.
551 1610 704 1676 ἕκτος
751 1609 811 1666 δὲ
856 1611 947 1665 καὶ
995 1613 1238 1674 εἰκοστός
1285 1611 1435 1664 ἐστιν
1474 1612 1578 1665 ἀπὸ
1619 1617 1789 1666 Νικο-

0 1683 104 1758 ξ639
123 1706 310 1772 φήμου
349 1703 706 1771 Πυθόδημος.
768 1700 926 1754 ὥσθ”
953 1701 1118 1763 ὅσους
1163 1698 1506 1772 εὑρίΙσκομεν
1554 1705 1790 1772 πρεσβυ-

19 1821 29 1833 2
106 1791 300 1862 τέρους
336 1791 539 1844 τούτου
577 1798 677 1844 τοῦ
716 1792 981 1860 ἄρχοντος
1020 1789 1175 1859 [τοὺς
1213 1789 1555 1860 φερομένους
1587 1792 1664 1853 εἰς
1694 1791 1790 1844 αὐ-

11 1894 42 2201 Ξ

108 1881 206 1933 τὸν
244 1879 468 1948 λόγους]
513 1884 567 1931 εί
599 1898 682 1941 τις
719 1881 983 1947 γνησίους
1020 1881 1276 1946 θήσεται,
1323 1878 1682 1948 ἀπιστοίημεν
1720 1879 1790 1933 ἂν

1817 1098 1858 1130 10

1815 1542 1857 1574 15

109 1971 351 2031 εἰκότως·
398 1970 478 2020 ἔτι
525 1963 585 2019 δὲ
632 1965 722 2019 καὶ
769 1969 900 2029 τοὺς
946 1965 1033 2019 ἀπ’
1081 1965 1501 2037 Ἀναξικράτους
1547 1967 1647 2030 ἕως
1691 1973 1789 2021 Φι-
1812 1987 1855 2018 20

109 2060 315 2111 λίππου
353 2053 769 2124 τετελεσμένους
807 2055 1023 2123 ἀγῶνας
1054 2055 1256 2124 ὁμοίως
1289 2054 1349 2108 ἐν
1379 2065 1495 2118 τοῖς
1525 2055 1790 2119 ψευδέσιν

108 2146 526 2215 ἀναγράφοιμεν
561 2146 651 2197 ἄν·
691 2144 758 2197 οὐ
791 2146 894 2213 γὰρ
928 2146 1006 2206 εἰς
1037 2145 1283 2197 Χαλκίδα
1314 2145 1384 2196 ἄν
1414 2164 1560 2206 τινες
1592 2147 1789 2198 ἔπλεον

109 2236 290 2302 λόγων
328 2235 490 2303 χάριν
527 2232 560 2301 ἢ
602 2234 762 2285 ἰδίων
795 2232 828 2301 ἢ
861 2234 1161 2302 δημοσίων·
1192 2232 1267 2285 ὀὐ
1300 2234 1404 2302 γὰρ
1437 2231 1625 2285 τέλεον
1655 2233 1787 2300 ἠπό-

110 2343 247 2392 ρουν
286 2322 427 2375 οὕτω
468 2324 663 2389 λόγων.

229 2547 253 2584 2
293 2539 336 2584 τί
366 2541 401 2584 F
522 2545 549 2583 4
588 2540 732 2583 αυτὸν
763 2539 798 2582 F
923 2544 948 2582 5
987 2542 1144 2584 καλεῖν
1177 2538 1320 2590 οὕτως
1351 2541 1458 2591 τοὺς
1488 2544 1787 2597 exspectatur

30 2633 37 2647 2
229 2605 253 2643 7
310 2602 393 2644 οὐκ
450 2599 612 2657 ἔχομεν
667 2598 812 2642 εἰπεῖν
866 2597 1083 2642 Reiskius
1235 2603 1259 2642 9
1315 2599 1451 2655 φήσει
1497 2600 1784 2656 Kruegerus:

31 2708 34 2710 ,
111 2674 223 2716 φησι
254 2659 289 2702 F
318 2661 323 2716 Ι
350 2660 465 2714 πρὸς
495 2659 547 2702 τὸ
579 2659 635 2702 F:
677 2672 778 2701 corr
807 2657 1042 2701 Victorius
1164 2663 1219 2702 10
1250 2655 1330 2716 αὖ]
1363 2661 1506 2703 αὐτοῦ
1540 2659 1746 2703 Sadaeus
1775 2660 1781 2718 Ι

24 2771 33 2778 5
110 2716 339 2774 ἀφέληται
368 2718 424 2762 F:
458 2732 559 2762 corr
592 2716 865 2773 Sylburgius
970 2723 1021 2760 11
1055 2724 1146 2761 τῶν
1178 2731 1235 2762 ex
1264 2718 1345 2762 τὸν
1377 2718 1434 2760 F¹
1462 2719 1467 2775 Ι
1494 2726 1586 2762 τῶν
1618 2717 1702 2773 μὲν

113 2781 166 2819 12
198 2775 342 2833 λέγων
374 2777 450 2822 del
483 2777 689 2821 Sadaeus
811 2781 866 2818 14
897 2773 1080 2831 πέμπον
1112 2777 1191 2821 F1:
1224 2791 1326 2820 corr
1356 2776 1416 2819 F2
1537 2781 1590 2820 15
1621 2777 1702 2821 τὸν
1734 2778 1783 2820 in

24 2844 34 2850 ““
110 2837 242 2879 textu
272 2843 364 2880 τῶν
395 2836 444 2879 in
475 2851 554 2893 mg
583 2850 748 2878 manus
779 2835 1100 2879 recentissima
1130 2835 1165 2878 F
1279 2841 1334 2879 18
1366 2836 1473 2886 τοὺς
1498 2834 1785 2891 φερομένους

31 2919 33 2921 -
113 2894 176 2944 εἰς
206 2895 351 2939 αὐτὸν
381 2895 545 2951 λόγους
575 2894 743 2939 seclusi
858 2899 910 2937 19
944 2893 992 2938 εἴ
1013 2911 1082 2945 τις
1112 2893 1329 2951 γνησίους
1358 2894 1574 2952 θήσεται]
1610 2895 1658 2938 ἐν
1689 2902 1784 2945 τοῖς

113 2950 299 3009 οὐσίνης
329 2952 531 2998 εἴθισται
561 2954 596 2997 F
710 2958 766 2996 20
798 2952 1195 3009 ἐπαναξικράτους
1225 2954 1281 2998 F:
1315 2967 1415 2997 corr
1448 2953 1722 3009 Sylburgius
