2004 3202
195 212 299 265 182
602 214 942 256 ΔῖοΝΤΣΙοΤ
973 189 1442 255 ΑΛῙΚΑΡΝΑΣΕΩΣ

187 349 316 410 τοὺς
367 346 601 418 πατέρας
648 347 829 401 αὐτῶν
876 349 1001 416 ἄχρι
1050 347 1300 400 θανάτου
1353 345 1443 399 καὶ
1496 346 1859 400 παιδεύεσθαι
1919 410 1923 413 ,

186 439 316 499 τοὺς
354 438 491 498 υἱεῖς
530 435 630 498 ἕως
667 436 803 504 ἥβης
840 437 990 506 πόσῳ
1030 443 1278 504 κρεῖττον
1316 430 1386 503 ἦν
1417 442 1516 487 τοῦ
1554 433 1862 504 προπέμπε-

187 531 322 578 σθαι
382 526 447 577 τὰ
510 526 727 593 σώματα
789 524 1049 593 δημοσίας
1113 521 1231 591 ἐμοὶ
1293 520 1394 592 μὲν
1447 524 1598 576 δοκεῖ
1658 530 1860 595 μακρῷ.

188 613 393 666 οὐκοῦν
425 613 524 666 οὐκ
557 612 840 679 ἀναγκαία,
881 611 1135 680 Πλάτων,
1174 611 1271 678 ἥδε
1306 611 1338 679 ἡ
1377 613 1681 682 προσθήκη.
1736 611 1853 665 ἀλλ’

143 715 164 748 5
189 703 294 771 ἄρα
340 721 400 769 γε
447 703 497 754 εἰ
539 701 610 769 μὴ
657 707 756 752 τοῦ
804 698 1130 767 ἀναγκαίου,
1173 700 1180 767 Ι
1225 700 1461 762 κάλλους
1507 719 1568 767 γε
1613 699 1646 767 ἦ
1693 709 1804 752 τῶν
1836 713 1948 752 1030
2000 729 2004 746 =

187 790 369 842 ἄλλων
407 789 556 850 τινὸς
593 797 702 840 τῶν
738 787 1010 840 ἐπιθέτων
1048 787 1206 840 ἕνεκα
1243 790 1463 856 κόσμων
1500 791 1861 857 παρείληπται

186 877 246 929 τὸ
286 882 465 929 κῶλον
504 876 649 948 αὐτῷ
688 879 869 942 τουτί,
919 880 1130 929 πολλοῦ
1176 896 1236 944 γε
1283 874 1374 928 καὶ
1414 877 1521 928 δεῖ·
1574 877 1711 945 πρὸς
1757 878 1860 946 γὰρ

185 972 260 1036 τῷ
305 962 477 1033 μηδὲν
515 967 659 1033 ἔχειν
698 967 941 1033 σπουδῆς
988 963 1143 1029 ἄξιον
1181 966 1346 1034 (μήτε
1390 965 1527 1017 κατὰ
1557 964 1673 1032 τὴν
1712 963 1861 1017 ἐκλο-

185 1054 290 1121 γὴν
335 1063 445 1106 τῶν
490 1053 811 1123 ὀνομάτων>
865 1056 995 1123 μήτε
1049 1055 1185 1106 κατὰ
1230 1054 1332 1121 τὴν
1379 1053 1650 1106 σύνθεσιν
1673 1054 1861 1122 ἶπροσ-

119 1158 162 1189 10
186 1142 501 1211 διαφθείρει
547 1140 636 1194 καὶ
683 1143 784 1210 τὴν
828 1143 934 1213 πρὸ
982 1142 1154 1195 αὐτοῦ
1207 1143 1493 1212 περίοδον,
1540 1144 1859 1210 λυμαίνεται

184 1237 323 1296 γοῦν
375 1231 476 1298 τήν
528 1250 586 1283 τε
639 1233 977 1301 συμμετρίαν
1031 1230 1198 1298 αὐτῆς
1258 1229 1349 1283 καὶ
1409 1231 1510 1298 τὴν
1564 1229 1859 1299 εὐφωνίαν.

183 1325 290 1369 νῦν
319 1314 420 1386 μὲν
457 1320 561 1388 γὰρ
603 1318 730 1372 δυσὶ
769 1318 1281 1389 περιλαμβανομένη
1319 1319 1517 1380 κώλοις
1556 1319 1861 1387 σύμμετρός

184 1404 297 1458 ἐστι
335 1405 425 1458 καὶ
467 1406 790 1477 ἐναρμόνιος
827 1406 917 1460 καὶ
957 1408 1266 1477 στρογγύλη
1306 1406 1396 1459 καὶ
1434 1408 1860 1475 βάσινεῖληφεν

183 1493 427 1563 ἀσφαλῆ·
484 1494 579 1548 ἐὰν
625 1493 685 1548 δὲ
733 1497 1017 1566 προσλάβῃ
1072 1495 1226 1548 τουτὶ
1280 1497 1340 1548 τὸ
1396 1499 1591 1562 κῶλον,
1646 1496 1858 1547 ἅπαντα

120 1599 159 1630 15
184 1591 353 1635 ταῦτα
407 1583 809 1653 ἀπεκρίθησαν,
871 1583 960 1636 καὶ
1015 1586 1374 1652 μεταλήψεται
1428 1584 1526 1635 τὸν
1582 1583 1860 1654 ἱστορικὸν

185 1669 306 1723 ἀντὶ
346 1679 444 1724 τοῦ
492 1676 718 1739 λογικοῦ
765 1673 953 1725 τύπον.
1030 1673 1077 1724 εἰ
1124 1669 1184 1724 δὲ
1230 1675 1560 1742 χωρίσαντες
1597 1678 1758 1724 τοῦτο
1798 1672 1858 1723 τὸ

183 1763 363 1811 κῶλον
401 1759 506 1812 ἀπὸ
546 1769 656 1812 τῶν
693 1759 1124 1831 προηγουμένων
1155 1759 1288 1812 αὐτὸ
1327 1759 1452 1812 καθ’
1485 1759 1617 1812 αὑτὸ
1658 1758 1860 1823 ἐξοίσο-

180 1866 307 1914 -μεν,
357 1847 482 1899 οὔτε
530 1849 786 1917 περιόδος
829 1848 962 1917 ἡμῖν
1007 1850 1293 1916 γενήσεται
1340 1847 1465 1901 καθ’
1499 1847 1658 1900 ἑαυτὸ
1706 1849 1861 1914 γενό-

185 1954 352 2003 μενον
399 1935 523 1987 οὔτε
576 1932 716 2003 ἦθος
761 1935 793 2004 ἢ
840 1937 1021 1998 πάθος
1074 1935 1179 1999 ἕξει
1233 1937 1307 2004 μὰ
1353 1939 1466 1988 Δία
1512 1937 1637 1989 οὔτε
1687 1937 1860 2004 ἄλλην

119 2038 161 2070 20
184 2023 361 2075 πειθὼ
400 2020 489 2074 καὶ
529 2023 692 2092 χάριν
724 2022 1000 2091 οὐδεμίαν.
1063 2024 1110 2075 εἰ
1150 2023 1216 2091 δὴ
1256 2024 1388 2091 μήτε
1426 2030 1525 2075 τοῦ
1558 2022 1859 2090 ἀναγκαίου

183 2111 345 2180 χάριν
396 2110 429 2178 ἡ
483 2112 772 2181 προσθήκη
833 2114 1192 2181 παρείληπται
1254 2113 1386 2180 μήτε
1446 2119 1544 2164 τοῦ
1601 2118 1858 2180 περιττοῦ

184 2196 332 2269 (περὶ
363 2207 531 2251 ταῦτα
557 2196 616 2252 δὲ
647 2198 737 2252 καὶ
770 2199 829 2252 ἐν
852 2200 1069 2261 τούτοις
1099 2199 1131 2267 ἡ
1165 2206 1258 2267 τῆς
1289 2198 1480 2263 λέξεως
1511 2197 1856 2269 κατασκευή),

183 2290 265 2348 τίς
312 2286 379 2339 ἂν
424 2295 585 2340 τοῦτο
633 2286 637 2357 Ι
684 2290 763 2340 ἔτι
810 2287 999 2358 ἕτερον
1045 2288 1367 2356 ὀνομάσειεν
1417 2289 1465 2340 εἰ
1518 2289 1590 2356 μὴ
1637 2286 1799 2340 τοῦθ’
1834 2301 1943 2340 1031

305 2479 327 2516 1
360 2473 964 2530 πατέρας-παιδεύεσθαι
993 2477 1101 2527 τοὺς
1132 2490 1208 2519 om
1236 2476 1312 2519 Pv
1346 2477 1351 2533 Ι
1386 2476 1492 2533 ἀχρὶ
1522 2476 1571 2518 Μ
1683 2481 1708 2518 2
1748 2491 1857 2531 προ-

185 2530 391 2588 πέμεθαι
418 2534 453 2576 Ρ
544 2539 571 2575 4
598 2533 790 2579 Πλάτων
821 2535 1091 2579 uocabiuum
1121 2534 1494 2591 interpunctione
1527 2534 1700 2590 saepsi:
1736 2533 1858 2577 Πλά-

185 2607 296 2635 τωνι
320 2592 439 2634 BPV
477 2593 482 2647 Ι
521 2591 603 2648 ἥδε
634 2593 682 2650 ἡ]
716 2592 743 2648 ἣ
768 2594 803 2636 Ρ
895 2599 919 2636 5
951 2593 1120 2644 κάλους
1143 2594 1225 2636 ΒΡ
1317 2598 1340 2637 7
1373 2593 1488 2648 πρὸς
1519 2592 1716 2650 γὰρ-9
1751 2594 1857 2638 σύν-

185 2653 322 2694 θεσιν
354 2663 430 2693 om
460 2651 533 2694 Pv
652 2656 677 2694 8
717 2652 932 2695 lacunam
971 2652 1148 2697 detexit
1179 2655 1227 2696 et
1262 2651 1498 2708 suppleuit
1530 2651 1736 2695 Sadaeus

189 2714 242 2752 10
275 2710 416 2753 αὐτοῦ
452 2709 746 2765 Sylburgius:
788 2712 929 2767 αὐτῆς
959 2712 1052 2755 ΜΡ
1106 2711 1253 2768 αὐτὴν
1283 2711 1320 2753 Β
1442 2715 1494 2754 11
1529 2711 1795 2766 εὐφρώνιαν
1819 2711 1856 2753 Β

306 2773 358 2810 13
390 2767 470 2811 καὶ
500 2768 573 2810 bis
605 2769 640 2811 P
789 2775 842 2812 14
874 2770 924 2813 τὸ
958 2784 1033 2813 om
1063 2771 1138 2814 Pv
1281 2773 1334 2812 15
1368 2767 1668 2824 ἱστοριστικὸν
1701 2769 1738 2811 Β
1797 2789 1828 2802 »-

188 2831 242 2870 16
273 2833 407 2870 τοῦτο
438 2824 481 2869 τί
511 2826 568 2927 Bl]
600 2828 726 2870 τουτὶ
757 2827 840 2870 rb?
945 2833 997 2871 18
1031 2829 1135 2873 οὔτε
1167 2828 1393 2873 Sadaeus:
1428 2828 1481 2871 οὐ
1524 2829 1529 2884 Ι
1572 2825 1688 2871 καθ’
1720 2827 1856 2872 ἑαυτὸ

185 2884 436 2942 γενόμενον
469 2898 542 2928 sec
564 2885 659 2928 usit
690 2886 815 2929 idem
950 2892 1003 2930 19
1038 2885 1137 2932 οὔτ’
1167 2888 1242 2931 Pv
1283 2888 1288 2943 Ι
1332 2884 1431 2930 οὔτ’
1462 2887 1538 2929 Pv
1665 2891 1718 2929 22
1751 2887 1857 2942 περὶ

184 2945 350 3018 ταῦτα]
382 2952 685 2999 περιαιρεῖται
708 2944 879 2988 frustra
904 2945 1140 3002 Kiessling
1174 2948 1179 3003 Ι
1213 2945 1293 2990 καὶ
1317 2945 1377 2989 ἀν
1397 2945 1453 3003 Β]
1486 2945 1610 2989 κάνῬ
1703 2950 1756 2988 23
1788 2944 1856 2996 τίς
1880 2942 1882 2945 ’

187 3001 266 3060 ἂν]
297 3020 340 3047 τι
372 3002 431 3047 ἄν
463 3019 530 3053 τις
560 3003 794 3059 Kiessling

1964 2618 1974 2695 i

1967 2726 1971 2768 Ι
