2004 3202
226 108 331 159 346
650 106 990 150 ΔΙΟΝΤΣῙΟΤ
1021 107 1486 150 ΑΑΙΚΑΡΝΑΣΕΩΣ

222 252 404 297 πᾶσαν
457 243 791 311 ἀπογνόντες
845 243 1114 309 βοήθειαν
1168 242 1341 310 ἄλλην
1394 241 1719 296 ἀπέστειλαν
1773 261 1901 314 πρε-

224 335 415 401 σβείαν
447 333 524 394 εἰς
548 331 813 401 Σπάρτην
845 331 1064 398 εἰρήνης
1094 337 1282 397 τυχεῖν
1313 331 1582 399 δεόμενοι,
1615 332 1740 384 οὔτε
1771 334 1900 395 τοὺς

223 419 626 482 ἀποσταλέντας
651 420 855 488 ἄνδρας
888 422 1103 487 εἴρηκεν
1128 418 1253 470 οὔτε
1287 417 1292 486 Ι
1328 420 1456 481 τοὺς
1481 418 1750 488 ῥηθέντας
1779 420 1888 474 ἐκεῖ
1903 432 2004 483 8431

224 513 422 578 λόγους
467 507 559 562 ὑπ’
599 507 782 559 αὐτῶν
828 507 954 558 οὔτε
1000 507 1129 568 τοὺς
1176 505 1633 576 ἐναντιωθέντας,
1679 507 1774 578 ὑφ’
1822 505 1901 562 ὧν

178 615 198 647 5
222 596 540 659 πεισθέντες
565 597 993 664 Λακεδαιμόνιοι
1015 596 1111 656 τὰς
1143 596 1438 663 διαλλαγὰς
1462 595 1900 666 ἀπεψηφίσαντο·

223 688 447 756 φαύλως
471 684 537 738 δέ
555 703 669 746 πως
691 682 782 736 καὶ
807 683 1071 754 ῥαθύμως
1095 684 1167 745 ὡς
1190 682 1314 753 περὶ
1339 694 1550 754 μικρῶν
1572 684 1663 738 καὶ
1688 685 1901 750 ἀδόξων
1984 672 1990 716 3

220 776 555 845 πραγμάτων
592 780 763 825 ταῦτα
801 777 1002 842 εἴρηκε·
1058 771 1209 841 ξμετά
1248 769 1309 825 δὲ
1347 773 1448 841 τὴν
1492 773 1754 844 δευτέραν
1793 776 1901 828 εἰσ-

221 864 394 932 βολὴν
439 871 551 914 τῶν
591 863 1061 928 Πελοποννησίων
1109 861 1161 913 οἱ
1199 859 1513 930 Ἀθηναῖοι,
1553 863 1626 924 ὡς
1663 863 1697 930 ἤ
1735 883 1791 916 τε
1831 871 1899 932 γῆ

222 951 404 1004 αὐτῶν
443 949 695 1019 ἐτέτμητο
735 950 795 1002 τὸ
838 950 1099 1018 δεύτερον
1129 947 1219 1002 καὶ
1251 949 1283 1017 ἡ
1316 951 1480 1012 νόσος
1519 949 1758 1004 ἐπέκειτο
1792 953 1901 1021 ἅμα

156 1060 198 1091 10
220 1039 310 1092 καὶ
351 1039 379 1093 ὁ
418 1041 671 1108 πόλεμος,
709 1038 1010 1106 ἠλλοίωντο
1051 1039 1146 1100 τὰς
1184 1039 1428 1107 γνώμας,
1467 1037 1557 1091 καὶ
1595 1040 1695 1092 τὸν
1734 1043 1902 1110 Περι-

218 1112 349 1181 κλέα
396 1127 456 1180 ἐν
502 1129 650 1198 αἰτίᾳ
689 1123 839 1196 εἶχον
887 1128 959 1189 ὡς
1004 1130 1268 1179 πείσαντα
1318 1135 1459 1196 σφᾶς
1503 1132 1764 1197 πολεμεῖν
1809 1128 1900 1182 καὶ

220 1215 290 1269 δι’
339 1215 552 1269 ἐκεῖνον
598 1224 716 1278 ταῖς
767 1213 1074 1285 ξυμφοραῖς
1119 1218 1606 1285 περιπεπτωκότες·
1656 1218 1793 1287 πρὸς
1840 1215 1902 1271 δὲ

218 1308 348 1368 τοὺς
380 1306 852 1373 Λακεδαιμονίους
885 1305 1137 1374 ὥρμηντο
1171 1313 1494 1374 συγχωρεῖν,
1526 1303 1617 1358 καὶ
1647 1305 1901 1376 πρέσβεις

218 1396 372 1456 τινὰς
393 1393 702 1463 πέμψαντες
729 1394 867 1463 πρὸς
899 1393 1101 1455 αὐτοὺς
1133 1394 1399 1463 ἄπρακτοι
1432 1392 1722 1461 ἐγένοντο.’
1774 1394 1899 1465 περὶ

154 1501 195 1533 15
221 1480 280 1535 δὲ
318 1489 413 1551 τῆς
458 1481 712 1553 ὑστέρας,
761 1482 850 1535 ὅτε
890 1482 1319 1550 Λακεδαιμόνιοι
1365 1483 1495 1544 τοὺς
1539 1481 1664 1551 περὶ
1705 1483 1900 1536 Πύλον
1983 1493 2004 1530 '1

221 1571 452 1634 ἁλόντας
490 1573 839 1641 τριακοσίους
869 1572 1205 1639 κομίσασθαι
1235 1568 1573 1639 προθέμενοι
1603 1574 1901 1640 πρεσβείαν

220 1659 545 1712 ἀπέστειλαν
584 1661 661 1721 εἰς
706 1660 801 1720 τὰς
843 1656 1104 1726 Ἀθήνας,
1158 1656 1249 1710 καὶ
1299 1660 1428 1720 τοὺς
1474 1661 1674 1726 λόγους
1719 1665 1900 1730 εἴρηκε

219 1749 347 1809 τοὺς
393 1747 500 1800 ὑπὸ
547 1755 646 1800 τοῦ
687 1747 1131 1815 Λακεδαιμονίου
1179 1745 1449 1816 ῥηθέντας
1499 1749 1620 1800 τότε
1668 1747 1760 1800 καὶ
1805 1750 1901 1812 τὰς
1983 1728 1985 1741 ¹

220 1837 396 1897 αἰτίας
437 1834 758 1904 ἐπελήλυθε,
800 1833 870 1887 δι’
912 1834 974 1897 ἃς
1014 1834 1114 1887 οὐκ
1154 1833 1590 1903 ἐπετελέσθησαν
1627 1837 1683 1889 αἱ
1734 1851 1900 1890 σπον-
1982 1822 1985 1842 ’

133 1928 200 1980 15
219 1926 324 1977 δαί.
388 1925 436 1977 εἰ
475 1944 576 1993 μεν
615 1920 719 1977 οὗν
759 1923 846 1976 ἐπὶ
877 1931 972 1991 τῆς
995 1922 1310 1992 Ἀθηναίων
1347 1927 1638 1994 πρεσβείας
1676 1924 1780 1993 <ἡ>
1820 1928 1927 1980 τά8
1982 1927 1985 1954 '³

151 2039 191 2070 21
216 2013 485 2082 κεφάλαια
523 2022 634 2065 τῶν
672 2011 981 2081 γινομένων
1029 2017 1416 2082 περιειληφυῖα
1455 2014 1691 2080 ὃηλωσις
1728 2015 1899 2084 ἤρκει,

218 2103 399 2169 λόγων
431 2098 491 2154 δε
522 2099 611 2153 καὶ
643 2104 1054 2170 παρακλησεων,
1094 2094 1181 2163 αἷς
1213 2100 1511 2171 ἐχρησαντο
1545 2103 1598 2154 οἱ
1627 2101 1898 2172 πρέσβεις,

339 2280 362 2317 7
395 2275 523 2319 Thuo
547 2275 590 2318 Π
622 2281 676 2320 59
798 2282 852 2319 15
887 2275 934 2319 cf
960 2275 1023 2319 IV
1057 2279 1228 2318 15-—22

337 2441 361 2479 5
394 2434 672 2487 πεισθέντας
695 2436 753 2479 Ρ1
874 2441 899 2480 8
926 2436 1116 2509 ἐςβολὴν
1145 2439 1185 2482 Θ
1277 2441 1302 2480 9
1330 2434 1533 2480 ἐπέκειτο
1566 2437 1719 2492 ὠμως
1743 2435 1838 2493 ἅμα
1862 2437 1898 2479 Ρ

218 2495 266 2538 cf
291 2510 322 2550 p
348 2499 446 2549 347,
475 2500 526 2538 17
637 2500 690 2538 10
722 2495 822 2554 τὸν]
854 2496 936 2540 τὸν
961 2512 1045 2551 μεν
1073 2498 1112 2540 Θ
1188 2500 1241 2538 12
1275 2496 1533 2552 ξυμφοραῖς
1563 2495 1664 2540 ΜΘ
1695 2496 1897 2552 ξυνμφο-

218 2561 321 2607 ραῖς
352 2553 408 2597 P:
441 2561 698 2609 συμφοραῖς
722 2554 744 2596 f
862 2559 915 2597 13
948 2555 1197 2612 ξυγχωρεῖν
1233 2556 1273 2599 Θ
1395 2559 1449 2598 14
1480 2553 1613 2612 πρὸς]
1647 2555 1707 2605 ὡς
1742 2557 1782 2599 Θ

219 2617 271 2655 15
307 2611 399 2669 ότε]
434 2610 485 2654 οῖ’
507 2627 555 2654 τε
587 2612 622 2654 Ρ
744 2618 797 2656 16
831 2611 1054 2664 ἁλλόντας
1077 2615 1113 2657 Ρ
1141 2615 1146 2670 Ι
1173 2610 1420 2679 πρεσβείας
1451 2612 1591 2657 MPf:
1625 2627 1726 2657 corr
1754 2613 1898 2657 Krue-

216 2685 352 2727 gerus
439 2675 492 2712 19
522 2670 782 2726 ὑπελήλυθε
807 2672 947 2717 MPf:
981 2687 1082 2716 corr
1108 2671 1381 2728 Sylburgius
1414 2671 1463 2715 cf
1488 2686 1519 2727 p
1544 2675 1643 2727 348,
1670 2677 1695 2715 3
1724 2674 1731 2729 Ι
1759 2687 1897 2716 σπου-

217 2728 297 2774 δαί
321 2729 369 2772 Μ
492 2733 547 2772 20
581 2727 684 2787 οὖν]
719 2727 802 2774 οὖν
834 2731 862 2787 ἡ
894 2730 1035 2776 MPf:
1069 2745 1170 2775 corr
1201 2731 1464 2787 Kruegerus
1493 2732 1498 2787 Ι
1526 2730 1554 2786 ἡ
1588 2733 1697 2774 ante
1727 2730 1784 2775 τὰ
1817 2731 1896 2774 ad-

217 2788 339 2832 didit
366 2787 491 2831 idem
612 2793 666 2831 21
699 2796 791 2832 τῶν
823 2803 897 2832 om
921 2790 979 2832 P¹
1006 2792 1012 2847 Ι
1041 2787 1302 2847 γενομένων
1335 2789 1377 2833 ci
1401 2789 1664 2845 Kruegerus
1693 2791 1698 2847 Ι
1725 2805 1895 2846 περιει-

216 2851 421 2904 ληφυῖαν
454 2844 658 2902 δήλωσης
689 2846 747 2889 Ρ1
775 2849 780 2901 Ι
808 2847 924 2903 ἤρκη
958 2849 993 2891 Ρ
1109 2854 1163 2891 22
1195 2851 1302 2905 post
1325 2846 1535 2906 πρέσβεις
1567 2850 1726 2892 notam
1758 2847 1895 2903 quale

217 2909 288 2950 est
320 2904 573 2961 antisigma
606 2906 688 2949 dat
717 2905 752 2948 P
