2004 3202
773 135 1193 179 ΔΗΜΟΣΘΕΝΗΣ
1708 135 1815 187 227

149 272 297 344 αὐτῷ
341 269 432 325 καὶ
477 269 664 340 μέσην,
711 269 849 325 ἀλλὰ
886 269 976 324 καὶ
1021 271 1078 323 αἱ
1115 278 1226 323 τῶν
1262 269 1455 322 κώλων
1491 273 1823 323 κατασκευαί

149 381 206 415 τε
250 358 342 414 καὶ
388 358 679 422 συνθέσεις
722 358 813 412 καὶ
858 361 924 412 τὰ
970 367 1080 412 τῶν
1122 358 1397 428 περιόδων
1438 359 1578 426 μήκη
1625 378 1681 410 τε
1727 357 1818 411 καὶ

148 451 391 519 σχήματα
426 446 518 501 καὶ
550 449 604 501 οὶ
640 449 1139 518 περιλαμβάνοντες
1170 445 1336 508 αὐτάς
1367 465 1425 498 τε
1455 444 1546 498 καὶ
1576 447 1642 499 τὰ
1671 451 1819 499 κῶλα

149 538 371 607 ῥυθμοί.
430 534 522 589 καὶ
560 537 665 606 γὰρ
704 534 794 588 καὶ
833 538 967 589 κατὰ
1005 537 1252 605 κόμματα
1287 529 1464 588 πολλ’ὀι
1503 539 1713 603 εἴρηται
1743 541 1819 606 τῷ

149 623 337 695 ἀνδρὶ,
389 623 480 677 καὶ
530 626 596 677 τὰ
651 665 838 676 .....
890 625 1115 678 πλεῖστά
1176 643 1238 691 γε
1299 622 1472 685 οὕτως
1533 623 1818 675 κατεσκεύ-
1863 638 1884 670 5

57 727 169 767 1093
197 727 380 781 ασται,
426 711 517 766 καὶ
564 712 625 766 ἐν
669 714 949 783 περιόδοις
997 711 1003 783 Ι
1050 712 1150 765 οὐκ
1202 712 1374 779 ὀλίγα.
1457 720 1569 764 τῶν
1623 708 1683 764 δὲ
1728 730 1820 764 πε-

143 803 349 872 ριόδων
387 804 448 854 αἳ
481 800 583 871 μέν
621 803 762 855 εἰσιν
801 801 1102 871 εὐκόρυφοι
1140 799 1230 853 καὶ
1271 801 1602 870 στρογγύλαι
1637 801 1818 870 ὥσπερ

141 890 246 943 ἀπὸ
294 892 520 960 τόρνου,
568 893 628 942 αἳ
669 887 730 943 δὲ
775 890 970 942 ὕπτιαί
1010 909 1066 942 τε
1111 888 1202 942 καὶ
1246 888 1536 958 κεχυμέναι
1581 887 1671 941 καὶ
1718 889 1820 942 οὐκ

142 980 365 1047 ἔχουσαι
416 980 512 1041 τὰς
557 979 742 1047 βάσεις
786 979 1052 1048 περιττάς.
1128 980 1284 1047 μήκει
1330 997 1387 1030 τε
1433 980 1494 1030 αἳ
1527 975 1629 1047 μὲν
1668 977 1818 1031 ἐλάτ-

141 1087 293 1135 τους,
347 1068 486 1120 ὥστε
539 1071 989 1137 συμμετρηθῆναι
1033 1067 1171 1135 πρὸς
1223 1066 1426 1135 ἀνδρὸς
1476 1074 1715 1136 πνεῦμα,
1762 1070 1822 1120 αἳ
1842 1082 1886 1115 ιο

142 1152 203 1208 δὲ
239 1159 426 1226 πολλῷ
470 1157 709 1224 μείζους,
756 1148 867 1208 οἶαι
911 1154 1001 1207 καὶ
1047 1153 1203 1224 μέχρι
1248 1160 1343 1221 τῆς
1388 1154 1643 1225 τετάρτης
1689 1155 1818 1209 ἀνα-

140 1244 389 1306 παύσεως
433 1247 810 1313 προελθοῦσαι
855 1244 975 1295 τότε
1014 1244 1204 1310 λήγειν
1242 1243 1320 1304 εἰς
1356 1241 1538 1312 πέρας.
1613 1253 1724 1296 τῶν
1761 1264 1818 1297 τε

141 1333 430 1401 σχημάτων
475 1334 616 1384 ἔνθα
661 1328 763 1400 μὲν
808 1332 877 1384 ἄν
922 1350 1004 1393 τις
1059 1330 1212 1400 εὕροι
1258 1331 1324 1382 τὰ
1370 1332 1541 1399 σεμνὰ
1586 1330 1676 1384 καὶ
1722 1332 1818 1384 αὐ-

140 1422 311 1490 στηρὰ
359 1418 449 1472 καὶ
503 1420 701 1490 ἀρχαῖα
752 1420 1143 1486 πλεονάζοντα,
1195 1420 1336 1471 ἔνθα
1389 1416 1450 1471 δὲ
1496 1421 1562 1472 τὰ
1617 1423 1818 1491 λιγυρὰ

138 1507 229 1561 καὶ
267 1509 525 1578 γλαφυρὰ
561 1507 653 1560 καὶ
691 1508 971 1578 θεατρικά.
1024 1506 1114 1559 καὶ
1153 1516 1264 1559 τῶν
1303 1507 1536 1576 ῥυθμῶν
1574 1513 1816 1580 πολλαχῇ
1842 1523 1884 1557 15

138 1594 240 1666 μὲν
292 1598 422 1660 τοὺς
474 1596 778 1667 ἀνδρώδεις
829 1595 920 1649 καὶ
973 1595 1368 1665 ἀξιωματικοὺς
1420 1594 1510 1647 καὶ
1562 1596 1818 1666 εὐγενεῖς,

141 1688 382 1748 σπανίως
421 1684 487 1738 δέ
519 1704 630 1739 που
667 1687 796 1748 τοὺς
833 1685 1310 1755 ὑπορχηματικούς
1347 1704 1404 1736 τε
1442 1683 1532 1737 καὶ
1564 1683 1819 1748 Ἰωνικῶς

142 1772 280 1843 [καὶ]
328 1773 748 1843 διακλωμένους.
821 1771 958 1844 ὑπὲρ
1014 1769 1093 1827 ὧν
1147 1774 1339 1841 ὀλίγον
1383 1773 1617 1844 ὕστερον
1664 1773 1818 1845 ε’ροῦ-

140 1879 262 1931 μεν·
314 1861 497 1932 ἕτερος
549 1864 654 1933 γὰρ
709 1862 1140 1932 ἐπιτηδειότερος
1193 1863 1379 1925 αὐτοῖς
1435 1865 1584 1915 ἔσται
1638 1866 1817 1926 τόπος.

143 1949 268 2003 νυνὶ
307 1949 386 2018 δέ,
425 1950 454 2003 ὃ
492 1959 886 2021 προσαπαιτεῖν
924 1953 1102 2004 ἔοικεν
1141 1951 1169 2004 ὁ
1202 1953 1381 2019 λόγος,
1420 1953 1500 2004 ἔτι
1529 1955 1812 2022 προσθείς,
1838 1968 1881 1999 20

53 2052 167 2092 1094
193 2037 280 2091 ἐπὶ
319 2040 384 2092 τὰ
424 2041 587 2092 λοιπὰ
625 2049 735 2092 τῶν
772 2038 1146 2109 προκειμένων
1183 2041 1566 2108 μεταβήσομαι.
1602 2040 1608 2108 Ι

252 2130 310 2179 τί
357 2125 417 2180 δὲ
471 2126 619 2180 τοῦτ’
680 2130 856 2192 ἔστιν;
916 2126 1101 2195 ἐπειδὴ
1162 2130 1457 2197 κρατίστην
1515 2125 1617 2196 μὲν
1677 2128 1908 2197 ἔφην44

262 2350 283 2388 1
312 2347 466 2390 αὐτῶν
478 2345 514 2388 Β
526 2345 585 2417 ΡΙ
605 2345 710 2400 περὶ
726 2346 883 2390 κώλων
899 2345 948 2388 in
963 2360 1043 2402 mg
1058 2345 1095 2388 Β
1159 2351 1184 2389 5
1201 2345 1419 2389 lacunam
1437 2346 1582 2390 sensit
1599 2345 1815 2390 Reiskius

260 2410 285 2448 6
318 2405 424 2460 περὶ
454 2406 684 2460 περιοδων
716 2403 766 2447 in
797 2419 876 2461 mg
905 2404 942 2447 B
1065 2409 1089 2448 7
1122 2404 1172 2447 αἳ
1204 2402 1307 2463 μὲν]
1341 2404 1392 2448 αἱ
1424 2403 1507 2460 μὲν
1539 2405 1620 2449 καὶ
1651 2405 1703 2450 ἐν
1733 2406 1770 2448 Β
1807 2406 1811 2464 Ι

142 2463 383 2521 εὐκόριφοι
413 2464 449 2507 Ρ
482 2465 535 2508 οὐ
577 2462 798 2519 κόραιφοι
829 2463 866 2505 Β
1000 2467 1026 2507 8
1058 2462 1219 2508 ὑπτίαι
1249 2463 1286 2506 Β
1430 2470 1454 2508 9
1490 2463 1703 2515 ἐλάττους
1735 2465 1816 2509 Sa-

143 2524 307 2568 daeus:
338 2522 543 2573 θάττους
686 2526 740 2565 10
780 2525 1146 2579 συμμετρυθῆναι
1175 2523 1212 2566 Β
1357 2527 1411 2566 13
1450 2524 1555 2579 περὶ
1586 2522 1816 2596 σχιμάτων

141 2582 178 2625 Β
210 2582 259 2626 in
289 2597 368 2639 mg
396 2584 401 2639 Ι
431 2581 550 2626 ἔνθα
582 2579 688 2654 μὲν]
723 2589 809 2626 νῦν
840 2579 996 2637 θαμὲν
1027 2582 1063 2625 Ρ
1098 2584 1104 2638 Ι
1139 2580 1283 2638 σεμνὰ
1313 2582 1393 2626 καὶ.
1424 2584 1630 2639 αὐστηρα
1661 2582 1710 2625 in
1740 2582 1815 2626 lac

142 2641 236 2684 add
266 2641 315 2683 M
451 2645 506 2684 14
536 2643 700 2697 λιγυρα
730 2640 792 2695 Μ,
823 2640 860 2683 Β
892 2639 942 2683 in
971 2655 1070 2698 mg:
1109 2641 1271 2698 λυγιρὰ
1302 2641 1339 2684 Β
1371 2641 1421 2685 in
1451 2644 1597 2697 textu,
1630 2644 1746 2697 λυρᾶ
1779 2642 1814 2684 Ρ

142 2699 257 2755 λυρὰ
288 2715 317 2743 v
345 2702 350 2757 Ι
385 2700 466 2744 καὶ
505 2698 710 2756 αὐστηρὰ
740 2702 847 2755 post
878 2698 1041 2756 λιγυρὰ
1069 2699 1234 2744 inserit
1265 2701 1301 2743 B
1345 2703 1352 2757 Ι
1392 2700 1474 2745 καὶ
1504 2701 1677 2758 ἀρχαῖα
1708 2703 1816 2757 poss,

143 2757 357 2815 γλαφυρὰ
386 2758 552 2803 inserit
574 2759 641 2803 Pv
720 2764 772 2802 15
804 2758 910 2813 περὶ
941 2756 1135 2815 ῥυθμῶν
1164 2759 1215 2803 in
1244 2774 1324 2817 mg
1347 2759 1384 2802 B
1455 2764 1508 2804 16
1541 2760 1621 2803 καὶ
1646 2761 1813 2816 8137.—

144 2817 543 2876 ὑπορχηματικοὺς
575 2831 650 2862 om
674 2818 710 2860 B
803 2822 855 2861 17
881 2815 1095 2869 Ἰωνικῶς
1126 2818 1272 2863 Cobet
1303 2818 1406 2863 coll.
1432 2819 1509 2861 Ar.
1535 2818 1810 2874 Thesmoph.

143 2890 185 2919 v.
213 2881 317 2922 163:
350 2877 564 2927 ἰωνικοὺς
594 2878 674 2921 καὶ
781 2882 833 2920 18
865 2879 971 2932 post
1001 2875 1342 2934 διακλωμένους
1364 2878 1401 2920 Β
1434 2877 1598 2920 inserit
1627 2877 1707 2921 καὶ
1739 2877 1812 2919 εὐ-

146 2942 292 2990 γενεῖς
314 2937 394 2980 καὶ
418 2933 642 2987 σπανίους
667 2940 784 2992 (corr
807 2935 857 2978 in
881 2933 1098 2993 σπανίως)
1123 2935 1176 2980 δέ
1198 2952 1290 2981 που
1315 2937 1420 2987 τοὺς
1482 2941 1537 2979 19
1562 2935 1648 2992 γὰρ
1674 2949 1748 2978 om
1764 2934 1813 2976 M

1459 3011 1546 3053 15*
