2004 3202
859 154 1068 196 ιΣΑιοΣ
1700 154 1807 207 123

125 287 215 341 καὶ
273 288 635 358 Θρασύμαχος
692 287 721 340 ὁ
776 289 1157 357 Καλχηδόνιος
1216 286 1308 340 καὶ
1363 290 1725 358 Πολυκράτης
1778 290 1807 343 ὁ

116 376 414 445 Ἀθηναῖος
437 378 668 446 Κριτίας
693 395 749 428 τε
774 376 802 429 ὁ
827 386 938 429 τῶν
960 377 1254 447 τριάκοντα
1286 375 1452 446 ἄρξας
1481 375 1572 430 καὶ
1601 380 1810 440 Ζωΐλος

125 465 154 519 ὁ
201 467 296 528 τὰς
341 463 472 518 καθ’
511 464 750 534 Ὁμήρου
805 464 1087 529 συντάξεις
1139 465 1455 518 καταλιπὼν
1506 464 1598 518 καὶ
1653 467 1810 519 ἄλλοι

122 557 372 607 τοιοῦτοί
411 573 580 621 τινες,
636 552 839 606 οὐδένα
891 554 1196 623 ἡγούμενος
1246 555 1373 607 οὔτε
1422 553 1814 624 ἀκριβέστερον

124 644 250 696 οὔτε
288 641 643 712 χαριέστερον
680 642 967 710 γεγονέναι
1008 646 1249 696 Λυσίου·
1284 641 1562 712 Ἀντιφῶν
1600 662 1662 710 γε
1700 643 1811 710 μὴν

124 733 184 785 τὸ
231 731 509 801 αὐστηρὸν
556 734 665 800 ἔχει
715 734 891 800 μόνον
943 731 1034 784 καὶ
1089 732 1342 802 ἀρχαῖον,
1397 731 1704 799 ἀγωνιστὴς
1751 728 1812 783 δὲ

124 823 307 888 λόγων
374 821 500 873 οὔτε
570 822 1056 888 συμβουλευτικῶν
1125 821 1251 874 οὔτε
1317 822 1618 873 δικανικῶν
1681 819 1814 888 ἐστι,

124 910 488 979 Πολυκράτης
528 906 589 961 δὲ
627 910 784 972 κενὸς
822 906 924 978 μὲν
964 908 1024 962 έν
1070 918 1185 972 τοῖς
1231 909 1548 978 ἀληθινοῖς,
1603 909 1814 978 ψυχρὸς

125 994 186 1050 δὲ
231 996 322 1050 καὶ
369 999 630 1068 φορτικὸς
678 997 739 1050 ἐν
783 1006 899 1060 τοῖς
946 997 1354 1066 ἐπιδεικτικοῖς,
1410 999 1602 1067 ἄχαρις
1648 994 1710 1050 δὲ
1753 996 1815 1050 ἐν

123 1095 240 1148 τοῖς
277 1094 666 1157 χαριεντισμοῦ
706 1085 990 1156 δεομένοις
1029 1086 1168 1154 ἐστί,
1220 1087 1583 1156 Θρασύμαχος
1621 1083 1683 1138 δὲ
1720 1106 1814 1138 κα-

36 1191 122 1231 628
146 1175 324 1245 θαρὸς
354 1173 457 1244 μὲν
486 1175 577 1228 καὶ
610 1176 803 1237 λεπτὸς
833 1173 924 1227 καὶ
957 1176 1141 1238 δεινὸς
1173 1176 1359 1245 εὑρεῖν
1383 1195 1440 1228 τε
1476 1175 1482 1243 Ι
1516 1174 1607 1227 καὶ
1640 1176 1816 1228 εἰπεῖν

124 1263 477 1332 στρογγύλως
522 1262 613 1316 καὶ
651 1273 939 1333 περιττῶς,
996 1263 1024 1316 ὃ
1065 1264 1348 1332 βούλεται,
1401 1272 1507 1326 πᾶς
1554 1262 1620 1315 δέ
1666 1262 1816 1316 ἐστιν

125 1351 186 1404 ἐν
231 1360 347 1414 τοῖς
391 1361 846 1421 τεχνογραφικοῖς
894 1350 986 1405 καὶ
1035 1351 1441 1419 ἐπιδεικτικοῖς,
1496 1354 1816 1415 δικανικοὺς

125 1438 185 1493 δὲ
226 1440 282 1510 [ἢ
323 1440 852 1510 συμβουλευτικοὺς]
893 1441 994 1494 οὐκ
1030 1439 1360 1494 ἀπολέλοιπε
1399 1443 1617 1508 λόγους,
1656 1443 1723 1494 τὰ
1755 1438 1816 1494 δὲ

124 1529 264 1582 αὐτὰ
301 1528 391 1582 καὶ
430 1528 556 1599 περὶ
595 1531 833 1599 Κριτίου
870 1527 963 1581 καὶ
1001 1527 1127 1600 περὶ
1171 1531 1389 1582 Ζωΐλου
1424 1549 1506 1591 τις
1538 1528 1608 1581 ἂν
1639 1531 1816 1583 εἰπεῖν

124 1620 238 1687 ἔχοι
271 1619 416 1686 πλὴν
448 1619 582 1672 ὅσον
613 1627 728 1681 τοῖς
758 1625 1092 1689 χαρακτῆρσι
1124 1626 1219 1686 τῆς
1244 1617 1532 1688 ἑρμηνείας
1563 1619 1817 1672 διαλλάτ-

124 1721 319 1760 τουσιν
364 1707 643 1776 ἀλλήλων·
693 1707 907 1759 τούτων
946 1708 1039 1775 δή,
1088 1709 1253 1775 φημί,
1299 1716 1411 1759 τῶν
1458 1706 1681 1775 ἀνδρῶν
1726 1706 1818 1760 καὶ

123 1805 236 1848 τῶν
273 1795 672 1866 παραπλησίων
708 1797 927 1858 τούτοις
966 1795 1256 1865 διαφέρειν
1306 1797 1559 1864 οἰόμενος
1599 1799 1819 1848 Λυσίαν

124 1883 216 1936 καὶ
264 1885 445 1954 ὥσπερ
492 1883 801 1954 ἀρχέτυπον
847 1884 1189 1963 ἀπογρᾴρφων
1234 1883 1548 1954 ὑπερέχειν,
1606 1884 1819 1938 ἐκεῖνον

125 1974 224 2025 τὸν
263 1974 442 2042 ἄνδρα
479 1973 680 2041 ταύτης
718 1981 812 2041 τῆς
849 1972 1220 2043 προαιρέσεως
1258 1983 1370 2026 τῶν
1407 1975 1592 2040 λόγων
1632 1972 1815 2042 ἐποιη-

126 2061 307 2130 σάμην
343 2063 565 2114 κανόνα.
635 2063 734 2115 τὸν
773 2059 834 2115 δὲ
873 2063 941 2130 δὴ
980 2065 1171 2131 τρίτον
1201 2061 1407 2115 Ἰσαῖον
1439 2067 1494 2114 εἴ
1519 2082 1602 2123 τις
1634 2064 1817 2131 ἔροιτό

125 2169 190 2218 με
227 2151 379 2211 τίνος
419 2147 578 2202 ἕνεκα
614 2148 986 2219 προσεθέμην,
1028 2153 1244 2203 Λυσίου
1283 2150 1351 2217 δὴ
1392 2151 1635 2218 ζηλωτὴν
1667 2152 1818 2219 ὄντα,

125 2238 332 2306 ταύτην
371 2236 441 2290 ἂν
480 2237 628 2309 αὐτῷ
668 2239 842 2306 φαίην
880 2238 983 2306 τὴν
1021 2239 1228 2305 αἰτίαν,
1276 2238 1360 2290 ὅτι
1399 2257 1494 2306 μοι
1534 2239 1686 2291 δοκεῖ
1724 2246 1820 2307 τῆς

126 2326 532 2396 Δημοσθένους
564 2327 895 2395 δεινότητος,
927 2326 997 2394 ἣν
1029 2326 1222 2388 οὐθείς
1253 2325 1404 2378 ἐστιν
1435 2325 1496 2388 ὃς
1528 2325 1596 2379 οὐ
1619 2330 1820 2379 τελειο-

247 2492 269 2530 1
298 2486 322 2530 ὁ
345 2486 651 2543 θρασύμαχος
672 2486 707 2529 Ρ
735 2487 741 2543 Ι
769 2484 1078 2557 χαλκηδόνιος
1094 2485 1279 2529 FMBP
1304 2485 1437 2544 sedx
1462 2488 1510 2530 et
1534 2503 1561 2530 κ
1586 2486 1636 2528 ιιι
1658 2500 1735 2529 las
1760 2486 1820 2529 F’

246 2550 272 2588 2
300 2546 457 2598 ζώιλος
479 2546 539 2589 F¹
629 2550 657 2588 4
681 2543 864 2589 οὐθενα
879 2544 962 2588 ΒΡ
1056 2549 1080 2589 7
1105 2544 1253 2602 λόγων
1279 2544 1385 2589 οὔτε
1410 2503 1559 2602 λόγων
1576 2545 1635 2588 F¹
1662 2547 1669 2601 Ι
1696 2544 1819 2589 ἐστιν

125 2604 270 2648 ΜΒΡ
353 2609 380 2648 8
408 2605 646 2655 ἀλιθινοῖς
668 2604 705 2647 Ρ
790 2609 844 2647 10
868 2601 1107 2662 θρασίμαχ
1110 2621 1161 2655 ος
1184 2604 1222 2647 Β
1307 2609 1361 2648 11
1388 2605 1562 2662 εὑρεῖν]
1595 2621 1622 2648 ν
1653 2606 1819 2660 postea

130 2664 226 2707 add
249 2663 308 2706 F¹
400 2669 455 2707 12
488 2663 764 2721 στρογγύλος
788 2663 823 2706 F
850 2664 856 2720 Ι
884 2663 1094 2718 περιττὸς
1115 2663 1151 2706 F
1180 2665 1186 2720 Ι
1214 2660 1260 2707 δ’
1282 2663 1366 2707 ΒΡ
1460 2668 1514 2707 13
1547 2664 1821 2713 δικανικοὺς

130 2736 188 2766 ex
225 2722 468 2773 δικανικὸς
497 2723 546 2766 Μ
698 2727 753 2766 14
793 2720 821 2778 ἢ
862 2723 1276 2780 συμβουλευτικοὺς
1313 2721 1390 2766 del
1422 2722 1636 2766 Schwarz
1679 2724 1685 2779 Ι
1727 2722 1821 2766 fort

130 2782 185 2825 οὐ
224 2779 526 2826 καταλέλοιπε
565 2781 615 2825 cf
650 2781 708 2825 de
747 2780 982 2825 Dinarcho
1024 2796 1056 2838 p
1087 2786 1174 2826 630
1311 2785 1366 2824 18
1407 2780 1616 2837 εἰόμενος
1654 2781 1703 2824 Μ

131 2844 187 2883 19
218 2839 513 2897 ἀπογράφων
546 2839 787 2885 Reiskius:
830 2838 1120 2897 ὑπογράφων
1242 2845 1299 2883 20
1337 2842 1446 2896 post
1485 2839 1639 2895 ἄνδρα
1677 2840 1820 2883 inter-

131 2902 348 2956 pungunt
378 2898 490 2943 libri
528 2901 535 2956 Ι
577 2897 915 2971 προαιρ[έσεως
937 2906 1029 2943 τῶν
1060 2899 1229 2957 λόγων]
1260 2899 1309 2942 Μ
1341 2913 1446 2942 cum
1477 2913 1553 2942 ras
1645 2904 1699 2942 21
1731 2899 1818 2955 τις]

131 2972 176 3000 τι
206 2957 256 3001 in
286 2972 362 3002 ras
394 2957 429 3001 F
532 2963 588 3002 22
622 2959 678 3003 οὐ
710 2956 1007 3015 προσεθέμην
1039 2917 1167 3002 FB⁷P
1209 2960 1216 3016 Ι
1266 2957 1510 3016 [ζ]ηλωτὴν
1541 2958 1575 3001 F
1609 2972 1714 3001 eum
1743 2970 1819 3000 ras

1855 666 1876 697 5

1840 1109 1884 1141 10

1842 1549 1885 1582 15

1841 1993 1885 2024 20
