2004 3202
719 181 1142 225 ΔΗΜΟΣΘΕΝῊΣ
1666 183 1767 235 157

89 317 279 385 ἔμελλε
319 323 417 368 τοῦ
456 318 681 386 μετρίου
720 318 1051 384 γενήσεσθαι
1090 316 1118 370 ὁ
1159 317 1335 383 λόγος.
1398 314 1459 368 ἐν
1491 308 1573 378 οἷς
1606 317 1770 384 δῆλός

91 404 204 457 ε’στι
251 403 377 474 περὶ
423 407 781 471 καλλιλογίαν
826 403 917 457 καὶ
963 406 1264 474 σεμνότητα
1316 402 1408 456 καὶ
1454 405 1630 474 πάσας
1676 407 1770 467 τὰς

91 492 381 554 ἐπιθέτους
419 494 755 555 κατασκευὰς
785 493 923 560 <οὐ>
957 497 1168 563 μᾶλλον
1200 492 1550 568 ἐσπουδακὼς
1581 491 1613 560 ἢ
1645 491 1769 561 περὶ

4 594 88 648 994
113 582 214 649 τὴν
253 581 553 650 ἀκρίβειαν.
630 581 659 635 ὁ
701 579 761 634 δὲ
812 582 816 649 Ι
866 583 1004 652 πρὸς
1041 583 1143 650 τὴν
1182 580 1475 649 ἐπιστολὴν
1512 579 1602 633 καὶ
1643 583 1772 643 τοὺς

90 668 344 738 πρέσβεις
386 672 515 732 τοὺς
560 671 707 739 παρὰ
751 673 1032 723 Φιλίππου
1079 668 1271 740 ῥηθεὶς
1317 672 1504 738 λόγος,
1552 668 1619 722 ὃν
1658 669 1771 722 ε’πι-

90 758 291 826 γραφει
346 760 695 827 Καλλίμαχος
748 756 886 828 ὑπὲρ
937 758 1298 828 Ἁλοννήσου,
1360 757 1389 811 ὁ
1443 759 1545 827 τὴν
1598 758 1772 828 αρχὴν

0 863 3 866 ’
90 847 254 914 τήνδε
294 849 458 954 ἔχων·
500 841 584 899 Ὦ
624 848 821 917 ἄνδρες
854 846 1159 916 Ἀθηναῖοι,
1200 847 1300 900 οὐκ
1332 850 1498 915 ἔστιν,
1538 847 1683 911 ὅπως
1715 848 1771 900 αἱ

91 937 285 1003 αἰτίαι,
333 935 396 998 ἃς
439 939 712 998 Φίλιππος
758 937 1015 989 αἰτιᾶται’
1055 937 1181 998 ὅλος
1221 935 1370 989 ἐστὶν
1407 935 1635 1006 ἀκριβὴς
1680 935 1770 988 καὶ

92 1026 286 1087 λεπτὸς
339 1024 430 1077 καὶ
484 1026 582 1078 τὸν
623 1026 905 1078 Λυσιακὸν
950 1033 1262 1094 χαρακτῆρα
1317 1023 1640 1094 ἐκμέμακται
1694 1026 1772 1087 εἰς

92 1115 287 1183 ὄνυχα,
344 1113 640 1182 ἐξαλλαγῆς
694 1111 753 1166 δὲ
807 1113 840 1182 ἢ
892 1117 1251 1182 σεμνολογίας
1296 1113 1330 1182 ἢ
1378 1115 1692 1182 δεινότητος
1737 1113 1770 1181 ἢ

13 1226 17 1227 ’
90 1212 202 1255 τῶν
241 1204 424 1256 ἄλλων
470 1205 644 1270 τινός,
692 1202 724 1255 ἃ
770 1211 834 1272 τῇ
875 1201 1278 1270 Δημοσθένους
1325 1203 1555 1271 δυνάμει
1601 1219 1772 1271 παρα-

91 1296 393 1344 κολουθεῖν
445 1290 708 1359 πέφυκεν,
767 1291 963 1359 ὀλίγην
1017 1289 1280 1354 ἐπίδειξιν
1335 1293 1457 1358 ἔχει.
1534 1293 1615 1352 τίς
1670 1286 1772 1343 οὖν

93 1379 205 1432 ἐστι
245 1379 348 1431 κάν
388 1380 604 1441 τούτοις
642 1379 674 1447 ἡ
717 1380 981 1449 διαφορά;
1021 1378 1111 1432 καὶ
1142 1388 1256 1442 πῶς
1286 1379 1356 1431 ὀὲν
1387 1380 1640 1447 διαγνοίη
1673 1398 1771 1442 τις,

91 1468 226 1521 ὅταν
258 1469 334 1530 εἰς
369 1469 467 1520 τὸν
499 1467 800 1535 ἀναγκαῖον
831 1471 1036 1538 καταβῇ
1077 1476 1387 1538 χαρακτῆρα
1419 1468 1447 1521 ὁ
1481 1467 1773 1536 Λημοσθέ-

91 1577 213 1625 νης,
268 1565 341 1627 πῇ
396 1559 659 1627 κρείττων
706 1555 818 1609 ἐστὶ
868 1559 1083 1610 Λυσίου
1132 1555 1222 1608 καὶ
1276 1557 1411 1608 κατὰ
1456 1557 1557 1624 τὴν
1603 1555 1772 1619 λε’ξινς

92 1644 264 1709 ἀξιοῖς
304 1647 408 1715 γὰρ
441 1646 508 1713 δὴ
548 1644 639 1698 καὶ
678 1653 840 1699 τοῦτο
873 1651 1089 1714 μαθεῖν.
1154 1647 1360 1714 φυσική
1392 1665 1474 1707 τις
1508 1644 1771 1713 ἐπιτρέχει

91 1743 206 1796 τοῖς
247 1737 461 1788 Λυσίου
510 1736 695 1802 λόγοις
742 1734 1002 1803 εὐστομία
1048 1732 1138 1787 καὶ
1185 1735 1365 1804 χάρις,
1411 1735 1592 1802 ὥσπερ
1633 1736 1773 1802 ἔφην

91 1821 182 1874 καὶ
213 1825 499 1892 πρότερον,
530 1816 565 1894 ᾗ
595 1824 824 1893 προῦχει
854 1825 999 1892 πλὴν
1022 1822 1426 1892 Λημοσθένους
1457 1833 1568 1876 τῶν
1591 1824 1774 1876 ἄλλων

3 1931 10 1940 ’
95 1912 357 1981 ῥητόρων.
412 1912 547 1980 αὕτη
579 1911 786 1981 μέντοι,
815 1913 1066 1982 καθάπερ
1100 1914 1282 1974 νότιός
1311 1932 1394 1974 τις
1426 1908 1585 1981 αὖρα,
1617 1910 1773 1980 μέχρι

4 2015 90 2055 995
115 2003 412 2069 προοιμίου
443 1999 533 2052 καὶ
566 2001 867 2069 διηγήσεως
898 2001 1069 2053 αὐτὸν
1093 2003 1230 2068 ἄγει,
1263 2002 1395 2054 ὅταν
1423 1999 1471 2053 δ’
1493 2002 1569 2063 εἰς
1604 2001 1609 2068 Ι
1644 2003 1774 2062 τοὺς

94 2089 508 2151 ἀποδεικτικοὺς
555 2090 694 2158 ἔλθῃ
742 2091 965 2157 λόγους,
1020 2089 1238 2158 ἀμυδρά
1282 2109 1365 2151 τις
1419 2092 1629 2156 γίνεται
1682 2087 1767 2140 καὶ

94 2176 351 2245 ἀσθενής,
392 2177 452 2230 ἐν
483 2174 543 2230 δὲ
576 2178 643 2245 δὴ
682 2186 797 2240 τοῖς
834 2183 1163 2245 παθνητικοῖς
1201 2178 1279 2239 εἰς
1317 2176 1469 2239 τέλος
1508 2176 1773 2245 ἀποσβέν-

0 2339 4 2343 ‚
94 2284 276 2319 νυται·
317 2269 476 2328 τόνος
514 2267 618 2334 γὰρ
652 2265 718 2318 οὐ
749 2267 922 2328 πολὺς
954 2265 1088 2335 αὐτῇ
1129 2267 1424 2334 πρόσεστιν
1456 2264 1574 2318 οὐδ’
1605 2266 1771 2333 ἰσχύς.

216 2461 239 2499 7
274 2455 647 2514 [Demosthenes]
680 2454 784 2509 περὶ
809 2452 1079 2510 Ἁλοννήσου
1112 2469 1162 2498 οι·
1186 2455 1270 2498 VII
1297 2460 1317 2498 1

217 2637 238 2675 1
267 2633 547 2689 γενήσεσθαι
571 2633 607 2675 Β
632 2647 723 2689 mg,
753 2632 799 2674 M
825 2632 908 2675 sed
938 2631 1050 2688 γενή
1080 2635 1245 2689 postea
1276 2632 1511 2677 additum:
1546 2635 1770 2691 γενῆσθαι

99 2690 147 2746 Ρ,
166 2690 239 2733 Β
227 2706 277 2733 111
300 2693 446 2747 textu,
478 2690 700 2749 γενέσθαι
724 2706 753 2734 v
837 2695 862 2733 2
893 2693 1115 2748 καλλολογ
1119 2689 1197 2735 ίαν
1215 2692 1308 2735 ΜΒ
1393 2698 1418 2734 3
1446 2693 1498 2736 οὐ
1529 2692 1622 2735 add
1646 2691 1773 2735 Vliet

215 2755 242 2792 4
274 2750 408 2808 πρὸς]
442 2751 548 2806 περὶ
573 2751 748 2794 MBPv
833 2754 858 2792 5
882 2750 1019 2806 λόγον
1043 2765 1122 2808 mg
1145 2751 1182 2793 B
1267 2757 1292 2794 6
1322 2750 1461 2794 immo
1486 2751 1591 2805 περὶ
1626 2753 1630 2807 Ι
1667 2750 1772 2794 ἁλο-

99 2807 242 2863 νήσου
266 2809 443 2854 MBPv
529 2815 552 2853 7
577 2809 691 2867 ἔχων
717 2823 791 2852 om
815 2824 844 2852 v
929 2814 984 2852 10
1007 2809 1231 2884 ἐξαλαγῆς
1254 2810 1336 2853 ΒΡ
1422 2815 1475 2853 13
1499 2810 1528 2866 ἡ
1554 2808 1773 2865 διμοσθέ

99 2882 208 2917 νους
233 2866 431 2924 δυνάμει
453 2884 582 2923 παρα
605 2869 633 2925 ἡ
659 2866 867 2924 διαφορὰ
891 2868 950 2911 Β1
983 2872 989 2925 Ι
1024 2867 1270 2926 διαγνοίην
1290 2870 1325 2912 Ρ
1412 2874 1465 2912 14
1490 2870 1770 2925 ἀναγκαῖον]

102 2927 335 3027 Λυσὲιίζὸν
350 2927 487 3030 mahg,
502 2928 678 2971 Usenm
755 2932 808 2970 15
834 2933 898 2984 πῆ
915 2926 975 2983 Μ,
995 2927 1030 2970 Β
1048 2943 1145 2984 mg:
1170 2935 1225 2984 τῆ
1243 2928 1324 2971 ΒΡ
1402 2932 1457 2970 20
1482 2926 1526 2971 δ’
1541 2928 1602 2982 Μ,
1621 2927 1656 2970 Β
1675 2942 1771 2982 mg:

102 2997 176 3026 om
372 2991 424 3030 21
475 2989 580 3030 λθει
604 2987 640 3030 Ρ

1798 1133 1839 1164 10

1800 1575 1839 1606 15

1799 2020 1840 2050 20
