2004 3202
646 147 791 188 ΠΕΡΙ
821 145 1223 189 ΘΟΤΚΤΔΙΔΟΤ
1675 146 1780 198 391

103 279 137 349 ’ἢ
184 280 268 333 ὅτι
316 281 770 348 Λακεδαιμονίων
816 281 1036 333 ἄποικοι
1076 281 1231 342 ὄντες
1277 279 1343 332 οὐ
1396 278 1784 350 ξυνεστρατεύ-

106 383 233 422 σατε
282 367 315 437 ἢ
371 368 444 430 ὡς
495 367 633 437 ἡμᾶς
689 364 854 421 οὐδὲν
906 368 1197 436 ἠδικήκατε
1250 367 1510 436 λέγοντας
1564 374 1782 422 οἰέσθαι

103 459 339 524 πείσειν,
389 457 455 508 τὰ
502 457 711 509 δυνατὰ
758 454 806 508 δ’
847 455 899 520 ἐξ
948 451 1027 509 ὧν
1074 455 1318 527 ἑκάτεροι
1373 456 1595 525 ἀληθῶς
1646 473 1796 527 ‹ppo-⁴

102 553 311 614 ’νοῦμεν
361 545 834 615 διαπράσσεσθαι.’
901 553 1064 599 τοῦτο
1121 544 1187 598 δέ
1237 543 1643 615 ἐστιν··““ὑμεῖς
1682 543 1784 615 μὲν

49 651 101 692 10
117 633 340 703 ἀληθῶς
364 641 704 703 φρονοῦντες
735 633 819 687 ὅτι
851 633 1151 702 ἀδικεῖσθε,
1178 635 1279 703 τὴν
1303 632 1564 706 ἀνάγΙκην
1591 634 1784 705 φέρετε
1828 651 1850 684 5

104 720 194 775 καὶ
242 726 432 775 εἴκετε·
478 722 631 791 ἡμεῖς
678 719 739 775 δὲ
786 722 887 775 οὐκ
935 722 1290 790 ἀγνοοῦντες,
1346 723 1429 776 ὅτι
1483 723 1784 792 ἀδικοῦμεν

38 872 41 878 λ
103 811 262 880 ὑμᾶς,
301 819 395 880 τῆς
427 810 717 874 ἀσθενείας
753 811 911 880 ὑμῶν
941 813 1310 882 περιεσόμεθα
1351 803 1414 882 τῇ
1448 814 1564 883 βίᾳ·
1613 820 1783 865 ταῦτα

103 901 208 970 γὰρ
250 898 525 970 ἑκατέροις
564 898 806 952 δυνατά.’
872 901 1056 952 ἔπειτα
1101 900 1202 968 τὴν
1248 901 1431 952 αἰτίαν
1476 899 1783 954 ἀποδοῦναι

102 989 304 1042 τούτου
344 986 643 1057 βουληθεὶς
675 986 938 1055 ἐπιλέγει·
979 987 1090 1040 εὅτι
1130 989 1314 1041 δίκαια
1352 985 1453 1058 μὲν
1492 988 1552 1041 ἐν
1583 995 1658 1061 τῷ
1690 989 1784 1042 ἀν-

103 1080 363 1149 θρωπείῳ
403 1079 547 1149 λόγῳ
581 1076 686 1129 ἀπὸ
719 1083 813 1144 τῆς
853 1081 973 1145 ἴσης
1004 1076 1243 1146 ἀνάγκης
1274 1080 1533 1147 κρίνεται,
1574 1077 1783 1130 δυνατά
1807 1096 1852 1128 ιο

105 1163 166 1218 δὲ
213 1167 266 1219 οἱ
302 1167 637 1236 προῦχοντες
681 1166 990 1235 πράσσουσι
1037 1164 1128 1218 καὶ
1169 1167 1219 1219 οἱ
1276 1165 1531 1228 ἀσθενεῖς
1579 1164 1784 1234 ξυγχω-

105 1255 299 1324 ροῦσι.’
365 1257 650 1323 βασιλεῦσι
682 1255 786 1323 γὰρ
820 1254 1120 1324 βαρβάροις
1151 1262 1321 1307 ταῦτα
1351 1255 1488 1324 πρὸς
1514 1253 1784 1322 ’Έλληνας
1800 1258 1871 1311 39

102 1344 336 1414 ἥρμοττε
383 1341 584 1410 λέγειν·
627 1340 948 1410 Ἀθηναίοις
994 1339 1055 1395 δὲ
1099 1343 1238 1412 πρὸς
1282 1344 1412 1404 τοὺς
1444 1340 1730 1410 ’Έλληνας,

46 1448 98 1488 11
118 1431 215 1494 οὓς
260 1430 654 1501 ἠλευθέρωσαν
701 1429 806 1482 ἀπὸ
856 1439 966 1483 τῶν
1012 1431 1252 1499 ιΜήδων,
1307 1430 1408 1484 οὐκ
1458 1427 1527 1498 ἧν
1579 1432 1785 1501 προσή-

102 1540 269 1573 κοντα
317 1521 598 1590 εἰρῆσθαι,
654 1519 736 1572 ὅτι
785 1519 850 1571 τὰ
906 1520 1094 1572 δίκαια
1138 1529 1254 1582 τοῖς
1301 1525 1440 1582 ἴσοις
1481 1517 1593 1571 ἐστὶ
1647 1520 1785 1589 πρὸς
1807 1537 1852 1570 15

103 1607 392 1678 ἀλλήλους,
416 1607 491 1661 τά
507 1605 567 1660 δὲ
598 1610 752 1676 βίαια
775 1616 890 1670 τοῖς
917 1609 1164 1678 ἰσχυροῖς
1186 1609 1323 1678 πρὸς
1354 1610 1483 1670 τοὺς
1514 1607 1785 1670 ἀσθενεῖς.

103 1698 263 1766 ὀλίγα
303 1695 364 1765 δὲ
401 1698 538 1767 πρὸς
569 1704 739 1750 ταῦτα
777 1707 888 1749 τῶν
919 1699 1158 1765 Μηλίων
1197 1696 1667 1768 ἀποκριναμένων,
1700 1697 1784 1750 ὅτι

102 1790 281 1847 καλῶς
328 1784 398 1838 ἂν
444 1787 558 1854 ἔχοι
603 1793 719 1847 τοῖς
751 1783 1070 1853 Ἀθηναίοις
1107 1793 1370 1855 προνοεῖν
1408 1793 1508 1838 τοῦ
1548 1787 1785 1853 δικαίου,

103 1875 176 1943 μὴ
215 1872 305 1926 καὶ
345 1873 508 1926 αὐτοί
550 1890 681 1926 ποτε
720 1872 1020 1942 σφαλέντες
1058 1871 1149 1926 ὑπ’
1190 1863 1374 1926 ἀλλων
1415 1873 1522 1942 [ἐν]
1566 1872 1786 1944 ἐξουσίᾳ

103 1962 372 2032 γένωνται
410 1960 501 2014 καὶ
532 1963 598 2014 τὰ
629 1961 768 2014 αὐτὰ
802 1962 1086 2030 πάσχωσιν
1115 1962 1222 2014 ὑπὸ
1255 1971 1366 2014 τῶν
1398 1961 1783 2032 ἰσχυροτέρων,
1808 1983 1854 2014 20

105 2051 542 2121 ἀποκρινόμενον
595 2058 742 2103 ποιεῖ
800 2050 899 2102 τὸν
949 2047 1252 2118 Ἀθηναῖον
1307 2049 1515 2119 “Ημεῖς
1569 2047 1628 2102 δὲ
1689 2058 1785 2118 τῆς

103 2139 365 2210 ἡμετέρας
411 2139 603 2209 ἀρχῆς,
657 2138 727 2206 ἢν
772 2136 862 2190 καὶ
901 2143 1115 2208 παυθῇ,
1171 2137 1272 2190 οὐκ
1318 2137 1645 2207 ἀθυμοῦμεν
1683 2139 1786 2206 τὴν

57 2242 102 2282 12
119 2227 416 2296 τελευτήν’,
453 2227 457 2295 Ι
493 2227 693 2279 τούτου
719 2223 767 2278 δ’
792 2227 975 2278 αἰτίαν
1006 2225 1359 2294 ἀποδιδόντα,
1392 2226 1475 2279 ὅτι
1498 2226 1602 2279 κᾶν
1624 2246 1786 2279 κατα-

105 2317 349 2370 λύσωσιν
388 2315 571 2368 αὐτῶν
611 2315 1039 2383 Λακεδαιμόνιοι
1077 2314 1179 2382 τὴν
1218 2313 1409 2384 ἀρχήν,
1450 2316 1785 2384 συγγνώμην

105 2403 312 2471 ἕξουσι,
359 2402 449 2456 καὶ
497 2402 654 2456 αὐτοὶ
700 2403 876 2455 πολλὰ
926 2410 1152 2455 τοιαῦτα
1196 2403 1548 2473 πράσσοντες.
1624 2406 1781 2472 θήσω
1808 2422 1853 2455 25

47 2478 49 2481 ¹
104 2490 167 2546 δὲ
205 2491 296 2546 καὶ
338 2493 439 2559 τὴν
478 2490 626 2555 λέξιν
672 2490 868 2543 αὐτοῦ·
916 2490 1002 2543 “οὐ
1042 2491 1146 2562 γὰρ
1187 2492 1240 2544 οἱ
1286 2492 1545 2562 ἄρχοντες
1584 2494 1785 2560 ἄλλων,

226 2642 279 2681 21
314 2637 444 2680 Thuc
467 2636 509 2679 V
535 2641 587 2679 91

224 2773 252 2813 4
283 2769 415 2826 ἡμεῖς
438 2769 472 2812 Ρ
606 2774 631 2812 5
664 2769 934 2813 ἀδικεῖσθαι
958 2769 993 2813 Ρ
1114 2773 1140 2813 8
1172 2770 1433 2814 ὑποδοῦναι
1458 2770 1506 2813 Μ
1627 2775 1651 2813 9
1686 2769 1784 2813 ἐπι-

106 2825 256 2885 λέγειν
279 2828 316 2872 Ρ
438 2833 492 2871 10
524 2826 770 2883 κρίνεσθαι
793 2827 829 2871 Ρ
952 2832 1004 2872 11
1037 2826 1320 2884 πράσσουσιν
1344 2828 1380 2871 Ρ
1408 2830 1413 2886 Ι
1442 2830 1722 2887 ξυνχωροῦσι
1746 2829 1783 2870 Ρ

110 2891 164 2930 15
199 2886 290 2931 ἔστι
311 2887 335 2930 f
415 2891 467 2930 17
494 2883 877 2943 ἀποκρινομένων
900 2886 925 2930 f
1003 2891 1058 2931 19
1085 2887 1134 2932 ἐν
1158 2887 1328 2931 inclusi
1412 2893 1467 2931 20
1495 2888 1711 2944 γένονται
1735 2887 1785 2929 Μ

228 2951 284 2990 24
314 2943 682 3002 λακεδαιμονίων
706 2960 762 3002 pr
784 2945 820 2989 P
947 2951 1003 2990 25
1035 2945 1294 3003 πράξαντες
1324 2945 1533 2990 malebab
1563 2945 1781 2990 Reiskius
