1958 3192
743 179 1163 223 -XXXIX-

105 316 359 387 diligenti
397 316 654 369 sermonis
703 315 1072 369 obseruatione
1110 315 1258 367 nisus
1298 332 1403 366 non
1447 332 1615 383 pauca
1656 313 1791 366 bene

112 405 357 475 correxit,
401 404 708 458 Leonardus
749 403 994 457 SadaeuS.
1070 403 1388 456 insanabilia
1427 421 1552 455 sane
1600 402 1793 454 damna

112 497 294 548 textus
332 492 459 546 tulit
496 493 704 546 schedis
752 496 843 545 aut
882 492 1103 562 auolsiS‚
1155 494 1218 544 ut
1261 491 1494 561 primore
1540 491 1678 543 libro
1731 490 1794 543 de

109 582 472 636 Demosthene
504 585 557 634 et
595 585 831 634 extremo
879 582 941 634 de
978 580 1248 634 Dinarcho
1295 566 1498 633 factum
1545 582 1647 648 est,
1702 582 1794 631 aut

111 671 438 740 interceptiS‚
476 674 538 723 ut
576 671 631 723 in
668 670 806 723 libro
846 670 909 722 de
940 669 1261 739 Thucydide.
1318 669 1502 722 sarciri
1535 671 1588 720 et
1619 667 1794 720 sanari

116 776 314 830 magna
373 777 437 812 ex
490 762 640 828 parte
701 777 762 811 ea
813 759 978 812 uerba
1028 758 1420 827 uerborumque
1477 759 1656 826 partes
1703 774 1794 824 po-

110 851 354 918 tuerunt,
402 866 535 917 quae
575 848 629 900 in
668 848 875 901 schedis
915 850 1007 900 aut
1043 847 1257 900 madore
1298 850 1390 899 aut
1429 846 1543 916 igni
1581 863 1794 915 corrup-

16 935 19 938 ’
107 937 207 1006 tis,
256 940 318 989 ut
355 937 411 989 in
448 937 586 989 libro
628 937 689 989 de
727 936 1086 989 Demosthene
1133 955 1288 1005 saepe
1325 954 1548 989 numero
1588 934 1795 1003 accidit,

15 1037 20 1105 j>
108 1044 147 1078 .a
178 1025 411 1078 librariis
450 1025 557 1095 legi
595 1026 901 1094 nequibant.
978 1025 1070 1078 sed
1106 1028 1380 1094 praeterea
1424 1025 1566 1076 latus
1613 1027 1796 1076 acutae

16 1117 19 1123 ’
111 1113 438 1166 -diuinationi
490 1131 707 1182 campus
760 1116 922 1182 patet.
999 1132 1104 1182 qua
1155 1114 1211 1166 in
1265 1133 1321 1166 re
1374 1113 1661 1166 tenendum
1715 1115 1797 1164 est

110 1202 365 1272 grauiora
408 1201 627 1254 uolnera
672 1201 778 1253 iam
825 1202 1044 1270 antiquo
1095 1205 1334 1271 tempore
1385 1200 1557 1259 textui
1595 1201 1798 1253 inflicta

16 1315 18 1355 3
111 1309 246 1343 esse.
322 1308 428 1342 non
465 1308 662 1359 paucae
701 1291 842 1342 enim
881 1308 1075 1359 eaeque
1114 1291 1438 1343 certissimae
1479 1289 1797 1343 emendatio-

112 1397 211 1431 nes
261 1382 376 1430 tum
423 1396 488 1431 ex
526 1378 821 1431 maiusculo
865 1378 1197 1432 litteraturae
1247 1398 1438 1450 genere
1484 1378 1796 1447 repetendae

15 1460 25 1530 ,⁵
111 1470 268 1520 erant
299 1470 414 1519 tum
446 1485 511 1519 ex
542 1467 917 1536 conpendiaria
947 1467 1225 1536 scriptura,
1265 1486 1370 1536 qua
1401 1470 1610 1520 constat
1640 1466 1798 1518 libra-

16 1551 22 1596 :²
111 1556 225 1608 rios
280 1556 336 1608 in
387 1555 541 1607 libris
597 1555 913 1609 scholastico
966 1556 1088 1608 usui
1143 1556 1422 1608 destinatis
1475 1556 1557 1608 uti
1612 1554 1797 1607 solitos

15 1759 35 1847 ..ΠΡ
23 1694 26 1699 -

114 1663 248 1697 6886.
316 1644 418 1697 hoc
449 1645 505 1696 in
537 1644 715 1697 codice
746 1645 1113 1697 uetustissimo
1137 1644 1427 1697 Parisiensi
1467 1644 1625 1697 etiam
1658 1661 1799 1695 nunc

115 1733 298 1786 uidere
336 1732 475 1785 licet.
536 1732 685 1786 uelut
724 1733 780 1785 in
819 1733 1082 1802 excerptis
1122 1733 1184 1785 de
1217 1733 1516 1786 imitatione
1550 1731 1799 1785 editionis

116 1821 312 1890 prioris
358 1840 408 1890 p.
444 1822 535 1890 18,
559 1822 595 1873 4
649 1823 796 1874 110618
834 1826 1084 1876 παλαιῶν
1137 1821 1399 1875 elementa
1442 1824 1652 1874 tantum
1698 1820 1801 1872 tria

117 1910 298 1979 priora
328 1913 436 1962 παλ
469 1910 822 1980 adponuntur,
858 1914 920 1963 ut
949 1929 1056 1963 non
1086 1911 1343 1963 miremur
1374 1910 1801 1980 apographorum

118 1998 404 2067 scriptores
443 2003 665 2053 πολλῶν
703 1999 919 2070 legisse3
959 1999 1051 2052 sed
1089 2000 1203 2068 ipse
1243 2000 1439 2052 codicis
1468 1999 1511 2051 P
1550 1999 1800 2052 librarius

120 2087 356 2139 eiusdem
417 2088 642 2157 paginae
703 2106 753 2140 u.
796 2089 861 2140 17
932 2088 1117 2140 eodem
1187 2087 1480 2156 conpendio
1551 2088 1800 2156 deceptus

119 2180 304 2229 καλῶν
357 2176 572 2245 scripsit
626 2177 766 2245 quod
816 2181 1068 2230 παλαιῶν
1118 2176 1279 2229 scribi
1334 2176 1530 2228 debuit.
1609 2177 1684 2228 816
1739 2176 1801 2228 de

119 2262 270 2317 Isaeo
309 2284 358 2333 p.
395 2265 514 2335 107,
537 2265 574 2316 4
613 2264 826 2319 ἀδικεῖν
870 2266 1116 2335 legerunt
1155 2265 1297 2335 quod
1336 2264 1639 2318 ἀντιδικεῖν
1683 2263 1803 2332 fuit,

121 2355 175 2404 et
212 2371 261 2421 p.
297 2353 416 2422 104,
444 2354 510 2406 18
557 2361 656 2407 τοῦ
696 2355 1097 2423 συμβουλεύειν
1142 2354 1286 2423 quod
1323 2361 1422 2406 τοῦ
1463 2355 1803 2422 συμβολαίου

122 2441 579 2510 interpretandum
616 2442 781 2495 fuisse
819 2442 1104 2511 Emperius
1142 2442 1426 2512 perspexit.
1502 2442 1803 2494 litteratura

120 2529 414 2582 maiuscula
453 2533 506 2582 et
543 2531 822 2599 prosodiae
861 2531 1003 2583 notis
1048 2531 1360 2600 plerumque
1407 2549 1589 2583 carens
1630 2529 1804 2582 effecit

23 2682 26 2693 ἶ
121 2620 184 2669 ut
235 2636 392 2671 uoces
445 2637 721 2687 perperam
770 2622 862 2671 aut
906 2619 962 2671 in
1007 2620 1162 2688 plura
1214 2620 1377 2672 uerba
1433 2619 1804 2671 diducerentur

123 2707 217 2757 aut
256 2706 310 2757 in
349 2725 515 2759 unum
555 2707 1007 2777 contraherentur,
1045 2708 1196 2761 uelut
1234 2708 1288 2760 in
1321 2707 1550 2776 epistula
1582 2707 1646 2758 ad
1678 2704 1803 2757 Am-

30 2824 41 2853 s
124 2811 334 2847 maeum
371 2815 421 2864 p.
446 2795 571 2864 267,
597 2797 628 2848 8
662 2815 726 2848 ex
766 2795 973 2849 οὑτωσί
1000 2797 1251 2849 aduerbio
1283 2800 1468 2848 natum
1501 2798 1582 2847 est
1614 2795 1800 2855 οὕτως.

124 2883 195 2934 Εἰ
243 2886 296 2934 et
341 2884 560 2952 268‚2O
614 2886 847 2953 δηλώσει
902 2884 999 2947 οὓς
1053 2904 1117 2938 ex
1171 2886 1492 2954 δημοσίους,
1545 2881 1802 2951 epistulae

123 2967 482 3038 Thucydidiae
534 2991 584 3040 p.
623 2973 747 3041 4:24,
772 2974 804 3025 6
859 2972 1034 3026 ὁπόσα
1087 2992 1144 3025 τε
1198 2976 1434 3040 γείνεται
1489 2971 1802 3022 distractum
