2004 3202
731 165 896 207 ΠΡΟΣ
926 165 1205 208 AMMAION
1694 164 1797 216 261

137 299 506 368 Τιμοκράτους
537 300 706 366 λόγον
735 299 938 368 ἔγραψε
962 299 1233 371 Διοδώρῳ
1265 304 1340 370 τῷ
1363 299 1611 368 κρίνοντι
1633 317 1804 369 παρα-

129 389 315 456 νόμων
358 387 456 439 τὸν
502 387 808 456 Τιμοκράτη
855 385 944 439 καὶ
988 388 1085 440 τὸν
1121 385 1248 457 περὶ
1286 393 1381 455 τῆς
1418 389 1804 454 Μεγαλοπολι-

128 484 239 528 τῶν
281 477 543 543 βοηθείας
582 475 955 544 δημηγορικὸν
992 474 1156 538 αὐτὸς
1194 474 1501 543 ἀπήγγειλε.
1571 476 1704 544 μετὰ
1743 472 1804 527 δὲ

132 564 428 632 Θούδημον
466 565 616 615 ἔστιν
645 562 1035 633 Ἀριστόδημος
1074 565 1274 634 ἄρχων,
1315 553 1407 632 ἐφ’
1431 559 1497 616 οὗ
1528 573 1639 616 τῶν
1668 564 1805 615 κατὰ

133 654 415 705 Φιλίππου
453 653 807 722 δημηγοριῶν
844 651 1060 722 ἤρξατο,
1099 651 1190 705 καὶ
1230 654 1399 720 λόγον
1439 651 1499 705 ἐν
1537 659 1612 724 vg?
1652 653 1803 723 δήμῳ
1849 669 1870 702 5

129 739 346 793 διέθετο
384 739 511 810 περὶ
549 748 644 809 τῆς
682 740 987 809 ἀποστολῆς
1025 748 1124 794 τοῦ
1157 739 1374 804 ξενικοῦ
1406 740 1806 810 στρατεύματος

127 827 218 882 καὶ
256 838 368 882 τῶν
407 827 538 881 δέκα
577 830 902 898 φυγαδικῶν
932 839 1173 900 τριηρῶν
1204 831 1282 892 εἰς
1311 830 1685 883 Μακεδονίαν.
1747 827 1807 880 ἐν

129 918 304 989 τούτῳ
344 924 420 988 τῷ
458 920 638 990 χρόνῳ
677 917 768 970 καὶ
807 919 906 971 τὸν
943 920 1078 971 κατὰ
1110 917 1565 989 Ἀριστοκράτους
1603 920 1807 987 ἔγραψε

42 1020 126 1060 726
144 1009 313 1075 λόγον
344 1006 630 1059 Εὐθυκλεῖ
667 1013 743 1078 τῷ
775 1004 1048 1078 διώΙκοντι
1078 1009 1414 1077 παρανόμων
1445 1008 1505 1059 τὸ
1537 1009 1807 1075 ψήφισμα.

131 1094 218 1148 ἐπὶ
264 1092 325 1148 δὲ
367 1094 607 1148 Θεέλλου
651 1102 752 1147 τοῦ
798 1097 931 1164 μετὰ
972 1097 1361 1166 Αριστόδημον
1402 1096 1503 1163 τὴν
1540 1093 1666 1165 περὶ
1695 1094 1805 1147 Ῥο-
1829 1112 1871 1145 10

130 1184 269 1235 δίων
314 1182 607 1250 ἀπηγγειλε
653 1183 1020 1252 δημηγορίαν,
1070 1182 1130 1235 ἐν
1181 1184 1210 1253 ᾗ
1254 1186 1440 1236 πείθει
1483 1185 1613 1246 τοὺς
1641 1182 1807 1252 Ἀθη-

129 1271 322 1333 ναίους
366 1275 665 1323 καταλῦσαι
711 1271 813 1339 τὴν
859 1271 1183 1341 ὀλιγαρχίαν
1230 1271 1412 1324 αὐτῶν
1450 1271 1540 1324 καὶ
1578 1273 1676 1325 τὸν
1714 1273 1809 1340 δῆ-

129 1380 236 1429 μον
276 1358 660 1429 ἐλευθερῶσαι.
724 1358 811 1411 ἐπὶ
845 1356 905 1411 δὲ
937 1361 1296 1429 Καλλιμάχου
1326 1368 1426 1413 τοῦ
1457 1363 1646 1431 τρίτου
1677 1362 1809 1430 μετὰ

134 1447 372 1501 Θέελλον
438 1445 704 1517 ἄρξαντος
757 1457 902 1517 τρεῖς
964 1447 1183 1501 διέθετο
1246 1450 1581 1519 δημηγορίας
1640 1467 1812 1519 παρα-

130 1541 314 1590 καλῶν
343 1534 677 1604 Ἀθηναίους
707 1538 978 1605 βοήθειαν
1002 1535 1318 1599 Ὀλυνθίοις
1349 1537 1666 1591 ἀποστεῖλαι
1695 1546 1811 1600 τοῖς
1834 1554 1875 1587 15

130 1624 563 1695 πολεμουμένοις
616 1625 724 1678 ὑπὸ
777 1628 1083 1694 Φιλίππου,
1137 1627 1361 1696 πρώτην
1407 1624 1508 1696 μὲν
1552 1622 1616 1694 ἧς
1663 1626 1812 1679 ἐστιν

132 1713 268 1784 ἀρχὴ
311 1712 461 1766 εἘπὶ
507 1718 730 1767 πολλῶν
779 1711 881 1783 μὲν
922 1715 1062 1768 ἰδεῖν
1102 1716 1172 1768 ἄν
1209 1735 1292 1777 τις
1338 1712 1379 1768 ὦ
1420 1717 1617 1785 ἄνδρες
1646 1714 1811 1782 Ἀθη-

131 1806 284 1856 ναῖοί
333 1822 426 1871 μοι
474 1803 665 1855 δοκεῖ’·
714 1802 977 1873 δευτέραν
1023 1800 1084 1856 δὲ
1123 1803 1285 1872 (Οὐχὶ
1331 1803 1501 1857 ταύτὰ
1550 1808 1811 1875 παρίστα-

129 1894 223 1943 ταί
265 1911 358 1960 μοι
413 1892 741 1958 γιγνώσκειν
801 1889 842 1945 ὦ
891 1893 1089 1962 ἄνδρες
1126 1892 1457 1962 Ἀθηναῖοί·
1514 1897 1704 1963 τρίτην
1750 1890 1811 1946 δὲ

9 1991 24 2024 '⁴
131 1978 307 2031 ‘'Avvl
372 1983 595 2032 πολλῶν
651 1978 720 2032 ἂν
781 1977 823 2033 ὦ
879 1982 1075 2050 ἄνδρες
1129 1979 1418 2049 Ἀθηναῖοι
1486 1982 1875 2052 χρημάτων’.20

131 2069 267 2120 κατὰ
314 2074 513 2120 τοῦτον
550 2065 850 2137 γέγραπται
889 2069 987 2121 τὸν
1025 2070 1262 2139 ἄρχοντα
1300 2067 1391 2121 καὶ
1431 2069 1459 2122 ὁ
1499 2071 1635 2122 κατὰ
1672 2072 1811 2122 Μει-

196 2203 203 2211 ’
251 2231 277 2270 5
310 2226 646 2270 Demosthenes
673 2240 735 2269 or.
762 2232 803 2282 4,
831 2232 974 2270 1—29
1082 2233 1135 2271 17
1168 2228 1293 2272 idem
1317 2242 1379 2272 or.
1400 2233 1439 2284 2,
1467 2233 1490 2271 1
1600 2233 1653 2271 18
1684 2228 1811 2272 idem

134 2299 197 2329 or.
224 2290 264 2342 3,
292 2291 314 2328 1
439 2290 495 2328 20
527 2285 653 2329 idem
686 2299 748 2330 or.
778 2291 816 2342 1,
845 2291 867 2329 1

136 2433 380 2489 Θεοδήμου
413 2448 433 2476 s
489 2432 711 2488 Εὐδήμου
744 2432 992 2490 Sylburgio
1025 2436 1214 2478 auctore
1245 2450 1268 2477 r
1374 2438 1397 2477 1
1431 2435 1650 2490 ὃιωδώρω
1683 2435 1719 2477 Β

132 2497 158 2535 2
198 2490 490 2549 Τιμοκρατην
523 2507 543 2535 s
664 2497 689 2534 3
723 2491 1088 2549 δημηγορικὸν“
1070 2509 1124 2537 ον
1155 2493 1287 2538 libri.
1326 2492 1380 2538 ὃν
1413 2493 1488 2538 del
1519 2493 1719 2538 Weilius

133 2556 160 2594 4
198 2550 556 2608 θουκυδιδημον
588 2551 624 2595 Ο
691 2551 935 2607 Θεόδημον
975 2567 994 2595 s
1058 2551 1280 2608 Εὔδημον
1310 2568 1334 2596 1·
1375 2555 1380 2609 Ι
1426 2552 1566 2612 ἔστιν]
1607 2548 1665 2610 ἦν
1698 2568 1718 2596 s

134 2614 160 2653 5
191 2610 356 2667 λόγους
379 2625 399 2654 s
498 2616 523 2654 6
556 2617 637 2654 τοῦ
672 2624 747 2653 om
770 2610 836 2653 Pe
942 2614 965 2653 7
999 2613 1271 2668 φυγαδικῶν
1294 2611 1437 2656 ΜΒΟ
1486 2614 1691 2669 γαδικῶν
1714 2612 1802 2657 Ps:

268 2687 333 2714 ων
356 2669 679 2714 Boehneekius
698 2669 1023 2742 Forschunyen
1045 2685 1089 2727 p
1102 2675 1186 2714 227
1218 2688 1273 2715 τα
1306 2678 1413 2715 ειῶν
1436 2671 1657 2715 Morellus
1681 2674 1805 2715 recte

131 2677 335 2772 {ztfxxDem
371 2742 433 2773 or.
459 2733 501 2784 4,
528 2734 583 2771 22
674 2734 699 2772 8
732 2727 883 2783 κρόνω
914 2728 951 2771 Ρ
1046 2734 1100 2773 10
1135 2732 1370 2775 Θεσσαλου
1402 2732 1450 2773 et
1483 2735 1537 2773 14
1572 2728 1805 2775 Θέσσαλον

135 2785 381 2844 Sylburgio
414 2790 603 2832 auctore
634 2803 657 2830 r
684 2790 748 2844 Ιμ
751 2785 811 2831 ετ’
831 2802 854 2830 1·
974 2791 1029 2831 14
1060 2787 1252 2834 θεέλλον
1276 2790 1313 2832 Β
1342 2791 1348 2848 Ι
1377 2788 1598 2845 ἄρξαντες
1626 2789 1662 2833 O
1668 2790 1697 2864 Ι
1725 2791 1806 2845 δη-

135 2847 412 2902 μηγορικοὺς
442 2846 572 2891 libri:
614 2861 714 2891 corr
718 2804 1080 2891 “Herwerdenus
1211 2853 1264 2892 16
1304 2855 1486 2903 πρῶτον
1518 2846 1602 2904 μὲν
1635 2845 1688 2892 οὗ
1722 2883 1730 2891 .
1758 2883 1767 2891 .
1794 2883 1804 2892 .

137 2906 191 2947 18
222 2905 441 2960 δεύτερον
475 2941 483 2950 .
512 2942 520 2950 .
593 2910 646 2948 19
677 2903 832 2960 τρίτον
866 2920 886 2948 s
1008 2911 1062 2950 18
1093 2908 1225 2952 δοκεῖ
1253 2924 1331 2963 μοι
1361 2907 1392 2949 11
1511 2912 1565 2951 18
1592 2912 1646 2950 19
1679 2903 1804 2961 περί-

136 2962 295 3007 σταταί
325 2963 420 3007 ΜΟ
543 2942 599 3008 20
632 2963 800 3020 ἄνδρες
832 2978 907 3008 om
931 2964 1005 3021 BP
