2004 3202
779 115 1202 159 ΔΗΜΟΣΘΕΝΗΣ
1717 114 1825 167 249

155 251 531 321 λαμβάνεσθαι
570 253 786 318 λόγους,
826 252 1098 319 λεληθότα
1130 248 1368 318 ἐγκώμια
1399 248 1720 319 μεταφέρων
1751 251 1828 312 εἰς

153 341 248 402 τὰς
283 341 626 407 κατηγορίας,
666 340 847 407 ὥσπερ
886 341 1041 407 ἔφην.

263 429 328 480 τὰ
377 426 428 479 δ’
474 427 612 493 αὐτὰ
669 426 760 480 καὶ
808 426 933 497 περὶ
984 435 1078 495 τῆς
1126 425 1422 497 περιέργου
1472 425 1664 490 λέξεως
1715 428 1827 494 ἔχοι
1845 426 1916 478 56

152 537 235 580 τις
273 515 343 568 ἂν
387 517 562 568 εἰπεῖν
606 517 744 585 πρὸς
790 518 888 569 τὸν
926 518 1215 585 Αἰσχίνην,
1262 514 1450 583 ἐπειδὴ
1496 514 1586 568 καὶ
1626 515 1830 583 ταύτην

153 605 323 658 αὐτοῦ
361 604 606 673 χλευάζει
643 605 745 673 τὴν
783 605 994 674 ἀρετήν.
1050 603 1292 674 δεχέσθω
1333 603 1399 657 δέ
1433 624 1514 666 τις
1549 605 1650 671 τὴν
1678 622 1830 673 περι·
1877 621 1897 653 5

152 696 343 763 εργίαν
379 702 492 746 τῶν
522 693 808 762 ὀνομάτων
839 691 934 746 ὑπ’
967 690 1539 765 αὐτοῦξ<λεγομένην>
1570 691 1831 760 λέγεσθαι

151 780 279 835 νυνὶ
316 782 576 851 περιττὴν
615 780 877 850 ἐργασίαν
907 780 996 834 καὶ
1030 780 1431 851 ἐξηλλαγμένην
1461 791 1572 834 τῶν
1605 779 1666 833 ἐν
1695 782 1831 833 ἔθει.

152 869 219 922 οὐ
267 871 371 939 γὰρ
420 871 488 938 δή
538 890 600 938 γε
647 872 695 923 εἰ
742 870 770 923 ὁ
811 869 939 923 καθ’
985 870 1124 939 ἡμᾶς
1168 873 1290 938 βίος
1333 871 1509 923 πολλὰ
1555 868 1645 922 καὶ
1693 870 1832 922 ἄλλα

152 960 266 1029 εἰκῇ
315 957 492 1021 τιθεὶς
539 957 625 1011 ἐπὶ
671 967 787 1021 τοῖς
833 960 1148 1028 πράγμασιν
1195 959 1436 1028 ὀνόματα
1486 957 1576 1011 καὶ
1627 957 1832 1025 ταύτην

152 1045 468 1115 ἀδιαφόρως
505 1051 694 1100 κυκλεῖ
723 1048 825 1115 τὴν
856 1046 1004 1111 λέξιν
1036 1046 1123 1099 ἐπὶ
1155 1055 1249 1115 τῆς
1278 1046 1831 1117 πολυπραγμοσύνης,
1856 1066 1899 1097 10

153 1134 295 1188 οὕτω
334 1134 424 1187 καὶ
463 1137 592 1197 τοὺς
631 1135 893 1205 ἀρχαίους
932 1137 1075 1198 εἰκὸς
1107 1135 1242 1206 αὐτῇ
1275 1141 1591 1205 κεχρῆσθαι.
1645 1136 1693 1188 εἰ
1731 1131 1832 1203 μὲν

152 1219 255 1276 οὖν
293 1224 392 1291 τὴν
431 1223 687 1293 ἀκαιρίαν
725 1223 757 1292 ἢ
798 1226 894 1276 τὸν
924 1226 1272 1294 πλεονασμὸν
1302 1232 1397 1292 τῆς
1436 1222 1832 1292 ἐξηλλαγμένης

153 1309 438 1381 ἑρμηνείας
492 1313 774 1382 διασύρων
826 1311 916 1365 καὶ
971 1321 1141 1365 ταῦτα
1188 1318 1419 1382 εἴρηκεν,
1466 1314 1539 1375 ὡς
1580 1319 1679 1365 τοῦ
1717 1316 1831 1380 Λη-

151 1399 463 1469 μοσθένους
511 1400 637 1470 περὶ
684 1400 941 1470 ἑκάτερον
987 1401 1170 1454 αὐτῶν
1224 1401 1654 1471 ἁμαρτάνοντος,
1700 1401 1832 1463 ψεύ-

151 1490 302 1541 δεται
339 1499 670 1559 περιφανῶς.
724 1490 754 1543 ὁ
786 1491 890 1559 γὰρ
923 1489 1062 1560 ἀνὴρ
1096 1489 1157 1542 ἐν
1194 1487 1295 1559 μὲν
1325 1499 1442 1552 ταῖς
1474 1491 1833 1560 δημηγορίαις
1857 1511 1900 1543 15

151 1576 240 1630 καὶ
295 1587 410 1640 τοῖς
463 1580 748 1647 δημοσίοις
801 1578 974 1646 ἀγῶσι
1034 1579 1172 1648 πρὸς
1226 1580 1285 1631 τὸ
1341 1578 1575 1647 μέγεθος
1626 1577 1716 1631 καὶ
1770 1579 1830 1630 τὸ

67 1680 180 1719 1125
205 1665 412 1735 ἀξίωμα
444 1676 555 1720 τῶν
585 1666 909 1720 ὑποθέσεων
943 1667 950 1735 Ι
985 1666 1312 1736 ἀποβλέπων
1342 1667 1596 1737 κέχρηται
1627 1675 1691 1737 τῇ
1723 1687 1833 1719 τοι-

153 1755 290 1824 αύτῃ
329 1764 628 1826 κατασκευῇ
660 1757 941 1823 πολλάκις,
974 1755 1034 1808 ἐν
1065 1752 1126 1809 δὲ
1156 1765 1271 1818 τοῖς
1304 1757 1600 1818 ἰδιωτικοῖς
1630 1757 1833 1823 λόγοις,

154 1843 252 1905 οὓς
288 1842 414 1912 περὶ
452 1854 662 1913 μικρῶν
708 1847 1060 1913 συμβολαίων
1108 1846 1351 1907 ἰδιώταις
1389 1844 1708 1914 ἀνθρώποις
1747 1844 1833 1912 γέ-

154 1951 356 2000 γραφε,
396 1932 496 1998 τὴν
533 1933 726 1999 κοινὴν
763 1931 853 1984 καὶ
893 1935 1110 2001 συνήθη
1150 1932 1299 1997 λέξιν
1338 1932 1660 2002 ἐπιτηδεύει,
1699 1948 1831 1986 σπα-
1856 1954 1899 1985 20

155 2024 286 2083 νίως
325 2019 391 2072 δέ
423 2038 554 2072 ποτε
592 2020 693 2088 τὴν
729 2021 988 2089 περιττὴν
1023 2019 1115 2073 καὶ
1155 2018 1284 2074 οὐδὲ
1323 2022 1528 2089 ταύτην
1559 2021 1642 2074 ἐπ’
1674 2022 1833 2074 αὐτο-

154 2111 349 2180 φώρῳ,
398 2107 518 2162 ἀλλ’
566 2109 702 2162 ὥστε
748 2113 959 2162 λαθεῖν.
1036 2110 1084 2162 εῐ
1130 2106 1191 2161 δὲ
1237 2109 1525 2162 κάνταῦθα
1571 2117 1646 2180 τῷ
1685 2109 1832 2177 γένει

155 2205 248 2266 τῆς
298 2197 592 2264 ἐξαλλαγῆς
639 2197 747 2268 ὅλῳ
794 2202 1049 2266 πολεμῶν
1095 2195 1245 2250 ταῦτ’
1294 2202 1509 2266 εἴρηκεν
1550 2199 1832 2266 Αἰσχίνης,

155 2287 361 2339 ἄτοπόν
399 2306 450 2337 τι
488 2293 634 2338 ποιεῖ
670 2293 916 2354 πρᾶγμα,
955 2286 1160 2353 ταύτην
1198 2286 1479 2354 διασύρων
1516 2287 1616 2353 τὴν
1655 2287 1832 2339 δεινό-

155 2394 313 2441 τητα,
367 2369 431 2441 ἧς
483 2376 738 2440 πλείστης
790 2380 866 2444 τῷ
920 2373 1109 2442 ῥήτορι
1160 2374 1257 2426 δεῖ.
1334 2375 1394 2426 τὸ
1449 2376 1553 2443 γὰρ
1600 2375 1671 2444 μὴ
1718 2384 1832 2437 τοῖς
1857 2392 1898 2425 25

155 2466 380 2524 πολλοῖς
435 2461 634 2531 ὁμοίως
689 2460 941 2530 ἐκφέρειν
1000 2463 1095 2523 τὰς
1155 2463 1392 2530 νοήσεις,
1455 2461 1575 2515 ἀλλ’
1630 2462 1715 2515 ἐπὶ
1770 2464 1830 2515 τὸ

274 2626 302 2664 4
317 2638 385 2672 τις
400 2638 467 2672 τις
483 2621 519 2664 Β
549 2623 554 2678 Ι
582 2621 662 2664 καὶ
678 2635 753 2664 om
770 2620 807 2663 B
877 2627 902 2664 5
919 2620 1127 2678 χνευάζει
1144 2621 1180 2664 Ρ
1249 2625 1275 2664 6
1295 2620 1571 2695 λεγομένην
1559 2620 1831 2678 111881Ἧί,λε’-

158 2683 327 2735 γεσθαι
344 2679 463 2737 <τὴν
517 2679 697 2723 mauolt
713 2679 888 2723 Usener
965 2685 988 2723 7
1007 2680 1223 2736 περιττὴν
1242 2678 1400 2736 ἐργίαν
1417 2688 1507 2725 τῶν
1524 2682 1741 2737 περιττὴν
1759 2681 1831 2736 ἐρ-

158 2737 325 2794 γασίαν
341 2738 378 2781 Β
407 2740 412 2797 Ι
441 2739 462 2782 ἐ
489 2737 751 2795 ηλαγμένην
768 2738 806 2781 Β
884 2744 939 2781 14
963 2738 1318 2811 ἁμαρτάνοντας
1342 2753 1444 2783 corr
1466 2739 1516 2783 in
1539 2740 1831 2797 ἁμαρτάνον-

158 2813 234 2848 τος
264 2798 300 2841 Ρ
336 2800 341 2854 Ι
380 2798 593 2842 δεύδεται
623 2797 661 2840 Β
754 2802 808 2841 19
841 2798 1088 2853 ἀνθρώπω
1117 2799 1154 2842 Ρ
1182 2800 1188 2855 Ι
1223 2795 1446 2856 γέγραφε]
1489 2798 1661 2855 ἔγραφε
1692 2799 1831 2842 ΜΒΡ

163 2854 334 2922 ἔγραψε
360 2856 633 2930 Sylburgius
658 2872 687 2899 v
763 2862 819 2900 20
853 2856 1139 2913 ἐπιτηδεύειν
1162 2857 1200 2900 Β
1262 2861 1315 2900 21
1349 2857 1556 2914 αὐτοφόρ
1532 2875 1595 2917 ρῳ
1619 2858 1680 2913 M,
1713 2858 1748 2900 Ρ
1779 2859 1832 2899 ut

162 2913 359 2972 uidetur,
386 2913 626 2973 αὐτοφέρω
652 2918 699 2959 et
723 2915 771 2958 in
799 2930 878 2972 mg
902 2917 1157 2973 αὐτοφώρω
1173 2915 1210 2959 Β
1273 2920 1328 2960 25
1353 2916 1403 2960 τὸ
1429 2915 1535 2974 γὰρ]
1560 2924 1620 2961 τῶ
1645 2915 1730 2972 γὰρ
1750 2915 1831 2958 ΒΡ
