<?xml version="1.0" encoding="UTF-8"?>
<!DOCTYPE html PUBLIC "-//W3C//DTD XHTML 1.0 Transitional//EN"
    "http://www.w3.org/TR/xhtml1/DTD/xhtml1-transitional.dtd">
<html xmlns="http://www.w3.org/1999/xhtml" xml:lang="en" lang="en">
 <head>
  <title>
</title>
<meta http-equiv="Content-Type" content="text/html;charset=utf-8" />
  <meta name='ocr-system' content='tesseract 3.04.00' />
  <meta name='ocr-capabilities' content='ocr_page ocr_carea ocr_par ocr_line ocrx_word'/>
</head>
<body>
  <div class='ocr_page' id='page_1' title='image "./quaeexstant05dionuoft_0242.png"; bbox 0 0 2004 3202; ppageno 0'>
   <div class='ocr_carea' id='block_1_1' title="bbox 214 132 1463 185">
    <p class='ocr_par' dir='ltr' id='par_1_1' title="bbox 214 132 1463 185">
     <span class='ocr_line' id='line_1_1' title="bbox 214 132 1463 185; baseline -0.006 0"><span class='ocrx_word' id='word_1_1' title='bbox 214 132 317 185; x_wconf 82' lang='lat'><em>192</em></span> <span class='ocrx_word' id='word_1_2' title='bbox 623 134 964 178; x_wconf 71' lang='lat' dir='ltr'><strong>MONTmoT</strong></span> <span class='ocrx_word' id='word_1_3' title='bbox 994 134 1463 178; x_wconf 74' lang='grc' dir='ltr'><strong>ΑΛΙΚΑΡΝΑΣΕΩΣ</strong></span> 
     </span>
    </p>
   </div>
   <div class='ocr_carea' id='block_1_2' title="bbox 120 266 1887 2376">
    <p class='ocr_par' dir='ltr' id='par_1_2' title="bbox 120 266 1887 2376">
     <span class='ocr_line' id='line_1_2' title="bbox 206 266 1885 340; baseline 0.001 -19"><span class='ocrx_word' id='word_1_4' title='bbox 206 267 553 322; x_wconf 81' lang='grc' dir='ltr'><em>παντάπασιν</em></span> <span class='ocrx_word' id='word_1_5' title='bbox 591 267 772 340; x_wconf 88' lang='grc' dir='ltr'><em>ε’χρῆν,</em></span> <span class='ocrx_word' id='word_1_6' title='bbox 818 270 879 322; x_wconf 92' lang='grc' dir='ltr'><em>τὸ</em></span> <span class='ocrx_word' id='word_1_7' title='bbox 921 266 981 321; x_wconf 75' lang='grc' dir='ltr'><em>δὲ</em></span> <span class='ocrx_word' id='word_1_8' title='bbox 1020 269 1221 337; x_wconf 60' lang='grc' dir='ltr'><em>ςνεῖμαι</em></span> <span class='ocrx_word' id='word_1_9' title='bbox 1266 277 1366 322; x_wconf 84' lang='grc' dir='ltr'><em>τοῦ</em></span> <span class='ocrx_word' id='word_1_10' title='bbox 1411 269 1651 340; x_wconf 84' lang='grc' dir='ltr'><em>καρποῦ’</em></span> <span class='ocrx_word' id='word_1_11' title='bbox 1693 272 1885 339; x_wconf 80' lang='grc' dir='ltr'><em>σεμνο-</em></span> 
     </span>
     <span class='ocr_line' id='line_1_3' title="bbox 207 355 1885 428; baseline 0.001 -18"><span class='ocrx_word' id='word_1_12' title='bbox 207 355 344 428; x_wconf 78' lang='grc' dir='ltr'><em>τέρςο</em></span> <span class='ocrx_word' id='word_1_13' title='bbox 369 357 595 426; x_wconf 89' lang='grc' dir='ltr'><em>ὀνόματι</em></span> <span class='ocrx_word' id='word_1_14' title='bbox 619 358 827 427; x_wconf 82' lang='grc' dir='ltr'><em>δωρεᾶς</em></span> <span class='ocrx_word' id='word_1_15' title='bbox 850 355 883 425; x_wconf 77' lang='grc' dir='ltr'>ἢ</span> <span class='ocrx_word' id='word_1_16' title='bbox 907 357 1127 427; x_wconf 87' lang='grc' dir='ltr'><em>χάριτος</em></span> <span class='ocrx_word' id='word_1_17' title='bbox 1150 356 1184 425; x_wconf 74' lang='grc' dir='ltr'><em>ἢ</em></span> <span class='ocrx_word' id='word_1_18' title='bbox 1210 358 1382 410; x_wconf 79' lang='grc' dir='ltr'><em>ἄλλου</em></span> <span class='ocrx_word' id='word_1_19' title='bbox 1405 359 1554 420; x_wconf 89' lang='grc' dir='ltr'><em>τινὸς</em></span> <span class='ocrx_word' id='word_1_20' title='bbox 1578 366 1688 411; x_wconf 90' lang='grc' dir='ltr'><em>τῶν</em></span> <span class='ocrx_word' id='word_1_21' title='bbox 1704 358 1885 411; x_wconf 85' lang='grc' dir='ltr'><em>τοιού-</em></span> 
     </span>
     <span class='ocr_line' id='line_1_4' title="bbox 207 442 1885 517; baseline 0.001 -19"><span class='ocrx_word' id='word_1_22' title='bbox 207 466 319 498; x_wconf 87' lang='grc' dir='ltr'><em>των</em></span> <span class='ocrx_word' id='word_1_23' title='bbox 348 449 687 516; x_wconf 86' lang='grc' dir='ltr'><em>περιλαβεῖν;</em></span> <span class='ocrx_word' id='word_1_24' title='bbox 728 445 797 498; x_wconf 84' lang='grc' dir='ltr'><em>ἐῶ</em></span> <span class='ocrx_word' id='word_1_25' title='bbox 829 453 1013 497; x_wconf 87' lang='grc' dir='ltr'><em>ταῦτα.</em></span> <span class='ocrx_word' id='word_1_26' title='bbox 1059 445 1160 513; x_wconf 86' lang='grc' dir='ltr'><em>τὴν</em></span> <span class='ocrx_word' id='word_1_27' title='bbox 1192 442 1253 498; x_wconf 75' lang='grc' dir='ltr'><em>δὲ</em></span> <span class='ocrx_word' id='word_1_28' title='bbox 1283 452 1378 514; x_wconf 89' lang='grc' dir='ltr'><em>τῆς</em></span> <span class='ocrx_word' id='word_1_29' title='bbox 1401 445 1641 515; x_wconf 84' lang='grc' dir='ltr'><em>Ἀθηνᾶς</em></span> <span class='ocrx_word' id='word_1_30' title='bbox 1672 447 1885 517; x_wconf 80' lang='grc' dir='ltr'><em>δωρεὰν</em></span> 
     </span>
     <span class='ocr_line' id='line_1_5' title="bbox 210 530 1886 605; baseline 0.001 -18"><span class='ocrx_word' id='word_1_31' title='bbox 210 535 382 597; x_wconf 83' lang='grc' dir='ltr'><em>οὕτως</em></span> <span class='ocrx_word' id='word_1_32' title='bbox 418 540 655 605; x_wconf 75' lang='grc' dir='ltr'><em>εἴρηκεν·</em></span> <span class='ocrx_word' id='word_1_33' title='bbox 695 534 873 586; x_wconf 61' lang='lat' dir='ltr'><em>‘Mada</em></span> <span class='ocrx_word' id='word_1_34' title='bbox 906 530 967 586; x_wconf 75' lang='grc' dir='ltr'><em>δὲ</em></span> <span class='ocrx_word' id='word_1_35' title='bbox 998 541 1168 586; x_wconf 85' lang='grc' dir='ltr'><em>ταῦτα</em></span> <span class='ocrx_word' id='word_1_36' title='bbox 1199 533 1386 588; x_wconf 88' lang='grc' dir='ltr'><em>ε’λαιόυ</em></span> <span class='ocrx_word' id='word_1_37' title='bbox 1423 533 1659 603; x_wconf 89' lang='grc' dir='ltr'><em>γένεσιν,</em></span> <span class='ocrx_word' id='word_1_38' title='bbox 1697 537 1886 588; x_wconf 89' lang='grc' dir='ltr'><em>πόνων</em></span> 
     </span>
     <span class='ocr_line' id='line_1_6' title="bbox 164 621 1886 693; baseline 0.003 -22"><span class='ocrx_word' id='word_1_39' title='bbox 164 638 185 671; x_wconf 83' lang='grc'>5</span> <span class='ocrx_word' id='word_1_40' title='bbox 209 623 447 693; x_wconf 85' lang='grc' dir='ltr'><em>ἀρωγήν,</em></span> <span class='ocrx_word' id='word_1_41' title='bbox 493 623 658 691; x_wconf 82' lang='grc' dir='ltr'><em>ἀνῆκε</em></span> <span class='ocrx_word' id='word_1_42' title='bbox 695 631 810 684; x_wconf 89' lang='grc' dir='ltr'><em>τοῖς</em></span> <span class='ocrx_word' id='word_1_43' title='bbox 848 621 1129 690; x_wconf 72' lang='grc' dir='ltr'><em>ἐκγόνοιςῖ</em></span> <span class='ocrx_word' id='word_1_44' title='bbox 1197 623 1554 693; x_wconf 76' lang='grc' dir='ltr'><em>περιφράσεις</em></span> <span class='ocrx_word' id='word_1_45' title='bbox 1595 625 1763 677; x_wconf 90' lang='grc' dir='ltr'><em>πάλιν</em></span> <span class='ocrx_word' id='word_1_46' title='bbox 1801 623 1886 676; x_wconf 85' lang='grc' dir='ltr'><em>ἐν-</em></span> 
     </span>
     <span class='ocr_line' id='line_1_7' title="bbox 208 709 1886 781; baseline 0.001 -17"><span class='ocrx_word' id='word_1_47' title='bbox 208 718 390 765; x_wconf 85' lang='grc' dir='ltr'><em>ταῦθα</em></span> <span class='ocrx_word' id='word_1_48' title='bbox 435 710 524 764; x_wconf 82' lang='grc' dir='ltr'><em>καὶ</em></span> <span class='ocrx_word' id='word_1_49' title='bbox 572 711 925 781; x_wconf 92' lang='grc' dir='ltr'><em>διθύραμβοι.</em></span> <span class='ocrx_word' id='word_1_50' title='bbox 993 709 1084 763; x_wconf 83' lang='grc' dir='ltr'><em>καὶ</em></span> <span class='ocrx_word' id='word_1_51' title='bbox 1130 713 1189 763; x_wconf 91' lang='grc' dir='ltr'><em>τί</em></span> <span class='ocrx_word' id='word_1_52' title='bbox 1230 712 1315 764; x_wconf 87' lang='grc' dir='ltr'><em>δεῖ</em></span> <span class='ocrx_word' id='word_1_53' title='bbox 1359 712 1425 764; x_wconf 80' lang='grc' dir='ltr'><em>τὰ</em></span> <span class='ocrx_word' id='word_1_54' title='bbox 1473 714 1641 764; x_wconf 84' lang='grc' dir='ltr'><em>πλείω</em></span> <span class='ocrx_word' id='word_1_55' title='bbox 1681 710 1886 780; x_wconf 89' lang='grc' dir='ltr'><em>λέγειν;</em></span> 
     </span>
     <span class='ocr_line' id='line_1_8' title="bbox 211 798 1887 870; baseline 0.001 -17"><span class='ocrx_word' id='word_1_56' title='bbox 211 799 279 852; x_wconf 87' lang='grc' dir='ltr'><em>δι’</em></span> <span class='ocrx_word' id='word_1_57' title='bbox 306 801 438 853; x_wconf 84' lang='grc' dir='ltr'><em>ὅλου</em></span> <span class='ocrx_word' id='word_1_58' title='bbox 484 801 587 868; x_wconf 76' lang='grc' dir='ltr'><em>γὰρ</em></span> <span class='ocrx_word' id='word_1_59' title='bbox 632 800 701 851; x_wconf 78' lang='grc' dir='ltr'><em>ἄν</em></span> <span class='ocrx_word' id='word_1_60' title='bbox 739 818 821 861; x_wconf 89' lang='grc' dir='ltr'><em>τις</em></span> <span class='ocrx_word' id='word_1_61' title='bbox 867 798 1020 869; x_wconf 82' lang='grc' dir='ltr'><em>εὕροι</em></span> <span class='ocrx_word' id='word_1_62' title='bbox 1058 807 1158 852; x_wconf 83' lang='grc' dir='ltr'><em>τοῦ</em></span> <span class='ocrx_word' id='word_1_63' title='bbox 1197 802 1368 867; x_wconf 83' lang='grc' dir='ltr'><em>λόγου</em></span> <span class='ocrx_word' id='word_1_64' title='bbox 1413 803 1782 870; x_wconf 79' lang='grc' dir='ltr'><em>πορευόμενος</em></span> <span class='ocrx_word' id='word_1_65' title='bbox 1821 802 1887 854; x_wconf 77' lang='grc' dir='ltr'><em>τὰ</em></span> 
     </span>
     <span class='ocr_line' id='line_1_9' title="bbox 210 884 1886 959; baseline 0.001 -19"><span class='ocrx_word' id='word_1_66' title='bbox 210 886 310 957; x_wconf 76' lang='grc' dir='ltr'><em>μὲν</em></span> <span class='ocrx_word' id='word_1_67' title='bbox 346 888 445 940; x_wconf 84' lang='grc' dir='ltr'><em>οὐκ</em></span> <span class='ocrx_word' id='word_1_68' title='bbox 484 887 721 958; x_wconf 79' lang='grc' dir='ltr'><em>ἀκριβῶς</em></span> <span class='ocrx_word' id='word_1_69' title='bbox 761 884 891 940; x_wconf 75' lang='grc' dir='ltr'><em>οὐδὲ</em></span> <span class='ocrx_word' id='word_1_70' title='bbox 930 892 1136 950; x_wconf 82' lang='grc' dir='ltr'><em>λεπτῶς</em></span> <span class='ocrx_word' id='word_1_71' title='bbox 1175 887 1458 958; x_wconf 86' lang='grc' dir='ltr'><em>εἰρημένα,</em></span> <span class='ocrx_word' id='word_1_72' title='bbox 1496 890 1562 942; x_wconf 82' lang='grc' dir='ltr'><em>τὰ</em></span> <span class='ocrx_word' id='word_1_73' title='bbox 1602 886 1663 942; x_wconf 75' lang='grc' dir='ltr'><em>δὲ</em></span> <span class='ocrx_word' id='word_1_74' title='bbox 1701 909 1886 959; x_wconf 88' lang='grc' dir='ltr'><em>μειρα-</em></span> 
     </span>
     <span class='ocr_line' id='line_1_10' title="bbox 208 973 1885 1046; baseline 0.001 -17"><span class='ocrx_word' id='word_1_75' title='bbox 208 979 419 1038; x_wconf 81' lang='grc' dir='ltr'><em>κιωδῶς</em></span> <span class='ocrx_word' id='word_1_76' title='bbox 478 975 568 1028; x_wconf 84' lang='grc' dir='ltr'><em>καὶ</em></span> <span class='ocrx_word' id='word_1_77' title='bbox 629 985 875 1046; x_wconf 79' lang='grc' dir='ltr'><em>ψυχρῶς,</em></span> <span class='ocrx_word' id='word_1_78' title='bbox 936 977 1002 1029; x_wconf 85' lang='grc' dir='ltr'><em>τά</em></span> <span class='ocrx_word' id='word_1_79' title='bbox 1057 973 1118 1029; x_wconf 73' lang='grc' dir='ltr'><em>δὲ</em></span> <span class='ocrx_word' id='word_1_80' title='bbox 1172 976 1273 1029; x_wconf 85' lang='grc' dir='ltr'><em>οὐκ</em></span> <span class='ocrx_word' id='word_1_81' title='bbox 1333 979 1528 1046; x_wconf 83' lang='grc' dir='ltr'><em>ἔχοντα</em></span> <span class='ocrx_word' id='word_1_82' title='bbox 1583 979 1743 1046; x_wconf 85' lang='grc' dir='ltr'><em>ἰσχὺν</em></span> <span class='ocrx_word' id='word_1_83' title='bbox 1795 976 1885 1030; x_wconf 82' lang='grc' dir='ltr'><em>καὶ</em></span> 
     </span>
     <span class='ocr_line' id='line_1_11' title="bbox 145 1061 1886 1136; baseline 0.003 -23"><span class='ocrx_word' id='word_1_84' title='bbox 145 1083 187 1114; x_wconf 90' lang='lat'><em>10</em></span> <span class='ocrx_word' id='word_1_85' title='bbox 207 1068 390 1133; x_wconf 88' lang='grc' dir='ltr'><em>τόνον,</em></span> <span class='ocrx_word' id='word_1_86' title='bbox 429 1066 494 1117; x_wconf 83' lang='grc' dir='ltr'><em>τὰ</em></span> <span class='ocrx_word' id='word_1_87' title='bbox 535 1061 595 1117; x_wconf 75' lang='grc' dir='ltr'><em>δὲ</em></span> <span class='ocrx_word' id='word_1_88' title='bbox 633 1064 837 1132; x_wconf 80' lang='grc' dir='ltr'><em>ἡδονῆς</em></span> <span class='ocrx_word' id='word_1_89' title='bbox 876 1064 1036 1118; x_wconf 80' lang='grc' dir='ltr'><em>ἐνδεᾶ</em></span> <span class='ocrx_word' id='word_1_90' title='bbox 1080 1063 1171 1117; x_wconf 82' lang='grc' dir='ltr'><em>καὶ</em></span> <span class='ocrx_word' id='word_1_91' title='bbox 1218 1068 1473 1136; x_wconf 83' lang='grc' dir='ltr'><em>χαρίτων,</em></span> <span class='ocrx_word' id='word_1_92' title='bbox 1519 1067 1586 1118; x_wconf 80' lang='grc' dir='ltr'><em>τὰ</em></span> <span class='ocrx_word' id='word_1_93' title='bbox 1625 1063 1686 1119; x_wconf 73' lang='grc' dir='ltr'><em>δὲ</em></span> <span class='ocrx_word' id='word_1_94' title='bbox 1724 1067 1886 1119; x_wconf 90' lang='grc' dir='ltr'><em>διθυ-</em></span> 
     </span>
     <span class='ocr_line' id='line_1_12' title="bbox 210 1142 1886 1224; baseline 0 -18"><span class='ocrx_word' id='word_1_95' title='bbox 210 1155 468 1223; x_wconf 86' lang='grc' dir='ltr'><em>ραμβώδη</em></span> <span class='ocrx_word' id='word_1_96' title='bbox 514 1152 605 1205; x_wconf 86' lang='grc' dir='ltr'><em>καὶ</em></span> <span class='ocrx_word' id='word_1_97' title='bbox 653 1154 900 1224; x_wconf 82' lang='grc' dir='ltr'><em>φορτικά.</em></span> <span class='ocrx_word' id='word_1_98' title='bbox 977 1153 1081 1221; x_wconf 87' lang='grc' dir='ltr'><em>ε’γὼ</em></span> <span class='ocrx_word' id='word_1_99' title='bbox 1127 1152 1174 1206; x_wconf 85' lang='grc' dir='ltr'><em>δ’</em></span> <span class='ocrx_word' id='word_1_100' title='bbox 1205 1142 1400 1221; x_wconf 77' lang='grc' dir='ltr'><em>ἠξίουν</em></span> <span class='ocrx_word' id='word_1_101' title='bbox 1435 1155 1614 1208; x_wconf 89' lang='grc' dir='ltr'><em>πάντα</em></span> <span class='ocrx_word' id='word_1_102' title='bbox 1659 1162 1886 1222; x_wconf 88' lang='grc' dir='ltr'><em>γενναῖα</em></span> 
     </span>
     <span class='ocr_line' id='line_1_13' title="bbox 208 1239 1887 1313; baseline 0.001 -19"><span class='ocrx_word' id='word_1_103' title='bbox 208 1239 350 1295; x_wconf 84' lang='grc' dir='ltr'><em>εἶναι</em></span> <span class='ocrx_word' id='word_1_104' title='bbox 394 1241 484 1295; x_wconf 83' lang='grc' dir='ltr'><em>καὶ</em></span> <span class='ocrx_word' id='word_1_105' title='bbox 532 1243 776 1310; x_wconf 80' lang='grc' dir='ltr'><em>σπουδῆς</em></span> <span class='ocrx_word' id='word_1_106' title='bbox 822 1241 958 1306; x_wconf 76' lang='grc' dir='ltr'><em>ἄξια.</em></span> <span class='ocrx_word' id='word_1_107' title='bbox 1035 1244 1274 1296; x_wconf 89' lang='grc' dir='ltr'><em>Πλάτων</em></span> <span class='ocrx_word' id='word_1_108' title='bbox 1312 1244 1416 1313; x_wconf 93' lang='grc' dir='ltr'><em>γάρ</em></span> <span class='ocrx_word' id='word_1_109' title='bbox 1457 1243 1607 1296; x_wconf 81' lang='grc' dir='ltr'><em>ἐστιν</em></span> <span class='ocrx_word' id='word_1_110' title='bbox 1646 1243 1674 1296; x_wconf 89' lang='grc' dir='ltr'>ὁ</span> <span class='ocrx_word' id='word_1_111' title='bbox 1718 1251 1887 1296; x_wconf 85' lang='grc' dir='ltr'><em>ταῦτα</em></span> 
     </span>
     <span class='ocr_line' id='line_1_14' title="bbox 206 1330 1886 1402; baseline 0.001 -19"><span class='ocrx_word' id='word_1_112' title='bbox 206 1332 454 1401; x_wconf 84' lang='grc' dir='ltr'><em>γράφων,</em></span> <span class='ocrx_word' id='word_1_113' title='bbox 494 1330 554 1393; x_wconf 88' lang='grc' dir='ltr'><em>ὃς</em></span> <span class='ocrx_word' id='word_1_114' title='bbox 593 1333 641 1383; x_wconf 87' lang='grc' dir='ltr'><em>εἰ</em></span> <span class='ocrx_word' id='word_1_115' title='bbox 679 1331 750 1400; x_wconf 87' lang='grc' dir='ltr'><em>μὴ</em></span> <span class='ocrx_word' id='word_1_116' title='bbox 790 1330 880 1383; x_wconf 82' lang='grc' dir='ltr'><em>καὶ</em></span> <span class='ocrx_word' id='word_1_117' title='bbox 918 1332 984 1384; x_wconf 82' lang='grc' dir='ltr'><em>τὰ</em></span> <span class='ocrx_word' id='word_1_118' title='bbox 1021 1340 1260 1402; x_wconf 88' lang='grc' dir='ltr'><em>πρωτεῖα</em></span> <span class='ocrx_word' id='word_1_119' title='bbox 1299 1337 1506 1385; x_wconf 79' lang='grc' dir='ltr'><em>οἴσεται</em></span> <span class='ocrx_word' id='word_1_120' title='bbox 1543 1338 1637 1400; x_wconf 90' lang='grc' dir='ltr'><em>τῆς</em></span> <span class='ocrx_word' id='word_1_121' title='bbox 1679 1331 1886 1399; x_wconf 82' lang='grc' dir='ltr'><em>λέξεως,</em></span> 
     </span>
     <span class='ocr_line' id='line_1_15' title="bbox 204 1419 1886 1490; baseline 0.001 -18"><span class='ocrx_word' id='word_1_122' title='bbox 204 1419 336 1490; x_wconf 91' lang='grc' dir='ltr'><em>περί</em></span> <span class='ocrx_word' id='word_1_123' title='bbox 384 1440 445 1487; x_wconf 90' lang='grc' dir='ltr'><em>γε</em></span> <span class='ocrx_word' id='word_1_124' title='bbox 495 1429 606 1472; x_wconf 93' lang='grc' dir='ltr'><em>τῶν</em></span> <span class='ocrx_word' id='word_1_125' title='bbox 653 1420 977 1489; x_wconf 88' lang='grc' dir='ltr'><em>δευτερείων</em></span> <span class='ocrx_word' id='word_1_126' title='bbox 1028 1421 1208 1472; x_wconf 87' lang='grc' dir='ltr'><em>πολὺν</em></span> <span class='ocrx_word' id='word_1_127' title='bbox 1262 1419 1448 1487; x_wconf 91' lang='grc' dir='ltr'><em>ἀγῶνα</em></span> <span class='ocrx_word' id='word_1_128' title='bbox 1499 1419 1718 1490; x_wconf 80' lang='grc' dir='ltr'><em>παρέξει</em></span> <span class='ocrx_word' id='word_1_129' title='bbox 1771 1429 1886 1483; x_wconf 89' lang='grc' dir='ltr'><em>τοῖς</em></span> 
     </span>
     <span class='ocr_line' id='line_1_16' title="bbox 140 1506 1707 1580; baseline -0.001 -19"><span class='ocrx_word' id='word_1_130' title='bbox 140 1523 180 1554; x_wconf 80' lang='grc'><em>15</em></span> <span class='ocrx_word' id='word_1_131' title='bbox 205 1507 732 1578; x_wconf 82' lang='grc' dir='ltr'><em>διαμιλλησομένοις.</em></span> <span class='ocrx_word' id='word_1_132' title='bbox 809 1507 947 1560; x_wconf 93' lang='grc' dir='ltr'><em>ἀλλα</em></span> <span class='ocrx_word' id='word_1_133' title='bbox 984 1506 1111 1578; x_wconf 86' lang='grc' dir='ltr'><em>περὶ</em></span> <span class='ocrx_word' id='word_1_134' title='bbox 1150 1529 1251 1577; x_wconf 91' lang='grc' dir='ltr'><em>μεν</em></span> <span class='ocrx_word' id='word_1_135' title='bbox 1289 1509 1501 1560; x_wconf 92' lang='grc' dir='ltr'><em>τούτων</em></span> <span class='ocrx_word' id='word_1_136' title='bbox 1538 1509 1673 1570; x_wconf 79' lang='grc' dir='ltr'><em>ἅλις.</em></span> <span class='ocrx_word' id='word_1_137' title='bbox 1702 1506 1707 1580; x_wconf 67' lang='grc' dir='ltr'>Ι</span> 
     </span>
     <span class='ocr_line' id='line_1_17' title="bbox 120 1599 148 1626; baseline 0 0"><span class='ocrx_word' id='word_1_138' title='bbox 120 1599 148 1626; x_wconf 78' lang='grc'>9</span> 
     </span>
     <span class='ocr_line' id='line_1_18' title="bbox 206 1684 1885 1756; baseline -0.001 -17"><span class='ocrx_word' id='word_1_139' title='bbox 206 1706 350 1748; x_wconf 87' lang='grc' dir='ltr'><em>τινες</em></span> <span class='ocrx_word' id='word_1_140' title='bbox 382 1685 470 1739; x_wconf 85' lang='grc' dir='ltr'><em>ἐπὶ</em></span> <span class='ocrx_word' id='word_1_141' title='bbox 509 1694 573 1756; x_wconf 91' lang='grc' dir='ltr'><em>τῆ</em></span> <span class='ocrx_word' id='word_1_142' title='bbox 609 1690 829 1756; x_wconf 91' lang='grc' dir='ltr'><em>τελευτῆ</em></span> <span class='ocrx_word' id='word_1_143' title='bbox 862 1693 960 1738; x_wconf 88' lang='grc' dir='ltr'><em>τοῦ</em></span> <span class='ocrx_word' id='word_1_144' title='bbox 993 1687 1180 1753; x_wconf 81' lang='grc' dir='ltr'><em>λόγου,</em></span> <span class='ocrx_word' id='word_1_145' title='bbox 1218 1684 1366 1752; x_wconf 84' lang='grc' dir='ltr'><em>κάγὼ</em></span> <span class='ocrx_word' id='word_1_146' title='bbox 1407 1686 1676 1754; x_wconf 83' lang='grc' dir='ltr'><em>σύμφημι,</em></span> <span class='ocrx_word' id='word_1_147' title='bbox 1715 1692 1885 1737; x_wconf 90' lang='grc' dir='ltr'><em>ταῦτα</em></span> 
     </span>
     <span class='ocr_line' id='line_1_19' title="bbox 206 1772 1886 1843; baseline -0.001 -17"><span class='ocrx_word' id='word_1_148' title='bbox 206 1772 476 1843; x_wconf 78' lang='grc' dir='ltr'><em>παραθεὶς</em></span> <span class='ocrx_word' id='word_1_149' title='bbox 530 1772 618 1826; x_wconf 84' lang='grc' dir='ltr'><em>ἐπὶ</em></span> <span class='ocrx_word' id='word_1_150' title='bbox 672 1775 770 1827; x_wconf 92' lang='grc' dir='ltr'><em>τὸν</em></span> <span class='ocrx_word' id='word_1_151' title='bbox 815 1773 1190 1843; x_wconf 81' lang='grc' dir='ltr'><em>Δημοσθένην</em></span> <span class='ocrx_word' id='word_1_152' title='bbox 1235 1773 1515 1843; x_wconf 82' lang='grc' dir='ltr'><em>τρέψομαι.</em></span> <span class='ocrx_word' id='word_1_153' title='bbox 1593 1773 1621 1826; x_wconf 91' lang='grc' dir='ltr'>ὁ</span> <span class='ocrx_word' id='word_1_154' title='bbox 1669 1773 1737 1841; x_wconf 87' lang='grc' dir='ltr'><em>δὴ</em></span> <span class='ocrx_word' id='word_1_155' title='bbox 1787 1774 1886 1826; x_wconf 90' lang='grc' dir='ltr'><em>τὸν</em></span> 
     </span>
     <span class='ocr_line' id='line_1_20' title="bbox 207 1854 1885 1932; baseline 0 -18"><span class='ocrx_word' id='word_1_156' title='bbox 207 1864 435 1915; x_wconf 81' lang='grc' dir='ltr'><em>ἔπαινον</em></span> <span class='ocrx_word' id='word_1_157' title='bbox 466 1862 648 1915; x_wconf 85' lang='grc' dir='ltr'><em>αὐτῶν</em></span> <span class='ocrx_word' id='word_1_158' title='bbox 681 1854 898 1927; x_wconf 80' lang='grc' dir='ltr'><em>διεξιὼν</em></span> <span class='ocrx_word' id='word_1_159' title='bbox 929 1861 1101 1932; x_wconf 85' lang='grc' dir='ltr'><em>φησὶν</em></span> <span class='ocrx_word' id='word_1_160' title='bbox 1132 1862 1424 1930; x_wconf 82' lang='grc' dir='ltr'><em>ἐπισκῆψαι</em></span> <span class='ocrx_word' id='word_1_161' title='bbox 1459 1871 1573 1924; x_wconf 89' lang='grc' dir='ltr'><em>τοῖς</em></span> <span class='ocrx_word' id='word_1_162' title='bbox 1610 1869 1885 1932; x_wconf 82' lang='grc' dir='ltr'><em>παροῦσιν</em></span> 
     </span>
     <span class='ocr_line' id='line_1_21' title="bbox 141 1950 1884 2023; baseline 0.001 -22"><span class='ocrx_word' id='word_1_163' title='bbox 141 1969 183 2000; x_wconf 85' lang='lat'><em>20</em></span> <span class='ocrx_word' id='word_1_164' title='bbox 207 1950 267 2003; x_wconf 85' lang='grc' dir='ltr'><em>ἐν</em></span> <span class='ocrx_word' id='word_1_165' title='bbox 305 1958 380 2022; x_wconf 77' lang='grc' dir='ltr'><em>τῷ</em></span> <span class='ocrx_word' id='word_1_166' title='bbox 425 1950 642 2023; x_wconf 81' lang='grc' dir='ltr'><em>πολέμῳ</em></span> <span class='ocrx_word' id='word_1_167' title='bbox 682 1953 810 2014; x_wconf 85' lang='grc' dir='ltr'><em>τοὺς</em></span> <span class='ocrx_word' id='word_1_168' title='bbox 856 1950 1153 2020; x_wconf 89' lang='grc' dir='ltr'><em>μέλλοντας</em></span> <span class='ocrx_word' id='word_1_169' title='bbox 1199 1955 1474 2019; x_wconf 85' lang='grc' dir='ltr'><em>τελευτᾶν,</em></span> <span class='ocrx_word' id='word_1_170' title='bbox 1522 1950 1555 2003; x_wconf 79' lang='grc' dir='ltr'>ἃ</span> <span class='ocrx_word' id='word_1_171' title='bbox 1599 1951 1701 2020; x_wconf 87' lang='grc' dir='ltr'><em>χρὴ</em></span> <span class='ocrx_word' id='word_1_172' title='bbox 1747 1951 1884 2021; x_wconf 87' lang='grc' dir='ltr'><em>πρὸς</em></span> 
     </span>
     <span class='ocr_line' id='line_1_22' title="bbox 206 2037 1884 2109; baseline 0 -17"><span class='ocrx_word' id='word_1_173' title='bbox 206 2042 335 2102; x_wconf 86' lang='grc' dir='ltr'><em>τοὺς</em></span> <span class='ocrx_word' id='word_1_174' title='bbox 367 2038 575 2092; x_wconf 86' lang='grc' dir='ltr'><em>ἑαυτῶν</em></span> <span class='ocrx_word' id='word_1_175' title='bbox 605 2041 804 2102; x_wconf 85' lang='grc' dir='ltr'><em>παῖδάς</em></span> <span class='ocrx_word' id='word_1_176' title='bbox 834 2060 891 2092; x_wconf 90' lang='grc' dir='ltr'><em>τε</em></span> <span class='ocrx_word' id='word_1_177' title='bbox 929 2037 1018 2092; x_wconf 80' lang='grc' dir='ltr'><em>καὶ</em></span> <span class='ocrx_word' id='word_1_178' title='bbox 1056 2038 1290 2109; x_wconf 91' lang='grc' dir='ltr'><em>πατέρας</em></span> <span class='ocrx_word' id='word_1_179' title='bbox 1325 2037 1706 2107; x_wconf 77' lang='grc' dir='ltr'><em>ἀπαγγέλλειν,</em></span> <span class='ocrx_word' id='word_1_180' title='bbox 1746 2043 1801 2092; x_wconf 76' lang='grc' dir='ltr'><em>εἴ</em></span> <span class='ocrx_word' id='word_1_181' title='bbox 1832 2058 1884 2091; x_wconf 90' lang='grc' dir='ltr'><em>τι</em></span> 
     </span>
     <span class='ocr_line' id='line_1_23' title="bbox 205 2124 1883 2197; baseline -0.001 -16"><span class='ocrx_word' id='word_1_182' title='bbox 205 2134 409 2182; x_wconf 89' lang='grc' dir='ltr'><em>παθεῖν</em></span> <span class='ocrx_word' id='word_1_183' title='bbox 441 2128 642 2190; x_wconf 85' lang='grc' dir='ltr'><em>αὐτοὺς</em></span> <span class='ocrx_word' id='word_1_184' title='bbox 674 2131 910 2197; x_wconf 88' lang='grc' dir='ltr'><em>συμβαίη</em></span> <span class='ocrx_word' id='word_1_185' title='bbox 942 2129 1077 2181; x_wconf 78' lang='grc' dir='ltr'><em>κατὰ</em></span> <span class='ocrx_word' id='word_1_186' title='bbox 1115 2129 1217 2196; x_wconf 84' lang='grc' dir='ltr'><em>τὴν</em></span> <span class='ocrx_word' id='word_1_187' title='bbox 1246 2128 1438 2197; x_wconf 90' lang='grc' dir='ltr'><em>μάχην.</em></span> <span class='ocrx_word' id='word_1_188' title='bbox 1492 2129 1606 2180; x_wconf 82' lang='grc' dir='ltr'><em>ἔστι</em></span> <span class='ocrx_word' id='word_1_189' title='bbox 1638 2124 1699 2180; x_wconf 73' lang='grc' dir='ltr'><em>δὲ</em></span> <span class='ocrx_word' id='word_1_190' title='bbox 1729 2128 1883 2180; x_wconf 79' lang='grc' dir='ltr'><em>τάδε’</em></span> 
     </span>
     <span class='ocr_line' id='line_1_24' title="bbox 207 2208 1883 2286; baseline -0.001 -16"><span class='ocrx_word' id='word_1_191' title='bbox 207 2218 430 2286; x_wconf 60' lang='grc' dir='ltr'><em>εΦράσω</em></span> <span class='ocrx_word' id='word_1_192' title='bbox 472 2214 531 2268; x_wconf 74' lang='grc' dir='ltr'><em>δὲ</em></span> <span class='ocrx_word' id='word_1_193' title='bbox 569 2216 719 2285; x_wconf 85' lang='grc' dir='ltr'><em>ὑμῖν,</em></span> <span class='ocrx_word' id='word_1_194' title='bbox 767 2218 801 2268; x_wconf 80' lang='grc' dir='ltr'>ἅ</span> <span class='ocrx_word' id='word_1_195' title='bbox 839 2237 895 2268; x_wconf 90' lang='grc' dir='ltr'><em>τε</em></span> <span class='ocrx_word' id='word_1_196' title='bbox 934 2218 1142 2285; x_wconf 79' lang='grc' dir='ltr'><em>ἤκουσα</em></span> <span class='ocrx_word' id='word_1_197' title='bbox 1181 2215 1364 2268; x_wconf 86' lang='grc' dir='ltr'><em>αὐτῶν</em></span> <span class='ocrx_word' id='word_1_198' title='bbox 1402 2215 1627 2268; x_wconf 83' lang='grc' dir='ltr'><em>ἐκείνων</em></span> <span class='ocrx_word' id='word_1_199' title='bbox 1663 2214 1754 2268; x_wconf 85' lang='grc' dir='ltr'><em>καὶ</em></span> <span class='ocrx_word' id='word_1_200' title='bbox 1794 2208 1883 2268; x_wconf 84' lang='grc' dir='ltr'><em>οἶα</em></span> 
     </span>
     <span class='ocr_line' id='line_1_25' title="bbox 325 2332 966 2376; baseline 0 -1"><span class='ocrx_word' id='word_1_201' title='bbox 325 2338 379 2376; x_wconf 77' lang='grc'><em>23</em></span> <span class='ocrx_word' id='word_1_202' title='bbox 412 2332 656 2376; x_wconf 82' lang='lat' dir='ltr'>Menexeni</span> <span class='ocrx_word' id='word_1_203' title='bbox 688 2336 966 2376; x_wconf 67' lang='grc'><em>2460-2488</em></span> 
     </span>
    </p>
   </div>
   <div class='ocr_carea' id='block_1_3' title="bbox 207 2432 1882 3020">
    <p class='ocr_par' dir='ltr' id='par_1_3' title="bbox 207 2432 1882 2858">
     <span class='ocr_line' id='line_1_26' title="bbox 326 2432 1881 2492; baseline -0.001 -14"><span class='ocrx_word' id='word_1_204' title='bbox 326 2441 347 2478; x_wconf 92' lang='grc'><em>1</em></span> <span class='ocrx_word' id='word_1_205' title='bbox 383 2434 681 2478; x_wconf 84' lang='grc' dir='ltr'><em>παντάπασιν</em></span> <span class='ocrx_word' id='word_1_206' title='bbox 714 2435 865 2492; x_wconf 83' lang='grc' dir='ltr'><em>ἐχρῆν,</em></span> <span class='ocrx_word' id='word_1_207' title='bbox 904 2435 954 2479; x_wconf 92' lang='grc' dir='ltr'><em>τὸ</em></span> <span class='ocrx_word' id='word_1_208' title='bbox 995 2432 1046 2478; x_wconf 77' lang='grc' dir='ltr'><em>δὲ</em></span> <span class='ocrx_word' id='word_1_209' title='bbox 1088 2434 1198 2478; x_wconf 82' lang='lat' dir='ltr'>dedi</span> <span class='ocrx_word' id='word_1_210' title='bbox 1236 2433 1479 2478; x_wconf 83' lang='lat' dir='ltr'><strong>Reiskium</strong></span> <span class='ocrx_word' id='word_1_211' title='bbox 1517 2435 1722 2478; x_wconf 72' lang='lat' dir='ltr'><strong>secutus:</strong></span> <span class='ocrx_word' id='word_1_212' title='bbox 1761 2448 1881 2477; x_wconf 84' lang='grc' dir='ltr'><em>παν-</em></span> 
     </span>
     <span class='ocr_line' id='line_1_27' title="bbox 207 2490 1882 2551; baseline -0.001 -15"><span class='ocrx_word' id='word_1_213' title='bbox 207 2508 380 2537; x_wconf 82' lang='grc' dir='ltr'><em>ταπασι</em></span> <span class='ocrx_word' id='word_1_214' title='bbox 411 2491 657 2550; x_wconf 78' lang='grc' dir='ltr'><em>κέχρηνται</em></span> <span class='ocrx_word' id='word_1_215' title='bbox 682 2493 916 2551; x_wconf 77' lang='grc' dir='ltr'><em>(κέχρηται</em></span> <span class='ocrx_word' id='word_1_216' title='bbox 938 2495 991 2548; x_wconf 89' lang='grc' dir='ltr'><em>Ρ)</em></span> <span class='ocrx_word' id='word_1_217' title='bbox 1017 2490 1126 2538; x_wconf 77' lang='grc' dir='ltr'><em>οὐδὲ</em></span> <span class='ocrx_word' id='word_1_218' title='bbox 1163 2495 1167 2550; x_wconf 91' lang='grc' dir='ltr'>Ι</span> <span class='ocrx_word' id='word_1_219' title='bbox 1202 2500 1283 2536; x_wconf 79' lang='grc' dir='ltr'><em>τοῦ</em></span> <span class='ocrx_word' id='word_1_220' title='bbox 1307 2493 1508 2550; x_wconf 81' lang='grc' dir='ltr'><em>καρποῦ]</em></span> <span class='ocrx_word' id='word_1_221' title='bbox 1540 2493 1647 2542; x_wconf 81' lang='grc' dir='ltr'><em>τοὺς</em></span> <span class='ocrx_word' id='word_1_222' title='bbox 1674 2492 1882 2547; x_wconf 78' lang='grc' dir='ltr'><em>καρποὺς</em></span> 
     </span>
     <span class='ocr_line' id='line_1_28' title="bbox 207 2550 1876 2609; baseline -0.001 -14"><span class='ocrx_word' id='word_1_223' title='bbox 207 2553 385 2595; x_wconf 83' lang='lat' dir='ltr'>MBPv</span> <span class='ocrx_word' id='word_1_224' title='bbox 475 2558 502 2595; x_wconf 88' lang='lat'>4</span> <span class='ocrx_word' id='word_1_225' title='bbox 528 2551 679 2608; x_wconf 81' lang='grc' dir='ltr'><em>εἴρηκε</em></span> <span class='ocrx_word' id='word_1_226' title='bbox 703 2568 732 2596; x_wconf 86' lang='lat' dir='ltr'>v</span> <span class='ocrx_word' id='word_1_227' title='bbox 761 2556 766 2609; x_wconf 76' lang='grc' dir='ltr'>Ι</span> <span class='ocrx_word' id='word_1_228' title='bbox 794 2560 928 2597; x_wconf 85' lang='grc' dir='ltr'><em>τοῦτο</em></span> <span class='ocrx_word' id='word_1_229' title='bbox 947 2555 998 2596; x_wconf 93' lang='grc' dir='ltr'><em>Π</em></span> <span class='ocrx_word' id='word_1_230' title='bbox 1025 2554 1031 2609; x_wconf 93' lang='grc' dir='ltr'>Ι</span> <span class='ocrx_word' id='word_1_231' title='bbox 1058 2552 1143 2609; x_wconf 86' lang='grc' dir='ltr'><em>τὴν</em></span> <span class='ocrx_word' id='word_1_232' title='bbox 1169 2550 1324 2596; x_wconf 82' lang='grc' dir='ltr'><em>ἐλαίου</em></span> <span class='ocrx_word' id='word_1_233' title='bbox 1344 2552 1419 2595; x_wconf 85' lang='lat' dir='ltr'><em>Pv</em></span> <span class='ocrx_word' id='word_1_234' title='bbox 1508 2555 1533 2593; x_wconf 91' lang='lat'>5</span> <span class='ocrx_word' id='word_1_235' title='bbox 1559 2551 1733 2607; x_wconf 81' lang='grc' dir='ltr'><em>ἀνῆκεν</em></span> <span class='ocrx_word' id='word_1_236' title='bbox 1751 2551 1846 2593; x_wconf 92' lang='grc' dir='ltr'><em>ΜΒ</em></span> <span class='ocrx_word' id='word_1_237' title='bbox 1872 2551 1876 2608; x_wconf 75' lang='grc' dir='ltr'>Ι</span> 
     </span>
     <span class='ocr_line' id='line_1_29' title="bbox 209 2609 1881 2683; baseline 0 -29"><span class='ocrx_word' id='word_1_238' title='bbox 209 2611 425 2667; x_wconf 81' lang='grc' dir='ltr'><em>ἐγγώνοις</em></span> <span class='ocrx_word' id='word_1_239' title='bbox 443 2611 477 2653; x_wconf 90' lang='grc' dir='ltr'><strong><em>Ρ</em></strong></span> <span class='ocrx_word' id='word_1_240' title='bbox 510 2610 746 2667; x_wconf 78' lang='grc' dir='ltr'><em>ἑγγωνὸν</em></span> <span class='ocrx_word' id='word_1_241' title='bbox 734 2627 784 2654; x_wconf 87' lang='grc'><em>111</em></span> <span class='ocrx_word' id='word_1_242' title='bbox 807 2627 886 2668; x_wconf 87' lang='lat' dir='ltr'><em>mg</em></span> <span class='ocrx_word' id='word_1_243' title='bbox 919 2610 1179 2668; x_wconf 73' lang='grc' dir='ltr'><em>ἐκγόνοις-Β</em></span> <span class='ocrx_word' id='word_1_244' title='bbox 1212 2610 1418 2667; x_wconf 77' lang='grc' dir='ltr'><em>ἐγγόνοις</em></span> <span class='ocrx_word' id='word_1_245' title='bbox 1439 2625 1469 2653; x_wconf 87' lang='lat' dir='ltr'><strong>v</strong></span> <span class='ocrx_word' id='word_1_246' title='bbox 1542 2615 1567 2653; x_wconf 87' lang='lat'>6</span> <span class='ocrx_word' id='word_1_247' title='bbox 1593 2609 1881 2683; x_wconf 70' lang='grc' dir='ltr'><em>διθύραμβοι</em></span> 
     </span>
     <span class='ocr_line' id='line_1_30' title="bbox 208 2666 1880 2726; baseline 0 -13"><span class='ocrx_word' id='word_1_248' title='bbox 208 2685 350 2725; x_wconf 85' lang='grc' dir='ltr'><em>περιφ</em></span> <span class='ocrx_word' id='word_1_249' title='bbox 382 2670 418 2712; x_wconf 89' lang='grc' dir='ltr'>Ρ</span> <span class='ocrx_word' id='word_1_250' title='bbox 520 2675 544 2711; x_wconf 83' lang='grc'>8</span> <span class='ocrx_word' id='word_1_251' title='bbox 578 2671 884 2726; x_wconf 80' lang='grc' dir='ltr'><em>μειρακιώδης</em></span> <span class='ocrx_word' id='word_1_252' title='bbox 917 2671 1233 2726; x_wconf 82' lang='grc' dir='ltr'><em>μοιρακιωδῶς</em></span> <span class='ocrx_word' id='word_1_253' title='bbox 1264 2670 1300 2712; x_wconf 89' lang='grc' dir='ltr'>Ρ</span> <span class='ocrx_word' id='word_1_254' title='bbox 1401 2675 1426 2712; x_wconf 87' lang='grc'><strong>9</strong></span> <span class='ocrx_word' id='word_1_255' title='bbox 1460 2668 1655 2726; x_wconf 81' lang='grc' dir='ltr'><em>ἰσχυν-</em></span> <span class='ocrx_word' id='word_1_256' title='bbox 1665 2666 1880 2725; x_wconf 84' lang='grc' dir='ltr'><em>χαρίτων,</em></span> 
     </span>
     <span class='ocr_line' id='line_1_31' title="bbox 207 2726 1880 2784; baseline -0.001 -12"><span class='ocrx_word' id='word_1_257' title='bbox 207 2728 267 2772; x_wconf 83' lang='grc' dir='ltr'><em>τὰ</em></span> <span class='ocrx_word' id='word_1_258' title='bbox 298 2743 373 2771; x_wconf 90' lang='lat' dir='ltr'><em>om</em></span> <span class='ocrx_word' id='word_1_259' title='bbox 404 2728 477 2771; x_wconf 84' lang='lat' dir='ltr'><em>Pv</em></span> <span class='ocrx_word' id='word_1_260' title='bbox 592 2733 643 2771; x_wconf 88' lang='lat'><em>11</em></span> <span class='ocrx_word' id='word_1_261' title='bbox 679 2737 842 2784; x_wconf 81' lang='grc' dir='ltr'><em>γεναῖα</em></span> <span class='ocrx_word' id='word_1_262' title='bbox 875 2730 909 2771; x_wconf 92' lang='grc' dir='ltr'>Ρ</span> <span class='ocrx_word' id='word_1_263' title='bbox 1025 2734 1080 2772; x_wconf 89' lang='grc'><em>14</em></span> <span class='ocrx_word' id='word_1_264' title='bbox 1111 2726 1356 2783; x_wconf 86' lang='grc' dir='ltr'><em>δευτερίων</em></span> <span class='ocrx_word' id='word_1_265' title='bbox 1381 2728 1416 2770; x_wconf 92' lang='grc' dir='ltr'><em>Ρ</em></span> <span class='ocrx_word' id='word_1_266' title='bbox 1523 2731 1575 2770; x_wconf 87' lang='grc'>15</span> <span class='ocrx_word' id='word_1_267' title='bbox 1609 2728 1880 2783; x_wconf 86' lang='grc' dir='ltr'><em>διαμελησο-</em></span> 
     </span>
     <span class='ocr_line' id='line_1_32' title="bbox 209 2785 1880 2858; baseline -0.001 -26"><span class='ocrx_word' id='word_1_268' title='bbox 209 2785 364 2844; x_wconf 87' lang='grc' dir='ltr'><em>μένοις</em></span> <span class='ocrx_word' id='word_1_269' title='bbox 395 2787 431 2830; x_wconf 88' lang='lat' dir='ltr'>P</span> <span class='ocrx_word' id='word_1_270' title='bbox 477 2785 884 2858; x_wconf 79' lang='grc' dir='ltr'><em>διαμεληγομένοις</em></span> <span class='ocrx_word' id='word_1_271' title='bbox 915 2788 952 2830; x_wconf 90' lang='grc' dir='ltr'>Β</span> <span class='ocrx_word' id='word_1_272' title='bbox 1053 2793 1106 2831; x_wconf 91' lang='grc'>16</span> <span class='ocrx_word' id='word_1_273' title='bbox 1139 2785 1357 2832; x_wconf 82' lang='grc' dir='ltr'><em>δοκοῦσίν</em></span> <span class='ocrx_word' id='word_1_274' title='bbox 1381 2787 1416 2829; x_wconf 91' lang='grc' dir='ltr'>Ρ</span> <span class='ocrx_word' id='word_1_275' title='bbox 1509 2789 1562 2829; x_wconf 83' lang='grc'><em>17</em></span> <span class='ocrx_word' id='word_1_276' title='bbox 1594 2792 1648 2843; x_wconf 85' lang='grc' dir='ltr'><em>τῇ</em></span> <span class='ocrx_word' id='word_1_277' title='bbox 1679 2788 1813 2843; x_wconf 84' lang='grc' dir='ltr'><em>λευτῇ</em></span> <span class='ocrx_word' id='word_1_278' title='bbox 1845 2787 1880 2830; x_wconf 88' lang='grc' dir='ltr'>Ρ</span> 
     </span>
    </p>

    <p class='ocr_par' dir='ltr' id='par_1_4' title="bbox 208 2843 1879 3020">
     <span class='ocr_line' id='line_1_33' title="bbox 328 2843 1879 2904; baseline -0.001 -15"><span class='ocrx_word' id='word_1_279' title='bbox 328 2849 382 2889; x_wconf 90' lang='grc'>18</span> <span class='ocrx_word' id='word_1_280' title='bbox 415 2845 494 2903; x_wconf 86' lang='grc' dir='ltr'><em>δὴ]</em></span> <span class='ocrx_word' id='word_1_281' title='bbox 527 2847 577 2888; x_wconf 84' lang='grc' dir='ltr'><em>δε</em></span> <span class='ocrx_word' id='word_1_282' title='bbox 602 2846 676 2888; x_wconf 85' lang='lat' dir='ltr'><em>PV</em></span> <span class='ocrx_word' id='word_1_283' title='bbox 762 2851 814 2888; x_wconf 84' lang='lat'><em>19</em></span> <span class='ocrx_word' id='word_1_284' title='bbox 848 2847 1070 2904; x_wconf 81' lang='grc' dir='ltr'><em>δ[ιε]ξιὼν</em></span> <span class='ocrx_word' id='word_1_285' title='bbox 1095 2861 1200 2890; x_wconf 84' lang='lat' dir='ltr'><em>cum</em></span> <span class='ocrx_word' id='word_1_286' title='bbox 1222 2860 1297 2889; x_wconf 83' lang='lat' dir='ltr'><em>ras</em></span> <span class='ocrx_word' id='word_1_287' title='bbox 1321 2845 1370 2888; x_wconf 90' lang='lat' dir='ltr'>M</span> <span class='ocrx_word' id='word_1_288' title='bbox 1459 2849 1513 2888; x_wconf 81' lang='lat'><em>21</em></span> <span class='ocrx_word' id='word_1_289' title='bbox 1549 2843 1741 2895; x_wconf 75' lang='grc' dir='ltr'><em>ἑαυτοὺς</em></span> <span class='ocrx_word' id='word_1_290' title='bbox 1774 2844 1879 2888; x_wconf 75' lang='grc' dir='ltr'><em>ἑαυ-</em></span> 
     </span>
     <span class='ocr_line' id='line_1_34' title="bbox 208 2902 1879 2963; baseline -0.002 -14"><span class='ocrx_word' id='word_1_291' title='bbox 208 2912 298 2949; x_wconf 85' lang='grc' dir='ltr'><em>τῶν</em></span> <span class='ocrx_word' id='word_1_292' title='bbox 323 2905 359 2947; x_wconf 92' lang='grc' dir='ltr'>Β</span> <span class='ocrx_word' id='word_1_293' title='bbox 399 2904 404 2960; x_wconf 91' lang='grc' dir='ltr'>Ι</span> <span class='ocrx_word' id='word_1_294' title='bbox 443 2906 711 2960; x_wconf 84' lang='grc' dir='ltr'><em>παγγελλεῖν</em></span> <span class='ocrx_word' id='word_1_295' title='bbox 735 2905 772 2947; x_wconf 91' lang='grc' dir='ltr'>Β</span> <span class='ocrx_word' id='word_1_296' title='bbox 879 2910 933 2948; x_wconf 83' lang='lat'><em>23</em></span> <span class='ocrx_word' id='word_1_297' title='bbox 964 2906 1074 2961; x_wconf 84' lang='grc' dir='ltr'><em>ἡμῖν</em></span> <span class='ocrx_word' id='word_1_298' title='bbox 1099 2907 1134 2949; x_wconf 90' lang='grc' dir='ltr'>Ρ</span> <span class='ocrx_word' id='word_1_299' title='bbox 1173 2908 1179 2963; x_wconf 81' lang='grc'><em>1</em></span> <span class='ocrx_word' id='word_1_300' title='bbox 1217 2906 1368 2949; x_wconf 83' lang='grc' dir='ltr'><em>αὐτῶν</em></span> <span class='ocrx_word' id='word_1_301' title='bbox 1400 2902 1577 2959; x_wconf 78' lang='grc' dir='ltr'><em>ἤκουσα</em></span> <span class='ocrx_word' id='word_1_302' title='bbox 1608 2906 1692 2947; x_wconf 83' lang='lat' dir='ltr'><em>vH</em></span> <span class='ocrx_word' id='word_1_303' title='bbox 1723 2906 1728 2960; x_wconf 85' lang='grc' dir='ltr'>Ι</span> <span class='ocrx_word' id='word_1_304' title='bbox 1767 2902 1879 2948; x_wconf 83' lang='grc' dir='ltr'><em>πλά-</em></span> 
     </span>
     <span class='ocr_line' id='line_1_35' title="bbox 209 2963 551 3020; baseline -0.003 -13"><span class='ocrx_word' id='word_1_305' title='bbox 209 2981 298 3008; x_wconf 91' lang='grc' dir='ltr'><em>των</em></span> <span class='ocrx_word' id='word_1_306' title='bbox 330 2963 379 3007; x_wconf 86' lang='lat' dir='ltr'><em>in</em></span> <span class='ocrx_word' id='word_1_307' title='bbox 409 2978 488 3020; x_wconf 87' lang='lat' dir='ltr'><em>mg</em></span> <span class='ocrx_word' id='word_1_308' title='bbox 515 2963 551 3006; x_wconf 94' lang='lat' dir='ltr'>B</span> 
     </span>
    </p>
   </div>
   <div class='ocr_carea' id='block_1_4' title="bbox 1997 252 2004 665">
    <p class='ocr_par' dir='ltr' id='par_1_5' title="bbox 1997 252 2004 665">
     <span class='ocr_line' id='line_1_36' title="bbox 1997 252 2004 665; textangle 90"><span class='ocrx_word' id='word_1_309' title='bbox 1997 354 2004 665; x_wconf 46' lang='lat'><em>—.›.⁵-..·-.=.²-..-.—--..</em></span> <span class='ocrx_word' id='word_1_310' title='bbox 2002 282 2004 286; x_wconf 95' lang='lat'>.</span> <span class='ocrx_word' id='word_1_311' title='bbox 2002 252 2004 265; x_wconf 86' lang='lat'><em>..</em></span> 
     </span>
    </p>
   </div>
   <div class='ocr_carea' id='block_1_5' title="bbox 1989 673 2004 1323">
    <p class='ocr_par' dir='ltr' id='par_1_6' title="bbox 1989 673 2004 1323">
     <span class='ocr_line' id='line_1_37' title="bbox 1989 673 2004 1323; textangle 90"><span class='ocrx_word' id='word_1_312' title='bbox 1995 1310 1997 1323; x_wconf 80' lang='grc'>-</span> <span class='ocrx_word' id='word_1_313' title='bbox 1996 1275 1997 1282; x_wconf 34' lang='lat'><em>⁴</em></span> <span class='ocrx_word' id='word_1_314' title='bbox 1994 1187 1999 1230; x_wconf 29' lang='lat' dir='ltr'><em>,xj</em></span> <span class='ocrx_word' id='word_1_315' title='bbox 1994 1146 2001 1168; x_wconf 69' lang='grc' dir='ltr'><em>ο.</em></span> <span class='ocrx_word' id='word_1_316' title='bbox 1989 686 2004 1134; x_wconf 51' lang='lat' dir='ltr'><em>..m-“ffl-——H-u—n&#39;</em></span> <span class='ocrx_word' id='word_1_317' title='bbox 1997 673 2004 683; x_wconf 69' lang='lat'><strong><em>⁴</em></strong></span> 
     </span>
    </p>
   </div>
   <div class='ocr_carea' id='block_1_6' title="bbox 1990 1387 1997 1483">
    <p class='ocr_par' dir='ltr' id='par_1_7' title="bbox 1990 1387 1997 1483">
     <span class='ocr_line' id='line_1_38' title="bbox 1990 1387 1997 1483; baseline 0 0"><span class='ocrx_word' id='word_1_318' title='bbox 1990 1387 1997 1483; x_wconf 65' lang='grc' dir='ltr'><em>ἑ</em></span> 
     </span>
    </p>
   </div>
   <div class='ocr_carea' id='block_1_7' title="bbox 1990 1491 1995 1561">
    <p class='ocr_par' dir='ltr' id='par_1_8' title="bbox 1990 1491 1995 1561">
     <span class='ocr_line' id='line_1_39' title="bbox 1990 1491 1995 1561; baseline 0 0"><span class='ocrx_word' id='word_1_319' title='bbox 1990 1491 1995 1561; x_wconf 67' lang='lat' dir='ltr'>l</span> 
     </span>
    </p>
   </div>
   <div class='ocr_carea' id='block_1_8' title="bbox 119 1594 1972 1668">
    <p class='ocr_par' dir='ltr' id='par_1_9' title="bbox 119 1594 1972 1668">
     <span class='ocr_line' id='line_1_40' title="bbox 119 1594 1972 1668; baseline 0.001 -18"><span class='ocrx_word' id='word_1_320' title='bbox 119 1598 189 1651; x_wconf 66' lang='grc' dir='ltr'><em>οΟ</em></span> <span class='ocrx_word' id='word_1_321' title='bbox 317 1597 350 1650; x_wconf 77' lang='grc' dir='ltr'><strong><em>ἃ</em></strong></span> <span class='ocrx_word' id='word_1_322' title='bbox 397 1594 457 1649; x_wconf 91' lang='grc' dir='ltr'><em>δε</em></span> <span class='ocrx_word' id='word_1_323' title='bbox 504 1597 572 1665; x_wconf 89' lang='grc' dir='ltr'><em>δὴ</em></span> <span class='ocrx_word' id='word_1_324' title='bbox 626 1598 885 1667; x_wconf 83' lang='grc' dir='ltr'><em>κράτιστα</em></span> <span class='ocrx_word' id='word_1_325' title='bbox 939 1598 1195 1667; x_wconf 86' lang='grc' dir='ltr'><em>εἰρῆσθαι</em></span> <span class='ocrx_word' id='word_1_326' title='bbox 1249 1604 1324 1668; x_wconf 79' lang='grc' dir='ltr'><em>τῷ</em></span> <span class='ocrx_word' id='word_1_327' title='bbox 1379 1595 1542 1666; x_wconf 87' lang='grc' dir='ltr'><em>ἀνδρὶ</em></span> <span class='ocrx_word' id='word_1_328' title='bbox 1597 1599 1830 1650; x_wconf 84' lang='grc' dir='ltr'><em>δοκοῦσί</em></span> <span class='ocrx_word' id='word_1_329' title='bbox 1860 1611 1972 1651; x_wconf 82' lang='grc'>1044</span> 
     </span>
    </p>
   </div>
  </div>
 </body>
</html>
