2004 3202
784 138 1131 181 ῙΣοΚΡΑΤΗΣ
1729 138 1798 191 63

119 280 324 341 χειρεῑν
354 273 552 341 ἔργοις,
590 270 643 335 ἐξ,
675 266 755 324 ὧν
784 273 1142 342 κατορθώσας
1172 291 1229 324 τε
1259 273 1483 324 πάντων
1512 272 1799 341 ἡγεμόνων

120 358 547 428 ἐπιφανέστατος
586 362 735 413 ἔσται
774 359 862 413 καὶ
896 360 1186 429 ἀποτυχὼν
1216 362 1318 428 τήν
1348 380 1410 428 γε
1443 361 1668 414 εὔνοιαν
1699 363 1799 429 τὴν

118 450 265 517 παρὰ
311 457 422 501 τῶν
460 447 740 517 Ἑλλήνων
784 452 1061 517 κτήσεται·
1109 445 1174 517 ἧς
1220 450 1273 502 οἱ
1311 451 1568 517 τυχόντες
1613 454 1799 521 πολλῷ

120 538 331 605 μᾶλλόν
361 538 467 589 εἰσι
499 539 851 607 ζηλωτότεροι
875 546 987 590 τῶν
1010 538 1246 606 μεγάλας
1268 539 1461 599 πόλεις
1479 536 1569 589 καὶ
1593 539 1800 600 πολλὰς

118 626 297 695 χώρας
334 625 875 695 καταστρεψαμένων.
944 629 1022 679 ἔτι
1063 623 1123 679 δὲ
1160 627 1585 696 παρακελεύεται
1623 636 1799 696 μιμεῑ-
1845 650 1865 680 '›

120 720 254 767 σθαι
307 715 408 782 τὴν
455 713 789 784 “Ηρακλεόυς
835 734 891 767 τε
936 718 1260 785 προαίρεσιν
1312 713 1401 767 καὶ
1455 725 1566 768 τῶν
1617 717 1801 769 ἄλλων

118 801 421 871 ἡγεμόνων,
454 803 573 856 ὅσοι
605 805 738 872 μετὰ
770 813 879 856 τῶν
904 803 1182 872 Ἑλλήνων
1214 803 1302 857 ἐπὶ
1333 806 1463 866 τοὺς
1486 805 1800 874 βαρβάρους

120 889 501 960 ἐστράτευσαν,
533 895 629 944 καί
655 906 791 960 φησι
822 900 1018 962 χρῆναι
1048 895 1177 955 τοὺς
1209 891 1410 963 ἑτέρων
1434 891 1800 962 διαφέροντας

117 986 506 1050 προαιρεῖσθαι
553 978 655 1049 μὲν
699 982 794 1043 τὰς
840 980 1075 1050 μέγεθος
1121 981 1349 1050 ἐχούσας
1394 981 1639 1051 πράξεις,
1687 979 1799 1033 ἐπι-

119 1073 295 1122 τελεῖν
345 1066 406 1121 δὲ
453 1068 619 1131 αὐτὰς
665 1068 779 1138 μετ’
826 1069 1046 1139 ἀρετῆς,
1102 1069 1554 1139 ἐνθυμουμένους
1607 1070 1691 1123 ὅτι
1737 1071 1798 1122 τὸ

119 1154 220 1225 μὲν
259 1166 413 1226 σῶμα
449 1159 662 1226 θνητὸν
701 1160 918 1227 ἔχομεν,
959 1158 1230 1211 ἀθάνατοι
1269 1156 1331 1211 δὲ
1368 1161 1676 1228 γιγνόμεθα
1716 1157 1791 1211 δι’

30 1265 115 1304 547
141 1245 364 1315 ἀρετήν,
408 1245 412 1315 ξ
458 1245 548 1298 καὶ
602 1255 716 1309 τοῖς
769 1243 870 1315 μὲν
921 1248 1058 1316 πρὸς
1112 1249 1245 1300 ἄλλο
1300 1267 1351 1300 τι
1405 1257 1516 1300 τῶν
1568 1247 1800 1315 ἀγαθῶν

119 1333 404 1402 ἀπλήστως
442 1334 807 1403 διακειμένοις
846 1334 1154 1403 ἀχθόμεθα,
1194 1338 1321 1398 τοὺς
1353 1333 1412 1388 δὲ
1444 1337 1607 1404 τιμὴν
1638 1338 1796 1404 μείζω

118 1430 212 1490 τῆς
257 1423 611 1493 ὑπαρχούσης
656 1422 739 1476 ἀεὶ
793 1421 1104 1492 κτωμένους
1160 1422 1515 1493 ἐπαινοῦμεν,
1568 1423 1659 1476 καὶ
1714 1425 1798 1477 ὅτι

119 1520 229 1564 τῶν
258 1508 382 1588 ,μὲν
431 1513 638 1579 ἄλλων,
694 1510 782 1581 ἐφ’
829 1505 912 1573 οἷς
958 1513 1100 1565 εἰσιν
1146 1511 1497 1583 ἀνθρώπιναι
1545 1514 1799 1580 σπουδαί,

116 1600 362 1653 πλούτου
421 1599 511 1653 καὶ
565 1600 733 1670 ἀρχῆς
786 1599 876 1653 καὶ
931 1602 1287 1670 δυναστείας,
1347 1602 1611 1664 πολλάκις
1671 1603 1800 1664 τοὺς

119 1688 357 1759 ἐχθροὺς
396 1692 686 1758 συμβαίνει
724 1692 1018 1757 γίγνεσθαι
1056 1693 1308 1760 κυρίους,
1358 1697 1454 1758 τῆς
1500 1687 1561 1742 δὲ
1607 1689 1800 1759 ἀρετῆς

118 1776 208 1830 καὶ
263 1785 356 1846 τῆς
415 1779 563 1847 παρὰ
615 1786 730 1840 τοῖς
781 1779 1056 1845 πλήθεσιν
1109 1777 1327 1840 εὐνοίας
1380 1779 1510 1840 τοὺς
1563 1779 1800 1840 οἰκείους

121 1864 352 1918 ἑκάστου
405 1870 780 1935 κληρονομεῖν.
856 1867 1031 1934 πολλὴ
1078 1867 1183 1935 γὰρ
1231 1865 1439 1934 ἀνάγκη
1493 1868 1623 1928 τοὺς
1670 1866 1799 1919 ἀνα-

122 1955 527 2021 γιγνώσκοντας
565 1961 734 2006 ταῦτα
771 1954 1045 2016 δυνάστας
1084 1956 1434 2024 φρονήματός
1465 1974 1523 2007 τε
1554 1957 1799 2023 μείζονος

121 2043 579 2112 ὑποπίμπλασθαι
617 2040 706 2094 καὶ
745 2047 956 2111 μᾶλλον
995 2042 1290 2111 ἐπιθυμεῖν
1328 2050 1423 2110 τῆς
1462 2042 1670 2112 ἀρετῆς.

239 2208 264 2245 5
298 2201 403 2245 Phil
431 2206 513 2245 109
528 2216 581 2258 sq
680 2207 705 2246 6
736 2201 844 2245 Phil
869 2205 938 2257 90,
974 2206 1056 2245 119
1149 2206 1175 2244 8
1207 2201 1313 2244 Phil
1336 2206 1391 2245 41
1496 2206 1550 2246 10
1582 2201 1686 2245 Phil
1715 2206 1799 2245 134

242 2267 294 2305 12
326 2261 433 2304 Phil
461 2266 542 2305 135
637 2265 691 2304 14
723 2259 828 2303 Phil
855 2265 938 2304 136

241 2414 264 2452 1
297 2410 601 2464 κατορθώσας
631 2409 698 2466 τε]
731 2407 1068 2463 κατωρθώσατε
1100 2407 1156 2450 F¹
1199 2410 1204 2465 Ι
1253 2406 1443 2452 πάντων
1474 2415 1565 2452 τῶν
1596 2407 1679 2450 ΒΡ

123 2472 149 2510 3
180 2470 358 2512 πολλῶν
390 2468 426 2511 F
546 2473 574 2510 4
605 2468 907 2524 ζηλωτὼτεροι
939 2467 973 2509 F
1094 2472 1120 2510 5
1159 2465 1651 2525 καταστρεψα[μὲν]ων
1694 2480 1799 2510 cum

123 2540 197 2570 ras
229 2527 264 2570 F
358 2531 412 2571 10
444 2526 556 2583 μετὰ
587 2528 751 2583 ἀρετῆς
775 2526 905 2569 FMv
998 2530 1050 2569 11
1085 2525 1315 2582 γινόμεθα
1340 2526 1471 2570 FMv
1564 2531 1619 2569 13
1652 2525 1797 2581 ἀπλή-

124 2587 254 2644 στως]
286 2584 501 2637 πλείστως
525 2586 582 2629 F¹
628 2583 878 2635 ἀπλείστως
902 2584 961 2627 F²
1052 2589 1106 2627 15
1138 2583 1218 2641 ἐφ’
1249 2582 1319 2636 οἷς
1350 2585 1466 2629 εἰσιν
1497 2585 1797 2640 ἀνθρώπιναι

124 2643 323 2690 σπουδαί
347 2644 511 2718 scripsi
534 2644 706 2702 partim
723 2658 778 2688 ex
795 2643 988 2688 Useneri
1013 2643 1266 2688 sententia:
1293 2641 1426 2700 ἐφοῖς
1449 2643 1532 2688 ἐὰν
1556 2642 1797 2699 ἀνθρωπί-

124 2703 268 2762 ν[α]ις
296 2711 378 2749 τοῦ
409 2706 461 2749 δε
494 2705 529 2747 F
562 2718 666 2748 cum
696 2718 772 2747 ras
821 2700 899 2759 ἐφ’
930 2699 1000 2754 οἷς
1030 2702 1104 2746 lac
1134 2703 1285 2747 XVIII
1316 2703 1412 2747 fere
1443 2703 1523 2747 litt
1553 2710 1633 2746 τοῦ
1665 2700 1717 2746 δὲ
1749 2702 1796 2745 Μ

125 2759 204 2818 ἐφ’
234 2759 303 2814 οἷς
332 2762 406 2807 lac
429 2763 515 2807 XII
546 2762 642 2808 fere
666 2762 745 2806 litt
767 2769 848 2806 τοῦ
874 2758 925 2805 δὲ
950 2761 1032 2804 ΡΒ
1079 2760 1159 2818 ἐφ’
1190 2759 1259 2813 οἷς
1289 2761 1529 2820 χαίρουσιν
1556 2762 1599 2806 οἱ
1623 2759 1796 2815 πολλοί,

124 2827 204 2864 τοῦ
235 2836 283 2865 τε
313 2835 369 2866 ex
399 2821 761 2879 interpolatione
785 2819 944 2864 Wolfii
967 2835 998 2864 v
1090 2826 1143 2864 17
1169 2819 1452 2880 συμβ[αί]νει
1476 2835 1580 2864 cum
1604 2835 1678 2863 ras
1704 2820 1759 2862 F¹
1789 2823 1793 2872 ί

127 2876 339 2943 γίνεσθαι
369 2881 499 2925 FMv
602 2886 658 2925 18
689 2881 767 2925 καὶ
799 2887 894 2930 τοῖς
925 2879 981 2922 1³¹
1089 2884 1144 2925 20
1174 2883 1282 2937 post
1312 2888 1457 2924 ταῦτα
1489 2893 1649 2923 rasura
1681 2878 1728 2920 in
1762 2877 1796 2919 F

126 2951 175 2979 m
205 2938 331 2983 exitu
361 2953 520 2983 uersus

1825 1093 1866 1124 10

1823 1534 1865 1566 15

1824 1976 1867 2008 20
