2004 3202
185 143 289 195 122
607 143 946 186 ΔιοΝΤΣΙοΤ
978 141 1445 184 ΑΛΙΚΑΡΝΑΣΕΩΣ

179 280 279 332 τὸν
311 279 619 343 Βυζάντιον
646 278 876 348 ἀρχαῖόν
905 297 1030 329 τινα
1060 274 1150 328 καὶ
1183 276 1307 328 οὔτε
1341 275 1401 328 ἐν
1431 285 1548 338 ταῖς
1583 275 1588 344 Ι
1623 274 1838 345 τέχναις
1862 289 1949 329 626

180 367 379 436 ἀκριβῆ
419 368 543 420 οὔτε
585 365 827 430 ἐξέτασιν
867 364 1061 431 ἱκανὴν
1101 362 1160 415 ἐν
1195 372 1310 426 τοῖς
1342 363 1663 431 ἐναγωνίοις
1695 365 1861 417 δεδω-

181 458 313 508 κότα
337 457 538 522 λόγοις,
556 453 912 523 Ἀναξιμένην
936 449 996 505 δὲ
1021 453 1119 504 τὸν
1144 454 1520 521 Λαμψακηνὸν
1545 451 1604 505 ἐν
1629 452 1863 515 ἀπάσαις

183 541 284 612 μὲν
337 538 462 606 ’ταῖς
524 542 694 604 ἰδέαις
746 551 857 594 τῶν
911 543 1092 607 λόγων
1144 541 1489 612 τετράγωνόν
1541 561 1666 594 τινα
1719 537 1863 594 εἶναι

136 655 159 684 5
184 634 526 700 βουλόμενον
566 628 678 700 (καὶ
726 631 827 698 γὰρ
879 630 1121 698 ἱστορίας
1169 627 1411 699 γέγραφε
1456 628 1546 681 καὶ
1592 628 1717 699 περὶ
1763 637 1863 682 τοῦ

182 727 414 788 ποιητοῦ
454 718 733 782 συντάξεις
771 716 1125 770 καταλέλοιπε
1168 715 1259 769 καὶ
1297 716 1489 785 τέχνας
1529 716 1863 786 ἐξενήνοχεν,

182 804 346 876 ἧπται
385 805 445 860 δὲ
484 806 572 859 καὶ
613 795 1096 875 συμβουλευτικῶν
1126 803 1217 857 καὶ
1258 806 1556 858 δικανικῶν
1587 804 1862 877 ἀγώνων),

184 896 251 949 οὐ
297 894 483 965 μέντοι
537 894 748 947 τέλειόν
794 914 855 961 γε
903 893 964 946 ἐν
1010 893 1242 964 οὐδεμιᾷ
1285 894 1499 946 τούτων
1536 903 1654 947 τῶν
1701 895 1864 947 ἰδεῶν

185 983 305 1037 ἀλλ’
344 984 552 1051 ἀσθενῆ
599 981 690 1035 καὶ
738 982 1020 1035 ἀπίθανον
1067 984 1200 1035 ὄντα
1241 981 1300 1034 ἐν
1339 982 1572 1044 ἀπάσαις
1617 988 1864 1052 θεωρῶν,

120 1094 161 1125 ιο
185 1072 251 1125 οὐ
284 1073 351 1140 δὴ
385 1074 503 1124 δεῖν
535 1070 721 1142 ᾠόμην
746 1070 1092 1140 Ἰσοκράτους
1117 1070 1177 1123 ἐν
1201 1071 1370 1123 ἅπασι
1399 1072 1623 1124 πάντων
1653 1071 1866 1124 τούτων

181 1159 543 1229 ὑπερέχοντος
582 1161 752 1227 λόγον
789 1160 913 1211 τινὰ
959 1165 1243 1212 ποιεῖσθαι
1289 1157 1415 1228 περὶ
1463 1157 1688 1211 ἐκείνων
1734 1158 1871 1212 οὐδέ

183 1268 243 1315 γε
266 1247 390 1318 περὶ
415 1257 526 1300 τῶν
551 1248 985 1317 συμβιωσάντων
1001 1246 1297 1317 Ἰσοκράτει
1322 1245 1413 1299 καὶ
1436 1247 1535 1299 τὸν
1554 1255 1867 1318 χαρακτῆρα

182 1344 276 1404 τῆς
324 1335 610 1406 ἑρμηνείας
657 1335 872 1388 ἐκείνου
920 1335 1370 1404 ἐκμιμησαμένων
1417 1335 1676 1404 οὐθενός,
1735 1339 1867 1389 Θεο-

185 1425 380 1478 δέκτου
419 1424 558 1492 λέγω
597 1423 688 1476 καὶ
732 1427 1062 1493 Θεοπόμπου
1099 1423 1190 1476 καὶ
1226 1425 1592 1494 Ναυκράτους
1623 1422 1867 1494 Ἐφόρου

120 1534 160 1564 15
184 1533 240 1566 τε
278 1511 368 1566 καὶ
411 1516 680 1565 Φιλίσκου
718 1511 809 1564 καὶ
841 1513 1253 1581 Κηφισοδώρου
1291 1510 1382 1564 καὶ
1418 1513 1602 1564 ἄλλων
1633 1522 1867 1580 συχνῶν.

185 1598 316 1654 οὐδὲ
355 1603 459 1670 γὰρ
501 1600 700 1654 ἐκεῖνοι
739 1603 1031 1670 κρίνεσθαι
1069 1601 1207 1670 πρὸς
1253 1601 1354 1668 τὴν
1386 1599 1733 1670 Ἰσοκράτους
1773 1601 1868 1653 δύ-

186 1692 352 1758 ναμίν
392 1690 534 1741 εἰσιν
574 1688 883 1756 ἐπιτήδειοι.

96 1782 168 1833 20
294 1787 405 1830 τῶν
436 1774 537 1845 μὲν
569 1777 636 1844 δὴ
668 1778 803 1829 κατὰ
826 1778 1031 1846 ταύτην
1054 1778 1154 1845 τὴν
1179 1777 1401 1845 ἀγωγὴν
1429 1775 1845 1849 κοσμουμέίνων
1870 1790 1956 1830 627

187 1865 398 1918 ἐκεῖνον
437 1866 535 1916 τὸν
574 1866 749 1934 ἄνδρα
789 1867 1206 1935 διαφορώτατον
1243 1865 1610 1935 ἡγησάμενος,
1650 1865 1751 1919 οὐκ
1789 1868 1870 1919 ἔτι

120 1974 163 2004 20
186 1951 310 2022 περὶ
349 1963 460 2005 τῶν
499 1954 682 2005 ἄλλων
719 1953 923 2021 ἠξίωσα
961 1958 1326 2023 μακρολογεῖν
1370 1952 1460 2006 καὶ
1501 1955 1754 2007 δαπανᾶν
1792 1955 1871 2016 εἰς

188 2038 354 2094 οὐδὲν
402 2041 703 2108 ἀναγκαῖον
749 2043 847 2094 τὸν
892 2044 1110 2112 χρόνον.
1186 2051 1298 2094 τῶν
1347 2039 1407 2095 δὲ
1453 2044 1582 2104 τοὺς
1628 2041 1871 2111 ἀκριβεῖς

185 2129 644 2199 προαιρουμένων
676 2132 875 2196 λόγους
906 2129 996 2183 καὶ
1023 2132 1162 2201 πρὸς
1185 2131 1286 2198 τὴν
1311 2130 1615 2199 ἐναγώνιον
1638 2130 1871 2184 ἀσκούν-

185 2237 298 2269 των
337 2218 648 2286 ῥητορικήν,
689 2214 766 2271 ὧν
799 2218 1013 2286 ἐγένετο
1046 2218 1322 2288 Ἀντιφῶν
1360 2239 1417 2272 τε
1456 2219 1485 2272 ὁ
1519 2218 1872 2288 Ῥαμνούσιος

309 2352 330 2389 1
365 2346 600 2404 βιζάντιον
633 2347 681 2390 Μ
724 2350 729 2404 l
773 2351 899 2407 τινα]
939 2366 981 2392 τι
1014 2349 1109 2393 add
1140 2349 1200 2393 F²
1320 2354 1346 2392 2
1380 2347 1585 2402 ἐξέτασιν
1618 2348 1788 2406 ἱκανὴν
1820 2348 1872 2393 ἐν

187 2413 285 2456 τοῖς
317 2404 588 2461 ἐναγωνίοις
613 2406 848 2450 δεδωκότα
873 2407 1025 2464 λόγοις
1049 2422 1143 2452 11011
1165 2407 1391 2465 intellego
1491 2414 1516 2451 3
1549 2411 1871 2464 λαμψακηνῶν

189 2464 225 2506 F
256 2463 405 2520 primo
448 2465 453 2521 Ι
499 2463 580 2508 ἕνα
611 2463 783 2516 πάσαις
815 2467 872 2508 F¹
978 2473 1006 2510 4
1036 2465 1121 2523 μὲν
1154 2481 1229 2511 om
1260 2467 1295 2510 F
1409 2471 1435 2510 5
1468 2465 1555 2524 γὰρ
1589 2480 1664 2510 0111
1694 2466 1754 2509 F¹

189 2527 217 2565 8
247 2522 421 2566 τελεῖόν
454 2523 488 2565 F
521 2523 571 2565 in
598 2538 689 2578 quo
715 2541 741 2567 ν
765 2527 931 2580 postea
962 2526 1179 2570 additum
1203 2528 1274 2570 esf,
1302 2527 1307 2582 Ι
1335 2541 1386 2582 γε
1410 2539 1467 2569 ex
1489 2541 1538 2569 τε
1562 2525 1610 2567 Μ
1672 2529 1727 2568 10
1760 2522 1810 2568 δὲ
1835 2525 1872 2568 Ρ

189 2595 294 2624 corr
322 2581 372 2623 in
405 2581 462 2637 δὴ
491 2584 496 2637 Ι
525 2583 599 2625 δεῖ
627 2583 661 2624 F
696 2596 795 2626 corr
827 2583 884 2626 F¹
912 2586 917 2641 Ι
946 2584 1110 2642 οἰόμην
1142 2585 1192 2628 in
1222 2599 1302 2641 mg
1333 2583 1490 2640 ὠόμην
1522 2584 1559 2627 Β
1664 2588 1718 2626 13
1752 2581 1867 2628 οὐθ’

191 2638 295 2690 ἑνός
324 2639 359 2682 F
409 2639 601 2691 οὐδενός
631 2641 712 2684 ΡΒ
816 2647 872 2684 14
904 2646 1012 2687 ante
1045 2642 1158 2702 λέγω
1192 2644 1312 2687 duae
1343 2643 1532 2687 litterae
1563 2642 1614 2685 in
1643 2641 1679 2684 F
1711 2656 1872 2686 erasae

190 2700 300 2742 8111113
334 2700 339 2754 1
375 2698 454 2742 καὶ
486 2698 1099 2755 ναυκράτους-κρίνεσθαι
1129 2703 1244 2758 πρὸς
1273 2702 1358 2759 τὴν
1391 2715 1467 2746 om
1489 2701 1539 2744 in
1562 2701 1611 2743 M
1635 2701 1874 2758 suppleuit

189 2773 236 2801 m
257 2759 446 2801 uetusta
471 2760 732 2802 assramento
751 2759 914 2803 eodem
931 2775 1014 2804 usa
1036 2762 1118 2805 sed
1144 2761 1290 2817 signis
1315 2760 1467 2804 rubris
1488 2760 1493 2818 1
1518 2758 1874 2816 Ναυσικράτους

191 2815 310 2860 alibi
342 2815 476 2859 audit
570 2821 622 2860 15
653 2815 861 2873 φιλίστου
886 2818 1016 2864 libri:
1050 2834 1152 2864 corr
1177 2819 1362 2864 Goeller
1455 2823 1508 2862 16
1542 2817 1874 2875 συγκρίνεσθαι

189 2889 282 2918 van
295 2874 424 2919 Vliet
447 2889 540 2919 non
563 2875 827 2920 necessario
920 2882 973 2921 18
998 2877 1155 2933 μέντοι
1171 2879 1255 2922 BP
1347 2882 1404 2921 20
1429 2879 1655 2922 δαπανῶν
1672 2878 1754 2921 ΒΡ

190 2939 245 2977 22
271 2934 538 2978 ἀσκοῦντων
556 2934 655 2991 (sic)
676 2948 730 2979 ex
748 2935 1007 2987 ἀσκοῦντας
1023 2937 1081 2979 F¹
1172 2942 1228 2980 23
1254 2937 1434 2992 ἀντιφὼ
1452 2936 1511 2980 F¹
1527 2950 1629 2980 corr
1645 2937 1810 2980 eadem
1827 2952 1875 2980 m
