2004 3202
232 615 252 646 5
277 593 410 661 μετὰ
470 593 682 645 τούτων
747 589 1107 660 ἀσφαλέστατ’
1170 589 1240 644 ἂν
1307 590 1614 660 ἡγούμενος
1676 582 1991 660 σωθῆναί

210 1059 252 1089 10

232 1476 364 1531 ὅκαὶ
403 1476 679 1546 μέγιστον,
720 1477 860 1530 οὕτω
903 1478 1216 1529 διακεῖσθαι
1255 1478 1350 1539 τὰς
1396 1478 1615 1545 γνώμας
1662 1476 1826 1545 ὑμᾶς,
1877 1477 1983 1543 ὡς

274 103 386 156 414
701 105 1040 148 ΔΙοΝΤΣΙοΤ
1070 105 1536 146 ΑΛΙΚΑΡΝΑΣΕῼΣ

277 238 436 292 “Τότε
468 237 545 307 δέ,
579 237 674 292 ἐὰν
698 241 804 310 ἄρα
829 239 862 292 ἃ
885 246 992 292 νῦν
1018 240 1252 308 οἰόμεθα
1273 238 1428 307 ἡμεῖς
1450 239 1735 308 πράττητε,
1768 237 1958 295 οὐδεὶ

276 328 456 395 δήπου
509 337 620 380 τῶν
664 329 887 380 πάντων
930 326 1210 395 Ἑλλήνων
1262 331 1589 395 τηλικοῦτον
1643 325 1724 396 ἐφ’
1777 325 1958 403 ἑαυτῇ

277 424 498 486 φρονεῖ,
539 416 682 478 ὅςτις
721 415 868 486 ὁρῶν
905 417 1118 483 χιλίους
1160 413 1375 482 ἱππέας,
1427 413 1651 477 ὁπλίτας
1689 412 1750 468 δὲ
1789 416 1886 470 ὅσο
1939 427 1943 430 ’
1987 428 1992 443 “’

276 501 347 556 ἂν
379 503 542 574 ἐθέλῃ
575 524 674 571 τις,
706 511 842 566 ναῦς
867 500 926 555 δὲ
957 505 1275 573 τριακοσίας
1303 502 1403 571 οὐχ
1427 502 1540 570 ἥξει
1565 502 1655 556 καὶ
1688 504 1913 572 δεήσετα
1933 548 1950 575 4

278 681 485 734 οὐκοῦν
514 681 571 733 ἐκ
600 677 701 749 μὲν
724 687 823 732 τοῦ
847 684 1036 733 καλεῖν
1066 681 1170 748 ἤδη
1195 680 1256 732 τὸ
1283 680 1502 732 δεῖσθαι
1527 679 1632 732 κᾶν
1655 681 1727 749 μὴ
1758 681 1941 750 τύχητ’
1984 744 1986 746 ¹

279 769 635 839 ἐφαμαρτεῖν,
684 768 741 820 ἐκ
780 765 840 820 δὲ
878 775 978 821 τοῦ
1017 769 1151 837 μετὰ
1189 775 1288 820 τοῦ
1326 769 1850 838 παρασκευάσασθαι
1886 789 1971 826 τν,

276 857 510 927 ὑμέτερα
545 857 727 909 αὐτῶν
751 855 993 925 ἐπισχεῖν
1017 855 1313 926 δεομένους
1334 854 1524 928 σῴζειν
1547 855 1636 909 καὶ
1661 853 1723 910 εὗ
1749 855 1915 910 εἶδέν

276 947 483 1008 πάντας
537 945 764 1013 ἥξοντας
815 945 964 998 ἔστι.’
1027 953 1198 998 ταῦτα
1246 944 1561 1013 ἐξήλλακται
1608 937 1729 1014 μὲν
1756 944 1813 998 ἐκ
1858 952 1997 1017 τῆν-,ᾗ

275 1039 557 1103 πολιτικῆς
595 1033 685 1087 καὶ
725 1036 1009 1102 συνήθους
1047 1043 1163 1096 τοῖς
1200 1038 1425 1096 πολλοῖς
1465 1033 1823 1102 ἀπαγγελίας,
1861 1053 1929 1087 κα
1948 1020 1986 1099 '‘f‘'

275 1124 561 1192 κρείττονά
593 1123 742 1176 ἐστιν
764 1122 796 1191 ἢ
821 1124 956 1175 κατὰ
989 1123 1086 1175 τὸν
1120 1123 1367 1191 ἰδιώτην·
1408 1122 1474 1176 οὐ
1506 1123 1615 1191 μὴν
1647 1122 1913 1176 ἐσκότιστ
1939 1111 1996 1209 1,

275 1231 336 1278 γε
377 1208 506 1263 οὐδὲ
539 1211 722 1280 ἀσαφῆ
755 1210 983 1279 γέγονεν
1014 1212 1146 1273 ὥςτε
1179 1210 1477 1279 ἐξηγήσεως
1509 1213 1745 1264 δεῖσθαι.
1792 1197 1995 1281 ἀρξά--ῘᾏΙ

275 1303 437 1368 μενός
461 1319 518 1352 τε
541 1297 679 1370 ὑπὲρ
704 1307 798 1368 τῆς
821 1307 1167 1369 παρασκευῆς
1192 1299 1374 1368 λέγειν
1398 1308 1567 1352 ταῦτα
1593 1297 1942 1371 ἐπιτίθηξσιν·
1961 1325 1965 1348 ε

277 1388 408 1442 (ἔστι
450 1386 510 1441 δὲ
547 1398 768 1459 πρῶτον
806 1395 900 1456 τῆς
937 1395 1300 1458 παρασκευῆς,
1341 1385 1382 1442 ὦ
1423 1390 1620 1458 ἄνδρες
1644 1386 1951 1458 Ἀθηναῖοι,
1973 1375 1983 1383 ⁴

275 1566 505 1619 ἕκαστον
560 1565 751 1618 ἑκόντα
811 1565 1114 1635 προθύμως
1169 1565 1197 1618 ὅ
1252 1585 1304 1617 τι
1359 1564 1427 1618 ἂν
1482 1564 1576 1635 δέῃ
1634 1564 1979 1636 ποιήισοντοε.,,.’Ἰ

276 1655 436 1724 ὁρᾶτε
475 1655 604 1725 γάρ,
652 1651 692 1706 ὦ
735 1654 931 1723 ἄνδρες
963 1652 1276 1721 Ἀθηναῖοι,
1324 1654 1406 1706 ὅτι
1447 1653 1547 1706 ὅσα
1585 1650 1685 1722 μὲν
1733 1651 1979 1707 πώποτεζι

276 1743 615 1811 ἐβουλήθητε
653 1741 742 1794 καὶ
781 1743 914 1811 μετὰ
945 1749 1114 1794 ταῦτα
1145 1742 1205 1793 τὸ
1237 1742 1496 1812 πράττειν
1535 1741 1698 1804 αὐτὸς
1728 1740 1919 1795 ἕκαστο
1959 1745 1989 1885 ⁴,

1951 1880 1968 1906 ἔ.

396 1937 418 1974 1
452 1932 567 1976 Dem
600 1945 651 1975 οι·
673 1931 779 1974 XIV
805 1935 858 1974 13
982 1935 1034 1973 14
1066 1930 1183 1974 Dem
1215 1945 1266 1975 or
1289 1930 1396 1974 XIV
1430 1936 1484 1974 14
1516 1933 1617 1975 extr

395 2114 417 2152 1
451 2108 551 2161 τότε
585 2107 635 2152 δὲ
664 2146 671 2153 .
693 2145 701 2153 .
722 2145 731 2154 .
756 2107 981 2164 πράττητε
999 2109 1068 2153 M:
1104 2122 1179 2152 om
1203 2108 1271 2151 Pf
1293 2110 1299 2165 Ι
1327 2107 1582 2165 πράττηται
1603 2107 1955 2166 D(emosthe'

276 2168 402 2225 libri)
436 2168 517 2211 sed
548 2167 774 2224 πράττητε
808 2168 858 2211 F
1047 2173 1071 2210 2
1104 2166 1293 2212 πάντων
1324 2167 1416 2210 ΜΡ
1448 2181 1552 2211 cum
1585 2170 1645 2212 Σ;
1679 2167 1897 2212 ἁπάντων
1940 2149 1974 2216 id(

277 2241 330 2271 ex
363 2228 401 2269 D
532 2232 556 2268 3
591 2235 759 2283 φρονεῖ
778 2226 871 2269 ΜΡ
903 2241 1008 2269 cum
1041 2229 1102 2270 Σε
1137 2226 1360 2282 φρονήσει
1391 2227 1414 2268 f
1441 2240 1496 2270 ex
1527 2227 1567 2270 D
1596 2229 1601 2284 Ι
1628 2225 1800 2284 χιλίους
1830 2207 1983 2273 MP}-

276 2287 383 2342 ὑμῑν
424 2284 597 2343 χιλίους
635 2284 717 2342 μὲν
749 2286 771 2328 f
799 2299 854 2329 ex
884 2285 922 2328 D
965 2285 1046 2329 sed
1084 2286 1192 2341 ὑμῖν
1230 2285 1402 2343 χιλίους
1435 2288 1481 2328 Σ
1509 2286 1682 2343 χιλίους
1718 2286 1827 2342 ὑμῖν
1857 2285 1902 2328 Α
1931 2277 1980 2351 Ε

278 2343 445 2394 ἱππέας
478 2345 740 2402 [ὑπάρχειν]
773 2345 796 2387 f
931 2349 955 2386 6
988 2344 1090 2399 ἤδει
1122 2345 1214 2387 ΜΡ
1242 2348 1248 2401 Ι
1276 2343 1366 2389 κᾶν
1397 2344 1420 2386 f
1447 2358 1502 2387 ex
1533 2345 1593 2389 D:
1627 2345 1706 2389 καὶ
1738 2345 1830 2387 ΜΡ
1936 2355 1953 2389 ,(-

279 2409 302 2446 7
337 2402 620 2459 ἐφαμαρτεῖν
647 2404 785 2448 MPf:
818 2404 1113 2459 ἀφαμαρτεῖν
1138 2404 1210 2446 Dr
1237 2405 1241 2460 Ι
1272 2402 1321 2448 ἐκ
1347 2401 1397 2446 δὲ
1423 2411 1503 2447 τοῦ
1529 2403 1616 2446 fD:
1645 2402 1836 2447 ἑκάστου
1852 2391 1962 2456 ΜῙξτ

425 2468 450 2504 9
482 2461 678 2518 ἥξοντάς
710 2462 801 2506 ἐστι
833 2464 856 2506 f
877 2466 883 2520 Ι
913 2462 963 2508 ἐκ
996 2463 1046 2506 cf
1072 2477 1212 2519 supra
1246 2467 1342 2519 148,
1371 2467 1424 2506 18
1607 2468 1660 2506 10
1692 2457 1964 2526 πολιτικῆςᾙ

278 2523 443 2576 πολλῆς
467 2520 591 2563 MPf
618 2529 777 2577 κοινῆς
800 2522 1077 2578 Kruegerus.
1111 2521 1160 2565 cf
1179 2536 1318 2578 supra
1344 2526 1505 2576 143,11
1587 2526 1638 2564 11
1666 2523 1720 2565 οὗ
1745 2519 1828 2577 μὲν
1854 2520 1886 2563 h
1923 2528 1958 2574 ,Αἰ

282 2585 332 2621 13
366 2578 403 2621 τ’
435 2579 528 2622 ἀπὸ
560 2594 582 2621 r
610 2582 614 2635 Ι
642 2578 777 2638 ὑπὲρ]
810 2581 902 2625 ἀπὸ
935 2581 1089 2638 MPf!
1117 2587 1401 2637 κατασκευῆς
1432 2581 1503 2623 Μ1
1661 2585 1714 2623 14
1747 2577 1798 2623 δὲ
1829 2579 1877 2622 Μ
1923 2614 1925 2618 .
1952 2578 1964 2605 Ῑ

277 2636 434 2681 τοίνυν
466 2638 488 2679 f
515 2652 570 2681 ex
601 2638 639 2680 D
669 2641 674 2694 Ι
702 2646 781 2694 τῆς
811 2639 923 2684 MP:
957 2637 1039 2696 μὲν
1071 2646 1151 2696 τῆς
1182 2639 1248 2682 fD
1438 2643 1490 2682 15
1523 2639 1641 2695 ὑμᾶς
1673 2637 1815 2682 etiam
1844 2637 1888 2682 A

279 2697 360 2739 sed
391 2697 516 2751 ὑμῶν
549 2699 644 2739 ΣΤ
734 2703 785 2740 16
818 2699 1092 2753 ποιήσονται
1123 2698 1214 2741 MP
1311 2702 1363 2741 17
1391 2698 1554 2753 ὁρᾶται
1577 2698 1612 2740 Ρ
1640 2698 1645 2754 Ι
1674 2696 1839 2752 ἄνδρες
1868 2688 1958 2767 hiss„
1993 2743 1995 2747 Α

278 2787 325 2828 et
342 2788 440 2839 415,
462 2789 514 2827 10
541 2799 614 2827 om
632 2785 692 2839 M,
718 2787 913 2839 utroque
937 2785 1039 2829 loco
1063 2771 1097 2829 ⁴0³1
1122 2786 1260 2830 solito
1286 2785 1592 2842 conpendioP
1614 2784 1618 2843 Ι
1639 2785 1821 2828 πώποτε
1837 2771 1968 2847 MP&

277 2840 465 2887 πώποθ’
496 2842 698 2893 ἅπαντες
730 2844 895 2901 [ὑμεῖς]
920 2844 943 2885 f
977 2843 1167 2910 πώποθ’
1195 2844 1397 2895 ἅπαντες
1428 2847 1473 2887 Σ
1483 2843 1578 2887 TF
1612 2842 1814 2894 ἅπαντες
1850 2841 1968 2912 πώὲίξ

277 2901 381 2945 ποτ’
411 2904 453 2945 Α
640 2907 692 2944 18
723 2902 1012 2959 ἠβουλήθητε
1047 2903 1086 2945 D
1119 2906 1232 2946 ltem
1255 2907 1355 2959 415,
1374 2908 1398 2945 2
1429 2904 1434 2959 Ι
1462 2902 1600 2953 αὐτὸς
1633 2916 1707 2945 om
1733 2901 1768 2944 P
1928 2917 1966 2955 ξ’.
