2004 3202
210 119 319 172 260
623 117 963 162 ΔΙοΝτΣῑοΤ
993 114 1459 159 ΑΜΚΑΡΝΑΣΕῼΣ

211 270 381 324 σοφος
427 255 522 316 τὰς
565 253 854 324 ῥητορικὰς
893 254 1094 321 ἔγραψε
1133 248 1337 319 τέχνας.
1413 249 1621 318 ἀνάγκη
1662 248 1709 302 δ’
1749 254 1881 312 ἴσως

209 352 453 413 πρῶτον,
499 343 571 404 ὡς
606 340 611 412 Ι
646 340 956 410 παρέλαβον
1003 338 1060 391 ἐκ
1105 347 1216 391 τῶν
1260 347 1464 391 κοινῶν
1504 339 1784 407 ἱστοριῶν,
1831 337 1969 392 ἃ724

209 431 502 484 κατέλιπον
546 429 678 498 ἡμῖν
724 430 777 481 οἱ
822 430 950 489 τοὺς
995 429 1153 495 βίους
1197 435 1308 478 τῶν
1353 425 1575 496 ἀνδρῶν
1619 423 1882 488 συνταξά-

211 539 386 589 μενοι,
423 526 720 588 προειπεῖν.
780 517 1077 583 ποιήσομαι
1115 511 1177 567 δὲ
1211 513 1316 567 ἀπὸ
1348 512 1751 583 Δημοσθένους
1780 514 1882 581 τὴν

171 629 192 662 5
215 607 400 678 ἀρχήν.

153 702 189 753 4
325 691 499 756 Οὗτος
540 693 809 761 ἐγεννήθη
849 688 950 760 μὲν
989 690 1221 763 ἐνιαυτςῖ
1258 693 1529 762 πρότερον
1566 698 1661 759 τῆς
1700 688 1883 743 ἑκατο-

214 790 341 851 στῆς
378 782 761 850 Ὀλυμπιάδος·
808 777 1072 850 ἄρχοντος
1120 777 1180 832 δὲ
1227 781 1597 850 Τιμοκράτους
1643 780 1720 841 εἰς
1765 780 1884 840 ἔτος

211 868 281 939 ἦν
313 871 618 939 ἐμβεβηκὼς
650 867 1105 922 ἑπτακαιδέκατον
1128 887 1157 919 *
1181 887 1209 918 *
1264 868 1563 938 δημοσίους
1594 865 1653 920 δὲ
1685 869 1885 935 λόγους

211 958 409 1030 ἤρξατο
455 959 690 1028 γράφειν
738 956 827 1010 ἐπὶ
865 958 1282 1027 Καλλιστράτου
1328 959 1592 1028 ἄρχοντος
1638 957 1886 1009 εἰκοστὸν

151 1072 194 1103 10
215 1047 306 1100 καὶ
338 1046 588 1116 πέμπτον
626 1049 745 1108 ε”τος
785 1048 938 1115 ἔχων.
999 1045 1089 1098 καὶ
1129 1048 1278 1098 ἔστιν
1316 1045 1488 1099 αὐτοῦ
1525 1055 1739 1116 πρῶτος
1777 1055 1887 1098 τῶν

214 1135 274 1188 ἐν
313 1137 642 1207 δικαστηρίῳ
681 1132 1239 1187 κατασκευασθέντων
1277 1134 1509 1202 ἀγώνων
1547 1134 1576 1188 ὁ
1607 1136 1742 1187 κατὰ
1768 1132 1886 1187 'Av-

214 1225 534 1294 δροτίωνος,
583 1223 649 1276 ὃν
695 1226 901 1294 ἔγραφε
947 1224 1218 1295 Διοδώρῳ
1264 1230 1340 1295 τῷ
1385 1226 1632 1294 κρίνοντι
1677 1224 1738 1276 τὸ
1785 1224 1888 1291 ψή-

215 1327 389 1382 φισμα
426 1315 778 1383 παρανόμων,
817 1310 908 1364 καὶ
946 1313 1082 1364 κατὰ
1120 1312 1218 1364 τὸν
1257 1311 1426 1364 αὐτὸν
1463 1314 1667 1382 χρόνον
1704 1310 1887 1381 ἕτερος

217 1399 329 1470 [ἐπὶ
374 1402 792 1470 Καλλιστράτου
842 1399 1154 1470 ἄρχοντος],
1209 1400 1238 1452 ὁ
1284 1398 1409 1468 περὶ
1455 1409 1566 1452 τῶν
1612 1400 1886 1467 ἀτελειῶν,

147 1510 190 1543 15
217 1490 283 1542 ὃν
314 1489 477 1551 αὐτὸς
509 1488 742 1557 διέθετο,
778 1488 1127 1558 χαριέστατος
1159 1488 1416 1540 ἁπάντων
1445 1498 1556 1541 τῶν
1586 1491 1766 1556 λόγων
1795 1487 1886 1540 καὶ

214 1579 638 1647 γραφικώτατος.
710 1575 796 1629 ε’πὶ
837 1574 896 1629 δὲ
935 1579 1207 1645 Διοτίμου
1245 1585 1343 1629 τοῦ
1383 1578 1515 1645 μετὰ
1547 1579 1886 1647 Καλλίστρα-

213 1686 311 1718 τον
358 1665 418 1718 ἐν
455 1664 774 1733 Ἀθηναίοις
818 1666 1041 1735 πρώτην
1087 1661 1203 1717 εἶπε
1249 1666 1613 1735 δημηγορίαν,
1659 1665 1729 1732 ἣν
1776 1665 1888 1717 ἐπι-

216 1755 529 1823 γράφουσιν
575 1755 627 1806 οῑ
669 1751 675 1823 Ι
717 1755 844 1815 τοὺς
884 1754 1206 1823 ῥητορικοὺς
1245 1757 1476 1815 πίνακας
1515 1751 1876 1816 συντάξαντες
1894 1763 1999 1804 725·

219 1840 363 1911 επερὶ
395 1851 505 1894 τῶν
537 1842 897 1911 συμμοριῶν’·
931 1841 990 1894 ἐν
1022 1835 1055 1912 ᾗ
1084 1843 1375 1911 παρεκάλει
1405 1844 1534 1904 τοὺς
1557 1840 1889 1910 Ἀθηναίους

150 1950 195 1983 20
218 1931 289 1999 μὴ
337 1930 491 1982 λύειν
536 1931 637 1998 τὴν
681 1931 818 2000 πρὸς
863 1930 1090 1998 βασιλέα
1135 1930 1439 1999 γενομένην
1485 1932 1710 2002 εἰρήνην
1755 1927 1891 1999 μηδὲ

219 2017 519 2088 προτέρους
559 2020 747 2088 ἄρχειν
778 2027 876 2071 τοῦ
907 2019 1166 2088 πολέμου,
1207 2018 1303 2072 ἐὰν
1333 2020 1405 2088 μὴ
1437 2021 1891 2090 παρασκευάσων-

220 2126 306 2159 ται
347 2107 447 2174 τὴν
485 2108 749 2174 ναυτικὴν
789 2108 1045 2176 δύναμιν,
1086 2107 1146 2160 ε’ν
1176 2101 1210 2179 ἧ
1240 2111 1502 2176 πλείστην
1533 2104 1682 2177 εἶχον
1715 2109 1891 2177 ἰσχύν,

220 2193 310 2246 καὶ
347 2196 445 2246 τὸν
475 2197 680 2263 τρόπον
711 2203 805 2263 τῆς
835 2203 1179 2265 παρασκευῆς
1210 2196 1374 2258 αὐτὸς
1403 2196 1741 2249 ὑποτίθεται.
1804 2195 1892 2250 ἐπὶ

226 2280 285 2335 δὲ
321 2285 615 2351 Θουδήμου
654 2292 752 2336 τοῦ
784 2285 916 2351 μετα
947 2286 1218 2353 Διότιμον
1249 2283 1512 2354 ἄρξαντος
1541 2287 1639 2338 τόν
1669 2305 1726 2338 τε
1757 2286 1892 2338 κατὰ

343 2446 367 2483 2
388 2442 465 2498 ὡς]
489 2440 571 2485 ὅσα
588 2442 697 2484 libri
718 2443 722 2500 Ι
744 2441 793 2500 ἃ]
812 2441 867 2501 ἃς
883 2443 1052 2486 MBPs
1078 2458 1153 2487 om
1171 2444 1207 2487 O
1241 2443 1271 2487 ἅ
1293 2459 1341 2488 τε
1357 2443 1555 2488 Weilius
1661 2450 1688 2487 4
1705 2442 1750 2487 δ’
1772 2459 1795 2486 r

231 2506 255 2543 6
289 2499 604 2555 ἐγεννήθημεν
629 2501 665 2542 Β
719 2501 926 2557 γεννήθη
953 2500 1035 2557 μὲν
1059 2503 1095 2545 Ρ
1123 2504 1128 2560 Ι
1156 2500 1260 2560 μὲν]
1290 2500 1373 2558 μὲν
1400 2502 1467 2547 ἑνὶ
1492 2503 1535 2546 ci
1558 2503 1892 2546 Herwerdenus

348 2564 372 2601 6
408 2563 430 2600 7
473 2557 715 2614 ἑκαστοτῆς
747 2559 781 2601 Ρ
909 2566 934 2603 8
981 2561 1163 2604 hiatum
1194 2561 1391 2605 Weilius
1423 2562 1607 2605 notauit
1649 2564 1654 2618 Ι
1697 2559 1748 2604 δὲ
1780 2562 1893 2604 Her-

231 2617 491 2660 werdenus:
531 2632 577 2659 τε
609 2617 718 2660 libri
846 2623 870 2660 9
905 2621 950 2662 eb
985 2626 1038 2663 14
1078 2619 1374 2665 καλλιστάτου
1406 2620 1443 2662 Β
1572 2625 1625 2662 10
1665 2618 1894 2721 πέμπτονὲ

235 2674 432 2741 ἕβδομον
459 2674 674 2718 Schottus
703 2678 708 2731 Ι
740 2675 835 2726 ἔτος
862 2676 965 2733 ἔχον
990 2678 1084 2722 ΜΟ
1120 2679 1233 2736 ἔχων
1267 2678 1364 2730 ἔτος
1387 2679 1497 2722 BPs
1635 2683 1686 2721 11
1723 2678 1790 2737 ἐν]
1818 2678 1875 2722 ἐπ

235 2733 436 2777 comcias
462 2734 541 2776 secl
567 2733 615 2775 cf
633 2749 662 2789 p
683 2739 780 2789 275,
800 2741 853 2778 18
947 2741 998 2778 12
1025 2736 1226 2794 γέγραφε
1251 2753 1270 2781 s
1305 2737 1477 2795 ἔγραψε
1500 2737 1833 2781 Herwerdenus

236 2797 290 2836 14
323 2792 398 2835 ἐπὶ
422 2796 475 2835 K.
502 2791 544 2836 ἄ.
572 2793 799 2836 emblema
826 2794 1001 2838 detexit
1025 2796 1149 2839 idem
1241 2802 1294 2840 15
1320 2795 1538 2840 ἁπάντων
1562 2803 1652 2840 τῶν
1678 2810 1718 2839 s:
1745 2795 1892 2840 ἁπάν-

231 2859 321 2896 τῶν
343 2851 378 2895 O
413 2849 632 2895 ἁπάντων
663 2852 802 2894 ΜΒΡ
895 2858 948 2895 16
974 2854 1269 2900 καλλίστατον
1293 2855 1330 2898 Β
1423 2860 1475 2898 19
1507 2857 1769 2910 παρακαλεῖ
1780 2855 1894 2899 Her-

231 2910 470 2954 werdenus
572 2915 627 2952 22
658 2910 743 2967 τὴν
775 2913 1124 2971 προςαύτΙικ]ὴν
1157 2929 1261 2958 cum
1290 2914 1349 2958 lit
1371 2914 1408 2956 B
1500 2918 1555 2958 24
1585 2914 1830 2970 θουμήδου
1857 2913 1893 2956 O
