2004 3202
260 127 367 180 368
688 130 1030 172 ΔΙοΝΤΣΙοΤ
1062 127 1532 170 ΑΛΙΚΑΡΝΑΣΕΩΣ

257 271 376 325 ταῖς
415 262 669 331 ἀλλήλων
699 261 900 316 ναυσὶν
933 262 1252 331 ἐπιβαίνειν.
1315 260 1687 330 συνετύγχανέ
1720 281 1778 314 τε
1807 258 1963 315 πολ-ι

258 355 429 420 λαχοῦ
476 352 570 404 διὰ
613 352 716 420 τὴν
762 353 1131 419 στενοχωρίαν
1183 351 1250 402 τὰ
1296 346 1397 419 μὲν
1443 351 1631 412 ἄλλοις
1678 349 1939 418 ἐμβεβλη-

257 437 438 506 κέναι,
487 441 554 493 τὰ
594 436 654 492 δὲ
693 439 895 501 αὐτοὺς
935 438 1333 507 ἐμβεβλῆσθαι,
1380 438 1482 491 δύο
1529 457 1587 491 τε
1632 436 1759 507 περὶ
1805 440 1938 507 μίαν

257 526 348 580 καὶ
402 530 552 581 ἔστιν
597 521 633 599 ᾗ
676 527 767 580 καὶ
820 530 1045 589 πλείους
1093 534 1231 590 ναῦς
1283 525 1397 579 κατ’
1443 526 1690 595 ἀνάγκην
1742 526 1939 597 ξυνηρ-

210 644 234 675 5
258 622 482 684 vrywm·
531 615 622 669 καὶ
668 626 784 678 τοῖς
828 617 1191 684 κυβερνήταις
1227 625 1339 668 τῶν
1377 613 1479 685 μὲν
1517 618 1788 685 φυλακήν,
1827 625 1939 668 τῶν

258 703 305 757 δ’
347 704 646 774 ἐπιβουλὴν
677 706 748 773 μὴ
781 703 908 757 καθ’
948 705 1010 756 ἓν
1041 703 1289 772 ἕκαστον,
1327 705 1464 757 κατὰ
1494 706 1671 757 πολλὰ
1702 701 1764 756 δὲ
1802 721 1938 756 παν-

256 796 494 861 ταχόθεν
531 790 901 862 περιεστάναι,
938 791 1029 845 καὶ
1069 793 1168 846 τὸν
1205 793 1415 846 κτύπον
1449 791 1622 862 μέγαν
1661 791 1765 845 ἀπὸ
1805 797 1938 845 πολ-

257 886 369 934 λῶν
406 891 550 934 νεῶν
581 891 1029 950 συμπιπτουσῶν,
1070 881 1329 950 ἔκπληξίν
1359 901 1417 934 τε
1449 882 1558 951 ἅμα
1587 879 1679 934 καὶ
1711 880 1938 934 ἀποστέ-

257 985 419 1039 ρησιν
450 978 544 1038 τῆς
575 969 742 1038 ἀκοῆς
773 965 853 1023 ὧν
884 971 937 1023 οἱ
967 968 1252 1023 κελευσταὶ
1290 968 1633 1039 ἐφθέγγοντο
1664 969 1937 1040 παρέχειν.

189 1086 231 1117 10
254 1059 427 1127 πολλὴ
468 1060 572 1129 γὰρ
613 1057 769 1129 ἑτέρα
806 1058 839 1127 ἡ
879 1057 1276 1129 παρακέλευσις
1320 1057 1411 1111 καὶ
1448 1058 1482 1127 ἡ
1529 1059 1631 1128 βοὴ
1678 1057 1768 1127 ἀφ’
1818 1056 1938 1112 ἑκα-

255 1145 428 1216 τέρων
473 1156 589 1210 τοῖς
637 1152 951 1210 κελευσταῖς
996 1148 1132 1200 κατά
1170 1167 1228 1200 τε
1273 1147 1375 1215 τὴν
1420 1146 1618 1216 τέχνην
1663 1146 1752 1200 καὶ
1797 1147 1937 1217 πρὸς

253 1237 353 1303 τὴν
380 1237 648 1304 ναυτικὴν
672 1239 1022 1305 φιλονεικίαν
1046 1235 1315 1304 ἐγίγνετο·
1354 1243 1469 1298 τοῖς
1499 1233 1600 1305 μὲν
1615 1234 1936 1304 Ἀθηναίοις

253 1325 544 1392 βιάζεσθαί
576 1345 634 1378 τε
672 1326 771 1377 τὸν
809 1327 1050 1378 ἔκπλουν
1082 1323 1426 1393 ἐπιβοῶντες,
1465 1322 1556 1376 καὶ
1586 1323 1711 1394 περὶ
1750 1331 1844 1392 τῆς
1880 1323 1935 1386 ές

252 1414 353 1481 τὴν
390 1415 627 1483 πατρίδα
667 1416 936 1483 σωτηρίας
975 1421 1106 1481 νῦν,
1156 1418 1211 1466 εἴ
1241 1431 1397 1481 ποτε,
1443 1413 1747 1483 προθύμως
1785 1411 1934 1466 ἀντι-

187 1527 229 1560 15
254 1503 654 1571 λαμβάνεσθαι·
686 1511 802 1564 τοῖς
834 1499 895 1554 δὲ
919 1504 1292 1572 Συρακοσίοις
1315 1500 1404 1554 καὶ
1434 1500 1733 1571 ξυμμάχοις
1762 1501 1934 1554 καλὸν

253 1587 394 1643 εἶναι
432 1593 680 1644 κωλῦσαί
714 1611 770 1644 τε
810 1590 1014 1653 αὐτοὺς
1049 1591 1054 1660 Ι
1090 1592 1404 1658 διαφυγεῖν,
1443 1588 1534 1642 καὶ
1572 1591 1674 1658 τὴν
1713 1591 1987 1644 οἰκείανΒΊ

254 1677 515 1741 ἑκάστους
552 1680 791 1749 πατρίδα
829 1682 1158 1747 νικήσαντας
1195 1678 1514 1746 ἐπαυξῆσαι·
1554 1676 1644 1730 καὶ
1682 1679 1733 1732 οἱ
1773 1692 1932 1747 στρα-

251 1766 407 1836 τηγοὶ
454 1766 674 1837 προςέτι
722 1766 1013 1837 ἑκατέρων,
1064 1772 1119 1820 εἴ
1165 1769 1290 1820 τινά
1328 1785 1437 1820 που
1477 1767 1653 1838 ὁρῷεν
1691 1767 1763 1836 μὴ
1811 1764 1923 1819 κατ’

253 1855 498 1924 ἀνάγκην
535 1857 794 1925 πρύμναν
838 1858 1182 1925 κρουόμενον
1228 1855 1630 1918 ἀνακαλοῦντες
1669 1853 1931 1924 ὀνομαστὶ

183 1970 228 2002 20
252 1946 350 1997 τὸν
381 1948 714 2014 τριήραρχον
744 1945 989 2013 ἠρώτων,
1021 1946 1075 1997 οἱ
1106 1941 1208 2013 μὲν
1223 1943 1531 2013 Ἀθηναῖοι,
1563 1946 1611 1997 εἰ
1642 1945 1743 2013 τὴν
1772 1948 1932 1997 πολε-

250 2033 527 2101 μιωτάτην
557 2040 662 2101 γῆν
694 2032 1031 2103 οἰκειοτέραν
1061 2034 1166 2102 ἤδη
1198 2040 1294 2101 τῆς
1326 2032 1392 2086 οὐ
1425 2032 1491 2086 δι’
1528 2033 1723 2101 ὀλίγου
1753 2034 1930 2085 πόνου

252 2119 544 2189 ἐκτημένης
598 2122 880 2190 θαλάσσης
933 2121 1233 2191 ἡγούμενοι
1295 2120 1703 2191 ἀποχωροῦσιν·
1761 2122 1815 2174 οἱ
1869 2117 1931 2173 δὲ

372 2345 392 2382 1
427 2339 733 2398 ξυνετύγχανὲ
757 2341 780 2383 f
954 2347 981 2385 4
1014 2335 1061 2400 ᾗ]
1102 2339 1129 2397 ἣ
1166 2340 1402 2395 ‘idemque
1444 2339 1745 2384 sescentiens'
1774 2339 1809 2381 P

253 2402 276 2438 7
310 2395 455 2454 μέγαν
488 2400 588 2443 ΜΘ
620 2398 805 2458 [μέγαν]
832 2400 854 2442 f
861 2420 870 2444 ε
906 2414 981 2444 om
1004 2401 1040 2443 P
1222 2405 1247 2443 8
1280 2407 1399 2444 νεῶν
1430 2399 1524 2442 ΜΡ
1555 2402 1608 2443 ut
1639 2396 1926 2454 Thucydidis

251 2455 360 2498 libri
377 2458 660 2502 ABDEF:
686 2460 816 2517 Ιτῶν]
837 2467 954 2503 νεῶν
990 2459 1014 2502 f
1029 2459 1396 2518 Ιξυμπιπτουσῶν
1419 2458 1444 2500 f
1531 2464 1555 2501 9
1581 2455 1866 2514 φθέγγοιντο
1887 2457 1928 2499 Θ

372 2520 426 2558 10
452 2514 583 2570 ἑτέρα
607 2517 635 2572 ἡ
661 2517 797 2562 M¹P=
830 2518 888 2574 δὴ
913 2518 942 2574 ἡ
968 2517 1256 2575 Thucydidis
1276 2519 1320 2560 B
1345 2518 1404 2574 δὴ
1429 2517 1500 2560 Μ2
1522 2517 1546 2559 f
1573 2531 1677 2560 cum
1701 2516 1866 2559 ceteris
1887 2515 1927 2558 Θ

254 2572 383 2615 libris
412 2575 418 2628 Ι
445 2574 526 2618 καὶ
548 2575 576 2631 ἡ
595 2575 687 2618 ΜΡ
711 2576 790 2619 καὶ
818 2577 942 2634 [7⁸1]st
968 2578 1049 2621 καὶ.
1069 2580 1109 2622 Θ
1188 2582 1240 2619 12
1266 2576 1491 2632 ναυτικὴν
1516 2576 1631 2620 MP:
1664 2572 1831 2619 αὐτίκα
1856 2573 1927 2617 f&

393 2636 449 2674 14
482 2640 567 2676 νῦν
599 2631 662 2691 εἴ]
695 2632 801 2678 νυνί
824 2635 860 2676 Ρ
888 2638 893 2691 Ι
922 2651 1032 2679 ποτε
1063 2635 1178 2680 MP:
1211 2650 1323 2679 ποτε
1354 2636 1435 2679 καὶ
1467 2632 1610 2685 αὖθις
1640 2634 1710 2679 f&
1751 2636 1757 2690 Ι
1799 2634 1956 2679 ἀντιο.

250 2688 477 2748 λαβέσθαι
506 2693 546 2734 Θ
667 2698 720 2735 16
754 2694 953 2736 κωλύσαι
976 2695 999 2736 f
1129 2699 1183 2738 17
1218 2693 1411 2738 ἑκάστου
1435 2693 1485 2750 fl
1515 2693 1785 2749 νικήσαντες
1815 2690 1926 2735 M¹h

373 2755 424 2793 18
458 2750 643 2807 ὁρῶ[ε]ν
675 2765 778 2794 eum
812 2751 1017 2795 lituraM
1140 2759 1193 2797 19
1225 2757 1442 2808 πρϋμναν
1474 2753 1557 2796 sed
1582 2769 1612 2807 μ
1635 2754 1808 2808 puncto
1844 2751 1915 2793 de-

251 2808 397 2853 letum
427 2808 475 2851 M
507 2813 722 2864 πρὸμναν
746 2810 781 2852 Ρ
952 2817 1005 2854 21
1041 2813 1168 2870 [γῆν]
1194 2812 1246 2869 fl
1274 2810 1363 2869 δι’]
1396 2809 1466 2855 δε’
1495 2811 1530 2853 Ρ
1682 2809 1871 2867 [πόνου]
1903 2807 1920 2850 f

252 2866 475 2911 omittunt
510 2869 550 2911 Θ
581 2867 691 2910 libri
725 2869 884 2913 ADE
892 2870 940 2912 F
949 2871 990 2913 G
1118 2875 1173 2914 22
1208 2869 1455 2927 ἐκτημένης
1478 2870 1548 2912 Μ1
1579 2866 1838 2924 ἠκτημένης
1867 2867 1922 2911 P:

250 2924 531 2983 κεκτημένης
562 2926 712 2970 ΜΞΈΘ
889 2946 896 2951 ·
