2004 3202
780 159 1204 204 ΔΗΜΟΣΘΕΝΗΣ
1724 160 1828 213 175

152 291 222 363 ἦν
251 292 342 347 καὶ
376 294 567 363 κύριος
598 293 762 356 αὐτὸς
794 294 1051 347 ἁπάντων
1082 303 1192 347 τῶν
1223 293 1471 362 ἀγαθῶν,
1503 293 1594 346 καὶ
1626 294 1831 364 ἀγαπη-

151 384 250 436 τὸν
288 379 358 451 ἦν
394 384 541 453 παρὰ
580 391 679 436 τοῦ
720 384 898 452 δήμου
936 393 1047 436 τῶν
1079 384 1263 436 ἄλλων
1303 381 1506 454 ἑκάστῳ
1546 381 1636 435 καὶ
1676 391 1832 452 τιμῆς

152 470 241 524 καὶ
283 471 450 541 ἀρχῆς
487 469 578 523 καὶ
618 470 837 539 ἀγαθοῦ
876 491 1028 534 τινος
1066 473 1405 541 μεταλαβεῖν.
1476 479 1581 524 νῦν
1612 468 1673 524 δὲ
1709 471 1832 523 τού-

152 563 378 613 ναντιόν
415 559 599 629 κύριοι
638 557 739 628 μὲν
778 569 889 612 τῶν
928 560 1158 628 ἀγαθῶν
1197 560 1250 613 οἱ
1287 557 1703 628 πολιτευόμενοι
1742 557 1832 611 καὶ

153 649 246 702 διὰ
283 648 495 701 τούτων
526 649 739 701 ἅπαντα
777 650 1085 719 πράττεται,
1123 649 1279 718 ὑμεῖς
1310 645 1371 701 δὲ
1407 648 1435 702 ὁ
1477 649 1648 718 δῆμος
1688 647 1833 700 ἐκνε-
1878 667 1898 699 5

153 736 501 807 νευρισμένοι
540 736 630 790 καὶ
669 736 1063 807 περιῃρημένοι
1103 740 1372 808 χρήματα,
1416 738 1734 806 συμμάχους
1774 735 1834 788 ἐν

151 824 428 895 ὑπηρέτου
463 824 552 878 καὶ
592 828 913 896 προσθήκης
951 825 1103 896 μέρει
1142 825 1462 895 γεγένησθε,
1502 825 1833 894 ἀγαπῶντες,

152 912 222 966 ἂν
256 915 529 983 μεταδῶσι
568 915 846 984 θεωρικὸν
876 915 1010 984 ὑμῖν
1048 913 1080 982 ἢ
1121 916 1307 983 βοΐδια
1344 913 1633 984 πέμψωσιν
1665 909 1832 966 οὗτοι.

151 1001 242 1055 καὶ
296 1004 356 1055 τὸ
411 1003 634 1055 πάντων
680 1003 1112 1074 ἀνανδρότατον·
1167 1013 1279 1056 τῶν
1324 1001 1603 1073 ὑμετέρων
1649 1002 1833 1054 αὐτῶν

152 1092 315 1161 χάριν
344 1095 749 1161 προσοφείλετε.
809 1095 866 1145 οἳ
894 1091 942 1144 δ’
969 1091 1028 1144 ἐν
1059 1091 1195 1162 αὐτῇ
1228 1099 1291 1162 τῇ
1323 1094 1478 1144 πόλει
1510 1091 1833 1162 καθείρξαν-
1858 1112 1899 1143 10

66 1193 179 1232 1020
205 1200 290 1242 τες
320 1180 461 1248 ὑμᾶς
494 1179 794 1248 ἐπάγουσιν
823 1178 910 1232 ἐπὶ
947 1180 952 1249 Ι
988 1188 1157 1233 ταῦτα
1188 1178 1279 1232 καὶ
1311 1180 1688 1247 τιθασεύουσι,
1727 1201 1834 1248 χει-

154 1271 378 1338 ροήθεις
432 1269 618 1330 αὑτοῖς
671 1277 974 1331 ποιοῦντες.
1059 1271 1173 1321 ἔστι
1229 1267 1277 1321 δ’
1326 1267 1600 1336 οὐδέποτ’,
1665 1265 1832 1338 οἶμαι,

152 1356 288 1426 μέγα
332 1356 422 1409 καὶ
469 1358 727 1410 νεανικὸν
766 1359 1022 1427 φρόνημα
1069 1360 1260 1426 λαβεῖν
1299 1358 1465 1427 μικρὰ
1511 1356 1600 1410 καὶ
1649 1362 1833 1427 φαῦλα

149 1446 500 1515 πράττοντας.
572 1444 718 1499 ὁποῖ’
753 1447 884 1498 ἄττα
926 1447 1031 1515 γὰρ
1072 1445 1142 1498 ἂν
1180 1447 1246 1498 τὰ
1287 1445 1685 1514 ἐπιτηδεύματα
1723 1454 1833 1497 τῶν

151 1533 467 1604 ἀνθρώπων
505 1527 562 1605 ᾖ,
602 1542 858 1587 τοιοῦτον
896 1534 1104 1603 ἀνάγκη
1144 1533 1235 1587 καὶ
1274 1535 1334 1586 τὸ
1376 1536 1633 1604 φρόνημα
1673 1536 1830 1602 ἔχειν.
1857 1554 1897 1587 15

151 1630 320 1675 ταῦτα
358 1624 431 1691 μὰ
470 1624 572 1692 τὴν
610 1625 877 1694 Δήμητρα
917 1623 1017 1676 οὐκ
1056 1622 1126 1675 ἂν
1163 1623 1510 1692 θαυμάσαιμι
1551 1624 1598 1675 εἰ
1637 1626 1833 1691 μείζων

152 1713 360 1764 εἰπόντι
399 1732 492 1780 μοι
531 1710 747 1780 γένοιτο
786 1711 911 1782 παρ’
936 1712 1093 1781 ὑμῶν
1124 1713 1300 1780 βλάβη
1332 1710 1435 1780 <ἢ>
1467 1721 1578 1764 τῶν
1609 1729 1831 1779 πεποιη-

150 1802 328 1852 κότων
359 1800 496 1853 αὐτὰ
536 1799 754 1872 ἑκάστῳ.
818 1798 948 1853 οὐδὲ
988 1802 1091 1870 γὰρ
1131 1803 1408 1870 παρρησία
1446 1798 1570 1870 περὶ
1610 1801 1834 1852 πάντων

152 1887 235 1941 ἀεὶ
280 1887 406 1958 παρ’
444 1889 580 1958 ὑμῖν
626 1888 791 1955 ε’στιν,
840 1888 959 1942 ἀλλ’
1000 1888 1161 1957 ἔγωγ’
1202 1890 1286 1942 ὅτι
1331 1888 1422 1941 καὶ
1469 1897 1575 1941 νῦν
1622 1887 1831 1956 γέγονε,

151 1977 447 2046 θαυμάζω.’
524 1977 729 2045 ταύτην
767 1978 867 2046 τὴν
906 1977 1150 2041 διάλεξιν
1188 1980 1270 2040 τίς
1311 1977 1411 2030 οὐκ
1458 1976 1527 2030 ἂν
1567 1978 1831 2046 ὁμολογή-
1855 1995 1898 2027 20

153 2081 262 2118 σειε
301 2063 390 2117 καὶ
430 2067 564 2118 κατὰ
602 2061 772 2119 τᾶλλα
810 2063 910 2134 μὲν
941 2067 1118 2118 πάντα
1149 2065 1437 2136 διαφέρειν
1468 2074 1562 2134 τῆς
1594 2065 1831 2134 Ἰσοκρά-

150 2174 305 2218 τους;
359 2151 447 2206 καὶ
504 2155 607 2223 γὰρ
664 2152 1050 2224 εὐγενέστερον
1097 2153 1306 2222 ἐκείνης
1359 2153 1450 2206 καὶ
1499 2159 1831 2223 μεγαλοπρε-

149 2242 415 2313 πέστερον
453 2242 760 2312 ἡρμήνευκε
799 2243 863 2295 τά
902 2243 1191 2312 πράγματα
1230 2240 1319 2294 καὶ
1356 2283 1368 2294 .
1393 2283 1404 2294 .
1430 2283 1440 2294 .
1476 2245 1832 2312 περιείληφεν

1935 1950 1972 1967 l

272 2437 294 2475 1
330 2431 725 2488 καὶ-ἀγαπητὸν
756 2427 814 2487 ἦν
848 2444 922 2474 om
954 2431 988 2474 P
1079 2435 1106 2473 4
1139 2430 1183 2474 οἱ
1214 2430 1562 2487 πολιτευόμενοι
1594 2439 1684 2475 τῶν
1715 2432 1830 2488 ἀγα-

152 2494 255 2535 θῶν
286 2491 326 2534 D
449 2496 474 2534 6
507 2490 750 2548 χρήμματα
782 2491 817 2532 P
937 2495 962 2532 8
997 2488 1079 2534 ἐὰν
1111 2490 1150 2533 D
1195 2491 1200 2547 Ι
1242 2491 1475 2546 θεωρικὸν
1507 2490 1556 2533 in
1587 2494 1830 2546 θεωρικῶν

151 2552 304 2593 mutat
327 2550 375 2592 M
410 2553 415 2607 Ι
451 2551 583 2606 ὑμεῖν
608 2550 644 2593 Ρ
678 2550 683 2607 Ι
718 2548 895 2607 βοΐδια]
924 2548 1188 2605 Βοηδρόμια
1211 2549 1251 2592 D
1344 2554 1368 2592 9
1402 2549 1733 2605 ἀνδρειότατον
1760 2550 1827 2608 D!

151 2606 382 2665 ἡμετέρων
407 2610 442 2652 Ρ
533 2614 584 2652 11
619 2608 946 2652 τιθασσεὺουσι
977 2608 1154 2651 MBPv
1247 2613 1300 2652 12
1334 2610 1493 2659 αὐτοῖς
1523 2609 1701 2652 MBPv
1738 2611 1742 2666 Ι
1778 2607 1829 2652 δὲ

152 2667 234 2710 ΒΡ
342 2673 395 2711 14
427 2667 705 2723 πράττοντες
737 2667 818 2710 BP
858 2669 862 2723 Ι
902 2667 1016 2710 ἅττα
1047 2666 1130 2710 ΒΡ
1169 2669 1174 2724 Ι
1214 2665 1273 2712 ἂν
1306 2668 1400 2711 add
1432 2668 1504 2710 Μ2
1531 2682 1606 2711 om
1629 2668 1713 2710 BP

155 2731 206 2770 17
242 2726 338 2782 ἐμοὶ
373 2727 413 2770 D
468 2744 518 2783 μι
549 2728 584 2770 P
627 2730 632 2784 Ι
679 2725 703 2783 ἢ
737 2727 831 2769 add
864 2742 891 2769 v
925 2726 954 2770 S
986 2726 1311 2771 Demosthenis
1435 2731 1488 2770 18
1524 2725 1716 2787 ἑκάστῳ]
1757 2742 1829 2784 γε·

154 2782 322 2830 νέσθαι
359 2785 399 2828 D
550 2791 606 2830 20
645 2783 868 2843 διάλεξιν]
916 2782 1038 2837 λέξιν
1067 2785 1285 2830 Reiskius
1436 2791 1490 2828 21
1532 2785 1652 2830 κατὰ
1690 2782 1829 2829 τᾶλλα

154 2843 390 2889 Reiskius:
429 2842 531 2888 κατ’
563 2844 677 2889 ἄλλα
709 2845 847 2887 ΜΒΡ
900 2843 1040 2887 τᾶλλα
1073 2843 1348 2902 Sylburgius
1462 2849 1516 2888 22
1549 2843 1829 2901 μεγαλοπρέ-

156 2915 312 2956 στερον
338 2904 373 2947 Ρ
407 2959 416 2976 Ι
472 2909 526 2947 23
561 2903 809 2960 ἐρμήνευκε
836 2904 870 2946 Ρ
905 2905 911 2960 Ι
945 2902 1161 2947 lacunam
1192 2903 1415 2960 indicaui,
1450 2903 1609 2947 deesse
1643 2904 1829 2947 uidetur

155 2975 515 3018 περιεργοτεροις
