<?xml version="1.0" encoding="UTF-8"?>
<!DOCTYPE html PUBLIC "-//W3C//DTD XHTML 1.0 Transitional//EN"
    "http://www.w3.org/TR/xhtml1/DTD/xhtml1-transitional.dtd">
<html xmlns="http://www.w3.org/1999/xhtml" xml:lang="en" lang="en">
 <head>
  <title>
</title>
<meta http-equiv="Content-Type" content="text/html;charset=utf-8" />
  <meta name='ocr-system' content='tesseract 3.04.00' />
  <meta name='ocr-capabilities' content='ocr_page ocr_carea ocr_par ocr_line ocrx_word'/>
</head>
<body>
  <div class='ocr_page' id='page_1' title='image "./quaeexstant05dionuoft_0481.png"; bbox 0 0 2004 3202; ppageno 0'>
   <div class='ocr_carea' id='block_1_1' title="bbox 364 120 1770 178">
    <p class='ocr_par' dir='ltr' id='par_1_1' title="bbox 364 120 1770 178">
     <span class='ocr_line' id='line_1_1' title="bbox 364 120 1770 178; baseline 0.003 -10"><span class='ocrx_word' id='word_1_1' title='bbox 364 127 512 168; x_wconf 83' lang='grc' dir='ltr'>ΠΕΡΙ</span> <span class='ocrx_word' id='word_1_2' title='bbox 542 126 666 170; x_wconf 79' lang='grc' dir='ltr'><strong><em>ΤΩΝ</em></strong></span> <span class='ocrx_word' id='word_1_3' title='bbox 702 120 1113 170; x_wconf 77' lang='grc' dir='ltr'>ΘΟΤΚΤΔΙΔΟΤ</span> <span class='ocrx_word' id='word_1_4' title='bbox 1144 127 1485 170; x_wconf 77' lang='grc' dir='ltr'><strong>ΙΔΙῼΜΑΤΩΝ</strong></span> <span class='ocrx_word' id='word_1_5' title='bbox 1663 126 1770 178; x_wconf 83' lang='grc'><strong><em>431</em></strong></span> 
     </span>
    </p>
   </div>
   <div class='ocr_carea' id='block_1_2' title="bbox 43 259 1861 2193">
    <p class='ocr_par' dir='ltr' id='par_1_2' title="bbox 43 259 1861 2193">
     <span class='ocr_line' id='line_1_2' title="bbox 91 259 1774 333; baseline 0.001 -20"><span class='ocrx_word' id='word_1_6' title='bbox 91 261 343 329; x_wconf 86' lang='grc' dir='ltr'><strong><em>θηλυκὸν</em></strong></span> <span class='ocrx_word' id='word_1_7' title='bbox 381 260 452 314; x_wconf 76' lang='grc' dir='ltr'><strong><em>ἂν</em></strong></span> <span class='ocrx_word' id='word_1_8' title='bbox 489 259 709 326; x_wconf 80' lang='grc' dir='ltr'><strong><em>ἔζευξαν</em></strong></span> <span class='ocrx_word' id='word_1_9' title='bbox 745 262 962 333; x_wconf 90' lang='grc' dir='ltr'><strong><em>μόριον,</em></strong></span> <span class='ocrx_word' id='word_1_10' title='bbox 1006 259 1098 314; x_wconf 88' lang='grc' dir='ltr'><strong><em>καὶ</em></strong></span> <span class='ocrx_word' id='word_1_11' title='bbox 1136 261 1239 329; x_wconf 87' lang='grc' dir='ltr'><strong><em>τὴν</em></strong></span> <span class='ocrx_word' id='word_1_12' title='bbox 1276 270 1487 314; x_wconf 81' lang='grc' dir='ltr'><strong><em>πτῶσιν</em></strong></span> <span class='ocrx_word' id='word_1_13' title='bbox 1527 261 1645 331; x_wconf 84' lang='grc' dir='ltr'><strong><em>[τῆς</em></strong></span> <span class='ocrx_word' id='word_1_14' title='bbox 1683 282 1774 331; x_wconf 89' lang='grc' dir='ltr'><strong><em>με-</em></strong></span> 
     </span>
     <span class='ocr_line' id='line_1_3' title="bbox 89 347 1774 419; baseline 0.001 -17"><span class='ocrx_word' id='word_1_15' title='bbox 89 349 275 418; x_wconf 84' lang='grc' dir='ltr'><strong><em>τοχῆς]</em></strong></span> <span class='ocrx_word' id='word_1_16' title='bbox 322 350 424 418; x_wconf 83' lang='grc' dir='ltr'><strong><em>τὴν</em></strong></span> <span class='ocrx_word' id='word_1_17' title='bbox 469 350 774 419; x_wconf 84' lang='grc' dir='ltr'><strong><em>αἰτιατικὴν</em></strong></span> <span class='ocrx_word' id='word_1_18' title='bbox 810 348 952 419; x_wconf 75' lang='grc' dir='ltr'><strong><em>&lt;ἂν&gt;</em></strong></span> <span class='ocrx_word' id='word_1_19' title='bbox 998 347 1121 402; x_wconf 84' lang='grc' dir='ltr'><strong><em>ἀντὶ</em></strong></span> <span class='ocrx_word' id='word_1_20' title='bbox 1171 355 1267 417; x_wconf 89' lang='grc' dir='ltr'><strong><em>τῆς</em></strong></span> <span class='ocrx_word' id='word_1_21' title='bbox 1312 357 1531 419; x_wconf 93' lang='grc' dir='ltr'><strong><em>γενικῆς</em></strong></span> <span class='ocrx_word' id='word_1_22' title='bbox 1577 349 1774 415; x_wconf 83' lang='grc' dir='ltr'><strong><em>ἔταξαν</em></strong></span> 
     </span>
     <span class='ocr_line' id='line_1_4' title="bbox 90 438 1774 509; baseline 0.001 -19"><span class='ocrx_word' id='word_1_23' title='bbox 90 438 190 491; x_wconf 87' lang='grc' dir='ltr'><strong><em>τὸν</em></strong></span> <span class='ocrx_word' id='word_1_24' title='bbox 219 440 429 508; x_wconf 80' lang='grc' dir='ltr'><strong><em>τρόπον</em></strong></span> <span class='ocrx_word' id='word_1_25' title='bbox 450 439 633 491; x_wconf 83' lang='grc' dir='ltr'><strong><em>τόνδε·</em></strong></span> <span class='ocrx_word' id='word_1_26' title='bbox 665 439 1056 509; x_wconf 65' lang='grc' dir='ltr'><strong><em>εσωφροσύνην</em></strong></span> <span class='ocrx_word' id='word_1_27' title='bbox 1079 439 1185 508; x_wconf 81' lang='grc' dir='ltr'><strong><em>γὰρ</em></strong></span> <span class='ocrx_word' id='word_1_28' title='bbox 1210 439 1478 507; x_wconf 87' lang='grc' dir='ltr'><strong><em>λαβοῦσαι</em></strong></span> <span class='ocrx_word' id='word_1_29' title='bbox 1504 439 1560 491; x_wconf 80' lang='grc' dir='ltr'><strong><em>αἱ</em></strong></span> <span class='ocrx_word' id='word_1_30' title='bbox 1586 440 1774 501; x_wconf 89' lang='grc' dir='ltr'><strong><em>πόλεις</em></strong></span> 
     </span>
     <span class='ocr_line' id='line_1_5' title="bbox 77 525 1771 598; baseline 0 -19"><span class='ocrx_word' id='word_1_31' title='bbox 77 525 180 579; x_wconf 58' lang='grc' dir='ltr'><strong><em>,καὶ</em></strong></span> <span class='ocrx_word' id='word_1_32' title='bbox 228 527 421 579; x_wconf 80' lang='grc' dir='ltr'><strong><em>ἄδειαν</em></strong></span> <span class='ocrx_word' id='word_1_33' title='bbox 465 536 577 580; x_wconf 86' lang='grc' dir='ltr'><strong><em>τῶν</em></strong></span> <span class='ocrx_word' id='word_1_34' title='bbox 625 531 1023 598; x_wconf 81' lang='grc' dir='ltr'><strong><em>πρασσομένων</em></strong></span> <span class='ocrx_word' id='word_1_35' title='bbox 1071 526 1353 597; x_wconf 82' lang='grc' dir='ltr'><strong><em>ἐχώρησαν</em></strong></span> <span class='ocrx_word' id='word_1_36' title='bbox 1401 525 1486 579; x_wconf 80' lang='grc' dir='ltr'><strong><em>ἐπὶ</em></strong></span> <span class='ocrx_word' id='word_1_37' title='bbox 1537 527 1639 595; x_wconf 85' lang='grc' dir='ltr'><strong><em>τὴν</em></strong></span> <span class='ocrx_word' id='word_1_38' title='bbox 1677 528 1771 579; x_wconf 79' lang='grc' dir='ltr'><strong><em>ἄν-</em></strong></span> 
     </span>
     <span class='ocr_line' id='line_1_6' title="bbox 90 613 1840 686; baseline 0.001 -19"><span class='ocrx_word' id='word_1_39' title='bbox 90 634 279 685; x_wconf 90' lang='grc' dir='ltr'><strong><em>τικρυς</em></strong></span> <span class='ocrx_word' id='word_1_40' title='bbox 326 613 675 686; x_wconf 81' lang='grc' dir='ltr'><strong><em>ἐλευθερίαν,</em></strong></span> <span class='ocrx_word' id='word_1_41' title='bbox 725 617 826 685; x_wconf 87' lang='grc' dir='ltr'><strong><em>τὴν</em></strong></span> <span class='ocrx_word' id='word_1_42' title='bbox 865 615 971 669; x_wconf 90' lang='grc' dir='ltr'><strong><em>ἀπὸ</em></strong></span> <span class='ocrx_word' id='word_1_43' title='bbox 1019 625 1130 669; x_wconf 83' lang='grc' dir='ltr'><strong><em>τῶν</em></strong></span> <span class='ocrx_word' id='word_1_44' title='bbox 1167 613 1484 684; x_wconf 88' lang='grc' dir='ltr'><strong><em>Ἀθηναίων</em></strong></span> <span class='ocrx_word' id='word_1_45' title='bbox 1522 614 1772 669; x_wconf 81' lang='grc' dir='ltr'><strong><em>ὕπουλον</em></strong></span> <span class='ocrx_word' id='word_1_46' title='bbox 1817 636 1840 669; x_wconf 82' lang='lat'><strong>5</strong></span> 
     </span>
     <span class='ocr_line' id='line_1_7' title="bbox 91 700 1773 775; baseline 0.001 -19"><span class='ocrx_word' id='word_1_47' title='bbox 91 702 356 773; x_wconf 83' lang='grc' dir='ltr'><strong><em>εὐνομίαν</em></strong></span> <span class='ocrx_word' id='word_1_48' title='bbox 402 704 468 758; x_wconf 88' lang='grc' dir='ltr'><strong><em>οὐ</em></strong></span> <span class='ocrx_word' id='word_1_49' title='bbox 514 704 950 775; x_wconf 76' lang='grc' dir='ltr'><strong><em>προτιμήσασαιῖ</em></strong></span> <span class='ocrx_word' id='word_1_50' title='bbox 1028 705 1081 758; x_wconf 78' lang='grc' dir='ltr'><strong><em>οἱ</em></strong></span> <span class='ocrx_word' id='word_1_51' title='bbox 1127 700 1188 757; x_wconf 76' lang='grc' dir='ltr'><strong><em>δὲ</em></strong></span> <span class='ocrx_word' id='word_1_52' title='bbox 1235 706 1302 757; x_wconf 84' lang='grc' dir='ltr'><strong><em>τὰ</em></strong></span> <span class='ocrx_word' id='word_1_53' title='bbox 1348 703 1611 775; x_wconf 82' lang='grc' dir='ltr'><strong><em>ἀρρενικὰ</em></strong></span> <span class='ocrx_word' id='word_1_54' title='bbox 1657 713 1773 766; x_wconf 88' lang='grc' dir='ltr'><strong><em>τοῖς</em></strong></span> 
     </span>
     <span class='ocr_line' id='line_1_8' title="bbox 43 789 1773 863; baseline 0 -18"><span class='ocrx_word' id='word_1_55' title='bbox 43 855 45 857; x_wconf 22' lang='lat'>¹</span> <span class='ocrx_word' id='word_1_56' title='bbox 88 797 360 861; x_wconf 77' lang='grc' dir='ltr'><strong><em>θηλυκοῖς</em></strong></span> <span class='ocrx_word' id='word_1_57' title='bbox 399 794 807 862; x_wconf 79' lang='grc' dir='ltr'><strong><em>συντάττοντες,</em></strong></span> <span class='ocrx_word' id='word_1_58' title='bbox 847 795 1021 863; x_wconf 83' lang='grc' dir='ltr'><strong><em>ὥςπερ</em></strong></span> <span class='ocrx_word' id='word_1_59' title='bbox 1063 789 1224 856; x_wconf 87' lang='grc' dir='ltr'><strong><em>οὗτος</em></strong></span> <span class='ocrx_word' id='word_1_60' title='bbox 1254 796 1568 862; x_wconf 89' lang='grc' dir='ltr'><strong><em>πεποίηκεν,</em></strong></span> <span class='ocrx_word' id='word_1_61' title='bbox 1610 791 1773 861; x_wconf 86' lang='grc' dir='ltr'><strong><em>&lt;καὶ&gt;</em></strong></span> 
     </span>
     <span class='ocr_line' id='line_1_9' title="bbox 89 881 1773 953; baseline 0.001 -19"><span class='ocrx_word' id='word_1_62' title='bbox 89 882 185 943; x_wconf 77' lang='grc' dir='ltr'><strong><em>τὰς</em></strong></span> <span class='ocrx_word' id='word_1_63' title='bbox 224 883 443 949; x_wconf 81' lang='grc' dir='ltr'><strong><em>γενικὰς</em></strong></span> <span class='ocrx_word' id='word_1_64' title='bbox 489 881 612 935; x_wconf 87' lang='grc' dir='ltr'><strong><em>ἀντὶ</em></strong></span> <span class='ocrx_word' id='word_1_65' title='bbox 658 892 769 935; x_wconf 86' lang='grc' dir='ltr'><strong><em>τῶν</em></strong></span> <span class='ocrx_word' id='word_1_66' title='bbox 818 883 1136 935; x_wconf 83' lang='grc' dir='ltr'><strong><em>αἰτιατικῶν</em></strong></span> <span class='ocrx_word' id='word_1_67' title='bbox 1184 883 1446 935; x_wconf 83' lang='grc' dir='ltr'><strong><em>πτώσεων</em></strong></span> <span class='ocrx_word' id='word_1_68' title='bbox 1490 886 1773 953; x_wconf 89' lang='grc' dir='ltr'><strong><em>παραλαμ-</em></strong></span> 
     </span>
     <span class='ocr_line' id='line_1_10' title="bbox 89 969 1772 1040; baseline 0 -18"><span class='ocrx_word' id='word_1_69' title='bbox 89 970 354 1038; x_wconf 88' lang='grc' dir='ltr'><strong><em>βάνοντες</em></strong></span> <span class='ocrx_word' id='word_1_70' title='bbox 400 973 728 1036; x_wconf 81' lang='grc' dir='ltr'><strong><em>σολοικίζειν</em></strong></span> <span class='ocrx_word' id='word_1_71' title='bbox 777 970 846 1023; x_wconf 81' lang='grc' dir='ltr'><strong><em>ἂν</em></strong></span> <span class='ocrx_word' id='word_1_72' title='bbox 884 969 979 1040; x_wconf 85' lang='grc' dir='ltr'><strong><em>ὑφ’</em></strong></span> <span class='ocrx_word' id='word_1_73' title='bbox 1017 970 1174 1040; x_wconf 82' lang='grc' dir='ltr'><strong><em>ἡμῶν</em></strong></span> <span class='ocrx_word' id='word_1_74' title='bbox 1219 970 1485 1039; x_wconf 82' lang='grc' dir='ltr'><strong><em>λέγοιντο.</em></strong></span> <span class='ocrx_word' id='word_1_75' title='bbox 1561 969 1652 1023; x_wconf 87' lang='grc' dir='ltr'><strong><em>καὶ</em></strong></span> <span class='ocrx_word' id='word_1_76' title='bbox 1692 973 1772 1023; x_wconf 83' lang='grc' dir='ltr'><strong><em>ἔτι</em></strong></span> 
     </span>
     <span class='ocr_line' id='line_1_11' title="bbox 61 1057 1839 1132; baseline 0.001 -21"><span class='ocrx_word' id='word_1_77' title='bbox 61 1070 84 1111; x_wconf 91' lang='grc'>1</span> <span class='ocrx_word' id='word_1_78' title='bbox 103 1059 170 1111; x_wconf 86' lang='grc' dir='ltr'><strong><em>τά</em></strong></span> <span class='ocrx_word' id='word_1_79' title='bbox 193 1067 441 1112; x_wconf 88' lang='grc' dir='ltr'><strong><em>τοιαῦτα·</em></strong></span> <span class='ocrx_word' id='word_1_80' title='bbox 481 1058 590 1112; x_wconf 63' lang='grc' dir='ltr'><strong><em>εκαὶ</em></strong></span> <span class='ocrx_word' id='word_1_81' title='bbox 621 1060 693 1129; x_wconf 89' lang='grc' dir='ltr'><strong><em>μὴ</em></strong></span> <span class='ocrx_word' id='word_1_82' title='bbox 725 1066 801 1132; x_wconf 82' lang='grc' dir='ltr'><strong><em>τῷ</em></strong></span> <span class='ocrx_word' id='word_1_83' title='bbox 830 1064 1035 1127; x_wconf 88' lang='grc' dir='ltr'><strong><em>πλῆθει</em></strong></span> <span class='ocrx_word' id='word_1_84' title='bbox 1067 1059 1251 1112; x_wconf 85' lang='grc' dir='ltr'><strong><em>αὐτῶν</em></strong></span> <span class='ocrx_word' id='word_1_85' title='bbox 1280 1057 1771 1131; x_wconf 52' lang='grc' dir='ltr'><strong><em>καταπλαξγέντεᾷ·</em></strong></span> <span class='ocrx_word' id='word_1_86' title='bbox 1796 1081 1839 1113; x_wconf 90' lang='lat'><strong><em>10</em></strong></span> 
     </span>
     <span class='ocr_line' id='line_1_12' title="bbox 43 1147 1772 1218; baseline 0.001 -18"><span class='ocrx_word' id='word_1_87' title='bbox 43 1202 47 1206; x_wconf 62' lang='grc'><strong><em>,</em></strong></span> <span class='ocrx_word' id='word_1_88' title='bbox 90 1147 157 1201; x_wconf 88' lang='grc' dir='ltr'><strong><em>οὐ</em></strong></span> <span class='ocrx_word' id='word_1_89' title='bbox 203 1149 308 1218; x_wconf 84' lang='grc' dir='ltr'><strong><em>γὰρ</em></strong></span> <span class='ocrx_word' id='word_1_90' title='bbox 364 1147 451 1200; x_wconf 81' lang='grc' dir='ltr'><strong><em>ἐπὶ</em></strong></span> <span class='ocrx_word' id='word_1_91' title='bbox 507 1155 602 1216; x_wconf 89' lang='grc' dir='ltr'><strong><em>τῆς</em></strong></span> <span class='ocrx_word' id='word_1_92' title='bbox 654 1149 874 1217; x_wconf 79' lang='grc' dir='ltr'><strong><em>δοτικῆς</em></strong></span> <span class='ocrx_word' id='word_1_93' title='bbox 926 1149 1180 1210; x_wconf 85' lang='grc' dir='ltr'><strong><em>πτώσεως</em></strong></span> <span class='ocrx_word' id='word_1_94' title='bbox 1228 1147 1622 1217; x_wconf 81' lang='grc' dir='ltr'><strong><em>ἐσχηματίσθαι</em></strong></span> <span class='ocrx_word' id='word_1_95' title='bbox 1670 1148 1772 1216; x_wconf 83' lang='grc' dir='ltr'><strong><em>τὴν</em></strong></span> 
     </span>
     <span class='ocr_line' id='line_1_13' title="bbox 89 1235 1772 1309; baseline 0 -19"><span class='ocrx_word' id='word_1_96' title='bbox 89 1235 239 1300; x_wconf 82' lang='grc' dir='ltr'><strong><em>λέξιν</em></strong></span> <span class='ocrx_word' id='word_1_97' title='bbox 285 1237 575 1309; x_wconf 60' lang='grc' dir='ltr'><strong><em>ἥρμοττεν,</em></strong></span> <span class='ocrx_word' id='word_1_98' title='bbox 630 1235 748 1290; x_wconf 85' lang='grc' dir='ltr'><strong><em>ἀλλ’</em></strong></span> <span class='ocrx_word' id='word_1_99' title='bbox 789 1235 875 1290; x_wconf 84' lang='grc' dir='ltr'><strong><em>ἐπὶ</em></strong></span> <span class='ocrx_word' id='word_1_100' title='bbox 922 1244 1018 1306; x_wconf 83' lang='grc' dir='ltr'><strong><em>τῆς</em></strong></span> <span class='ocrx_word' id='word_1_101' title='bbox 1064 1238 1385 1306; x_wconf 78' lang='grc' dir='ltr'><strong><em>αἰτιατικῆς·</em></strong></span> <span class='ocrx_word' id='word_1_102' title='bbox 1440 1235 1548 1290; x_wconf 58' lang='lat' dir='ltr'><strong><em>‘uoci</em></strong></span> <span class='ocrx_word' id='word_1_103' title='bbox 1588 1237 1660 1306; x_wconf 86' lang='grc' dir='ltr'><strong><em>μὴ</em></strong></span> <span class='ocrx_word' id='word_1_104' title='bbox 1709 1237 1772 1289; x_wconf 89' lang='grc' dir='ltr'><strong><em>τὸ</em></strong></span> 
     </span>
     <span class='ocr_line' id='line_1_14' title="bbox 88 1322 1770 1397; baseline 0.001 -20"><span class='ocrx_word' id='word_1_105' title='bbox 88 1327 305 1392; x_wconf 86' lang='grc' dir='ltr'><strong><em>πλῆθος</em></strong></span> <span class='ocrx_word' id='word_1_106' title='bbox 344 1335 455 1378; x_wconf 86' lang='grc' dir='ltr'><strong><em>τῶν</em></strong></span> <span class='ocrx_word' id='word_1_107' title='bbox 499 1328 779 1395; x_wconf 87' lang='grc' dir='ltr'><strong><em>πολεμίων</em></strong></span> <span class='ocrx_word' id='word_1_108' title='bbox 827 1324 1294 1393; x_wconf 72' lang='grc' dir='ltr'><strong><em>καταπλαγέντεςῖ</em></strong></span> <span class='ocrx_word' id='word_1_109' title='bbox 1371 1322 1501 1378; x_wconf 75' lang='grc' dir='ltr'><strong><em>οὐδὲ</em></strong></span> <span class='ocrx_word' id='word_1_110' title='bbox 1539 1327 1645 1395; x_wconf 82' lang='grc' dir='ltr'><strong><em>γὰρ</em></strong></span> <span class='ocrx_word' id='word_1_111' title='bbox 1687 1325 1770 1397; x_wconf 63' lang='grc' dir='ltr'><strong><em>ετῇ</em></strong></span> 
     </span>
     <span class='ocr_line' id='line_1_15' title="bbox 88 1412 1770 1484; baseline 0 -18"><span class='ocrx_word' id='word_1_112' title='bbox 88 1415 236 1483; x_wconf 82' lang='grc' dir='ltr'><strong><em>παρὰ</em></strong></span> <span class='ocrx_word' id='word_1_113' title='bbox 275 1423 387 1466; x_wconf 86' lang='grc' dir='ltr'><strong><em>τῶν</em></strong></span> <span class='ocrx_word' id='word_1_114' title='bbox 424 1419 576 1467; x_wconf 82' lang='grc' dir='ltr'><strong><em>θεῶν</em></strong></span> <span class='ocrx_word' id='word_1_115' title='bbox 614 1414 750 1484; x_wconf 78' lang='grc' dir='ltr'><strong><em>ὀργῇ</em></strong></span> <span class='ocrx_word' id='word_1_116' title='bbox 790 1414 1111 1483; x_wconf 84' lang='grc' dir='ltr'><strong><em>φοβεῖσθαι’</em></strong></span> <span class='ocrx_word' id='word_1_117' title='bbox 1150 1412 1348 1482; x_wconf 87' lang='grc' dir='ltr'><strong><em>λέγοιτ’</em></strong></span> <span class='ocrx_word' id='word_1_118' title='bbox 1387 1416 1455 1467; x_wconf 77' lang='grc' dir='ltr'><strong><em>ἄν</em></strong></span> <span class='ocrx_word' id='word_1_119' title='bbox 1493 1434 1591 1482; x_wconf 91' lang='grc' dir='ltr'><strong><em>τις,</em></strong></span> <span class='ocrx_word' id='word_1_120' title='bbox 1631 1414 1770 1468; x_wconf 78' lang='grc' dir='ltr'><strong><em>ἀλλὰ</em></strong></span> 
     </span>
     <span class='ocr_line' id='line_1_16' title="bbox 90 1501 1836 1573; baseline 0.001 -19"><span class='ocrx_word' id='word_1_121' title='bbox 90 1501 211 1570; x_wconf 46' lang='grc' dir='ltr'><strong><em>(τὴν</em></strong></span> <span class='ocrx_word' id='word_1_122' title='bbox 247 1511 359 1554; x_wconf 83' lang='grc' dir='ltr'><strong><em>τῶν</em></strong></span> <span class='ocrx_word' id='word_1_123' title='bbox 397 1508 549 1555; x_wconf 84' lang='grc' dir='ltr'><strong><em>θεῶν</em></strong></span> <span class='ocrx_word' id='word_1_124' title='bbox 587 1503 794 1573; x_wconf 81' lang='grc' dir='ltr'><strong><em>ὀργήν.’</em></strong></span> <span class='ocrx_word' id='word_1_125' title='bbox 1794 1524 1836 1556; x_wconf 87' lang='lat'><strong><em>15</em></strong></span> 
     </span>
     <span class='ocr_line' id='line_1_17' title="bbox 193 1587 1861 1662; baseline 0 -19"><span class='ocrx_word' id='word_1_126' title='bbox 193 1589 268 1642; x_wconf 78' lang='lat' dir='ltr'><strong><em>‘H</em></strong></span> <span class='ocrx_word' id='word_1_127' title='bbox 302 1587 362 1643; x_wconf 75' lang='grc' dir='ltr'><strong><em>δὲ</em></strong></span> <span class='ocrx_word' id='word_1_128' title='bbox 400 1592 547 1661; x_wconf 79' lang='grc' dir='ltr'><strong><em>παρὰ</em></strong></span> <span class='ocrx_word' id='word_1_129' title='bbox 578 1593 707 1654; x_wconf 85' lang='grc' dir='ltr'><strong><em>τοὺς</em></strong></span> <span class='ocrx_word' id='word_1_130' title='bbox 737 1593 973 1661; x_wconf 89' lang='grc' dir='ltr'><strong><em>χρόνους</em></strong></span> <span class='ocrx_word' id='word_1_131' title='bbox 1012 1602 1124 1644; x_wconf 86' lang='grc' dir='ltr'><strong><em>τῶν</em></strong></span> <span class='ocrx_word' id='word_1_132' title='bbox 1155 1592 1414 1662; x_wconf 80' lang='grc' dir='ltr'><strong><em>ῥημάτων</em></strong></span> <span class='ocrx_word' id='word_1_133' title='bbox 1446 1591 1771 1661; x_wconf 84' lang='grc' dir='ltr'><strong><em>ἐκβεβηκυῖα</em></strong></span> <span class='ocrx_word' id='word_1_134' title='bbox 1790 1598 1861 1650; x_wconf 83' lang='grc'><strong><em>12</em></strong></span> 
     </span>
     <span class='ocr_line' id='line_1_18' title="bbox 89 1679 1772 1749; baseline 0.001 -18"><span class='ocrx_word' id='word_1_135' title='bbox 89 1680 150 1732; x_wconf 91' lang='grc' dir='ltr'><strong><em>τὸ</em></strong></span> <span class='ocrx_word' id='word_1_136' title='bbox 204 1681 547 1749; x_wconf 81' lang='grc' dir='ltr'><strong><em>κατάλληλον</em></strong></span> <span class='ocrx_word' id='word_1_137' title='bbox 601 1680 802 1749; x_wconf 85' lang='grc' dir='ltr'><strong><em>φράσις</em></strong></span> <span class='ocrx_word' id='word_1_138' title='bbox 856 1680 1080 1748; x_wconf 89' lang='grc' dir='ltr'><strong><em>τοιαύτη</em></strong></span> <span class='ocrx_word' id='word_1_139' title='bbox 1135 1683 1218 1742; x_wconf 88' lang='grc' dir='ltr'><strong><em>τίς</em></strong></span> <span class='ocrx_word' id='word_1_140' title='bbox 1272 1679 1407 1733; x_wconf 84' lang='grc' dir='ltr'><strong><em>ἐστι·</em></strong></span> <span class='ocrx_word' id='word_1_141' title='bbox 1472 1680 1667 1734; x_wconf 65' lang='grc' dir='ltr'><strong><em>“καίτοι</em></strong></span> <span class='ocrx_word' id='word_1_142' title='bbox 1722 1682 1772 1733; x_wconf 91' lang='grc' dir='ltr'><strong><em>εἰ</em></strong></span> 
     </span>
     <span class='ocr_line' id='line_1_19' title="bbox 91 1764 1773 1839; baseline 0.001 -19"><span class='ocrx_word' id='word_1_143' title='bbox 91 1764 342 1839; x_wconf 74' lang='grc' dir='ltr'><strong><em>ῥᾳθυμία</em></strong></span> <span class='ocrx_word' id='word_1_144' title='bbox 378 1773 589 1837; x_wconf 86' lang='grc' dir='ltr'><strong><em>μᾶλλον</em></strong></span> <span class='ocrx_word' id='word_1_145' title='bbox 627 1767 659 1835; x_wconf 78' lang='grc' dir='ltr'>ἢ</span> <span class='ocrx_word' id='word_1_146' title='bbox 699 1770 889 1820; x_wconf 89' lang='grc' dir='ltr'><strong><em>πόνων</em></strong></span> <span class='ocrx_word' id='word_1_147' title='bbox 926 1768 1138 1839; x_wconf 81' lang='grc' dir='ltr'><strong><em>μελέτῃ,</em></strong></span> <span class='ocrx_word' id='word_1_148' title='bbox 1178 1767 1268 1821; x_wconf 85' lang='grc' dir='ltr'><strong><em>καὶ</em></strong></span> <span class='ocrx_word' id='word_1_149' title='bbox 1307 1769 1379 1837; x_wconf 83' lang='grc' dir='ltr'><strong><em>μὴ</em></strong></span> <span class='ocrx_word' id='word_1_150' title='bbox 1418 1770 1552 1838; x_wconf 80' lang='grc' dir='ltr'><strong><em>μετὰ</em></strong></span> <span class='ocrx_word' id='word_1_151' title='bbox 1583 1771 1773 1838; x_wconf 90' lang='grc' dir='ltr'><strong><em>νόμων</em></strong></span> 
     </span>
     <span class='ocr_line' id='line_1_20' title="bbox 88 1855 1769 1927; baseline 0.001 -18"><span class='ocrx_word' id='word_1_152' title='bbox 88 1857 150 1909; x_wconf 92' lang='grc' dir='ltr'><strong><em>τὸ</em></strong></span> <span class='ocrx_word' id='word_1_153' title='bbox 196 1855 366 1909; x_wconf 90' lang='grc' dir='ltr'><strong><em>πλέον</em></strong></span> <span class='ocrx_word' id='word_1_154' title='bbox 412 1855 443 1924; x_wconf 81' lang='grc' dir='ltr'>ἢ</span> <span class='ocrx_word' id='word_1_155' title='bbox 490 1859 712 1926; x_wconf 88' lang='grc' dir='ltr'><strong><em>τρόπων</em></strong></span> <span class='ocrx_word' id='word_1_156' title='bbox 766 1856 1022 1926; x_wconf 78' lang='grc' dir='ltr'><strong><em>ἀνδρείας</em></strong></span> <span class='ocrx_word' id='word_1_157' title='bbox 1070 1857 1358 1927; x_wconf 84' lang='grc' dir='ltr'><strong><em>ἐθέλοιμεν</em></strong></span> <span class='ocrx_word' id='word_1_158' title='bbox 1402 1859 1769 1924; x_wconf 86' lang='grc' dir='ltr'><strong><em>κινδυνεύειν,</em></strong></span> 
     </span>
     <span class='ocr_line' id='line_1_21' title="bbox 88 1943 1839 2016; baseline 0.002 -19"><span class='ocrx_word' id='word_1_159' title='bbox 88 1947 425 2013; x_wconf 80' lang='grc' dir='ltr'><strong><em>περιγίνεται</em></strong></span> <span class='ocrx_word' id='word_1_160' title='bbox 462 1943 595 2014; x_wconf 84' lang='grc' dir='ltr'><strong><em>ἡμῖν</em></strong></span> <span class='ocrx_word' id='word_1_161' title='bbox 633 1954 747 2007; x_wconf 89' lang='grc' dir='ltr'><strong><em>τοῖς</em></strong></span> <span class='ocrx_word' id='word_1_162' title='bbox 786 1965 842 1998; x_wconf 91' lang='grc' dir='ltr'><strong><em>τε</em></strong></span> <span class='ocrx_word' id='word_1_163' title='bbox 882 1945 1180 2014; x_wconf 90' lang='grc' dir='ltr'><strong><em>μέλλουσιν</em></strong></span> <span class='ocrx_word' id='word_1_164' title='bbox 1210 1946 1486 2014; x_wconf 82' lang='grc' dir='ltr'><strong><em>ἀλγεινοῖς</em></strong></span> <span class='ocrx_word' id='word_1_165' title='bbox 1524 1947 1596 2015; x_wconf 85' lang='grc' dir='ltr'><strong><em>μὴ</em></strong></span> <span class='ocrx_word' id='word_1_166' title='bbox 1635 1965 1767 2016; x_wconf 83' lang='grc' dir='ltr'><strong><em>προ·</em></strong></span> <span class='ocrx_word' id='word_1_167' title='bbox 1793 1969 1839 2001; x_wconf 77' lang='lat'><strong><em>20</em></strong></span> 
     </span>
     <span class='ocr_line' id='line_1_22' title="bbox 89 2031 1767 2105; baseline 0.001 -19"><span class='ocrx_word' id='word_1_168' title='bbox 89 2033 319 2102; x_wconf 88' lang='grc' dir='ltr'><strong><em>κάμνειν</em></strong></span> <span class='ocrx_word' id='word_1_169' title='bbox 357 2031 447 2085; x_wconf 85' lang='grc' dir='ltr'><strong><em>καὶ</em></strong></span> <span class='ocrx_word' id='word_1_170' title='bbox 490 2032 543 2095; x_wconf 83' lang='grc' dir='ltr'><strong><em>ἐς</em></strong></span> <span class='ocrx_word' id='word_1_171' title='bbox 574 2032 711 2086; x_wconf 84' lang='grc' dir='ltr'><strong><em>αὐτὰ</em></strong></span> <span class='ocrx_word' id='word_1_172' title='bbox 753 2033 981 2086; x_wconf 84' lang='grc' dir='ltr'><strong><em>ἐλθοῦσι</em></strong></span> <span class='ocrx_word' id='word_1_173' title='bbox 1013 2035 1084 2103; x_wconf 84' lang='grc' dir='ltr'><strong><em>μὴ</em></strong></span> <span class='ocrx_word' id='word_1_174' title='bbox 1118 2034 1504 2105; x_wconf 88' lang='grc' dir='ltr'><strong><em>ἀτολμοτέροις</em></strong></span> <span class='ocrx_word' id='word_1_175' title='bbox 1534 2045 1645 2088; x_wconf 86' lang='grc' dir='ltr'><strong><em>τῶν</em></strong></span> <span class='ocrx_word' id='word_1_176' title='bbox 1683 2034 1767 2087; x_wconf 82' lang='grc' dir='ltr'><strong><em>ἀεὶ</em></strong></span> 
     </span>
     <span class='ocr_line' id='line_1_23' title="bbox 89 2120 1768 2193; baseline 0.001 -18"><span class='ocrx_word' id='word_1_177' title='bbox 89 2122 456 2191; x_wconf 86' lang='grc' dir='ltr'><strong><em>μοχθούντων</em></strong></span> <span class='ocrx_word' id='word_1_178' title='bbox 502 2122 847 2190; x_wconf 86' lang='grc' dir='ltr'><strong><em>φαι’νεσθαι’·</em></strong></span> <span class='ocrx_word' id='word_1_179' title='bbox 926 2122 1169 2175; x_wconf 81' lang='grc' dir='ltr'><strong><em>ἐνταῦθα</em></strong></span> <span class='ocrx_word' id='word_1_180' title='bbox 1220 2124 1322 2193; x_wconf 83' lang='grc' dir='ltr'><strong><em>γὰρ</em></strong></span> <span class='ocrx_word' id='word_1_181' title='bbox 1377 2124 1438 2175; x_wconf 92' lang='grc' dir='ltr'><strong><em>τὸ</em></strong></span> <span class='ocrx_word' id='word_1_182' title='bbox 1477 2120 1579 2192; x_wconf 74' lang='grc' dir='ltr'><strong><em>μὲν</em></strong></span> <span class='ocrx_word' id='word_1_183' title='bbox 1626 2122 1768 2176; x_wconf 81' lang='grc' dir='ltr'><strong><em>ἐθέ-</em></strong></span> 
     </span>
    </p>
   </div>
   <div class='ocr_carea' id='block_1_3' title="bbox 209 2267 1056 2311">
    <p class='ocr_par' dir='ltr' id='par_1_3' title="bbox 209 2267 1056 2311">
     <span class='ocr_line' id='line_1_24' title="bbox 209 2267 1056 2311; baseline -0.001 0"><span class='ocrx_word' id='word_1_184' title='bbox 209 2273 263 2311; x_wconf 90' lang='grc'><strong><em>10</em></strong></span> <span class='ocrx_word' id='word_1_185' title='bbox 293 2267 423 2311; x_wconf 87' lang='lat' dir='ltr'>Thuc</span> <span class='ocrx_word' id='word_1_186' title='bbox 445 2267 508 2310; x_wconf 93' lang='lat' dir='ltr'><strong><em>IV</em></strong></span> <span class='ocrx_word' id='word_1_187' title='bbox 536 2271 589 2310; x_wconf 89' lang='lat'><strong><em>10</em></strong></span> <span class='ocrx_word' id='word_1_188' title='bbox 713 2271 764 2309; x_wconf 83' lang='grc'><strong><em>17</em></strong></span> <span class='ocrx_word' id='word_1_189' title='bbox 798 2267 838 2309; x_wconf 92' lang='grc' dir='ltr'><strong><em>Π</em></strong></span> <span class='ocrx_word' id='word_1_190' title='bbox 863 2272 917 2310; x_wconf 91' lang='grc'><strong><em>39</em></strong></span> <span class='ocrx_word' id='word_1_191' title='bbox 943 2270 1056 2311; x_wconf 86' lang='lat' dir='ltr'>extr.</span> 
     </span>
    </p>
   </div>
   <div class='ocr_carea' id='block_1_4' title="bbox 50 2398 1768 2990">
    <p class='ocr_par' dir='ltr' id='par_1_4' title="bbox 89 2398 1768 2574">
     <span class='ocr_line' id='line_1_25' title="bbox 211 2398 1765 2460; baseline 0.001 -16"><span class='ocrx_word' id='word_1_192' title='bbox 211 2406 231 2443; x_wconf 93' lang='lat'>1</span> <span class='ocrx_word' id='word_1_193' title='bbox 267 2417 327 2444; x_wconf 86' lang='grc' dir='ltr'><strong><em>αν</em></strong></span> <span class='ocrx_word' id='word_1_194' title='bbox 362 2398 547 2453; x_wconf 81' lang='grc' dir='ltr'><strong><em>ἔζευξαν</em></strong></span> <span class='ocrx_word' id='word_1_195' title='bbox 578 2399 934 2444; x_wconf 82' lang='lat' dir='ltr'>Herwerdenus:</span> <span class='ocrx_word' id='word_1_196' title='bbox 976 2398 1250 2454; x_wconf 82' lang='grc' dir='ltr'><strong><em>ἀντέζευξαν</em></strong></span> <span class='ocrx_word' id='word_1_197' title='bbox 1282 2400 1356 2444; x_wconf 82' lang='lat' dir='ltr'><strong><em>Pa</em></strong></span> <span class='ocrx_word' id='word_1_198' title='bbox 1384 2403 1389 2457; x_wconf 88' lang='grc' dir='ltr'>Ι</span> <span class='ocrx_word' id='word_1_199' title='bbox 1418 2400 1600 2460; x_wconf 83' lang='grc' dir='ltr'><strong><em>μόριον]</em></strong></span> <span class='ocrx_word' id='word_1_200' title='bbox 1634 2417 1765 2458; x_wconf 82' lang='grc' dir='ltr'><strong><em>μετο-</em></strong></span> 
     </span>
     <span class='ocr_line' id='line_1_26' title="bbox 89 2458 1768 2533; baseline 0 -30"><span class='ocrx_word' id='word_1_201' title='bbox 89 2459 222 2517; x_wconf 83' lang='grc' dir='ltr'><strong><em>χικὸν</em></strong></span> <span class='ocrx_word' id='word_1_202' title='bbox 252 2459 588 2503; x_wconf 80' lang='lat' dir='ltr'>Herwerdenus</span> <span class='ocrx_word' id='word_1_203' title='bbox 631 2459 638 2516; x_wconf 89' lang='grc' dir='ltr'>Ι</span> <span class='ocrx_word' id='word_1_204' title='bbox 680 2459 759 2502; x_wconf 80' lang='grc' dir='ltr'><strong><em>καὶ</em></strong></span> <span class='ocrx_word' id='word_1_205' title='bbox 790 2458 894 2516; x_wconf 87' lang='grc' dir='ltr'><strong><em>τὴν]</em></strong></span> <span class='ocrx_word' id='word_1_206' title='bbox 927 2459 1007 2503; x_wconf 85' lang='grc' dir='ltr'><strong><em>καὶ</em></strong></span> <span class='ocrx_word' id='word_1_207' title='bbox 1039 2473 1096 2502; x_wconf 83' lang='lat' dir='ltr'><strong><em>as</em></strong></span> <span class='ocrx_word' id='word_1_208' title='bbox 1115 2460 1146 2533; x_wconf 91' lang='grc' dir='ltr'>Ι</span> <span class='ocrx_word' id='word_1_209' title='bbox 1188 2466 1269 2516; x_wconf 88' lang='grc' dir='ltr'><strong><em>τῆς</em></strong></span> <span class='ocrx_word' id='word_1_210' title='bbox 1310 2467 1503 2517; x_wconf 85' lang='grc' dir='ltr'><strong><em>μετοχῆς</em></strong></span> <span class='ocrx_word' id='word_1_211' title='bbox 1533 2460 1768 2517; x_wconf 81' lang='lat' dir='ltr'>glossema,</span> 
     </span>
     <span class='ocr_line' id='line_1_27' title="bbox 90 2516 1766 2574; baseline 0.001 -12"><span class='ocrx_word' id='word_1_212' title='bbox 90 2518 218 2562; x_wconf 85' lang='lat' dir='ltr'>uocis</span> <span class='ocrx_word' id='word_1_213' title='bbox 252 2517 415 2574; x_wconf 86' lang='grc' dir='ltr'><strong><em>μόριον</em></strong></span> <span class='ocrx_word' id='word_1_214' title='bbox 447 2518 567 2561; x_wconf 83' lang='lat' dir='ltr'><strong>falso</strong></span> <span class='ocrx_word' id='word_1_215' title='bbox 599 2517 700 2560; x_wconf 91' lang='lat' dir='ltr'>loco</span> <span class='ocrx_word' id='word_1_216' title='bbox 732 2517 921 2574; x_wconf 75' lang='lat' dir='ltr'>irrepsit</span> <span class='ocrx_word' id='word_1_217' title='bbox 1041 2524 1065 2561; x_wconf 83' lang='lat'><strong>2</strong></span> <span class='ocrx_word' id='word_1_218' title='bbox 1100 2516 1160 2563; x_wconf 75' lang='grc' dir='ltr'><strong><em>ἂν</em></strong></span> <span class='ocrx_word' id='word_1_219' title='bbox 1190 2518 1399 2563; x_wconf 76' lang='lat' dir='ltr'>restituit</span> <span class='ocrx_word' id='word_1_220' title='bbox 1428 2520 1766 2564; x_wconf 87' lang='lat' dir='ltr'>Herwerdenus</span> 
     </span>
    </p>

    <p class='ocr_par' dir='ltr' id='par_1_5' title="bbox 88 2574 1765 2752">
     <span class='ocr_line' id='line_1_28' title="bbox 149 2574 1760 2636; baseline 0.001 -14"><span class='ocrx_word' id='word_1_221' title='bbox 149 2582 175 2621; x_wconf 89' lang='grc'><strong>6</strong></span> <span class='ocrx_word' id='word_1_222' title='bbox 208 2576 253 2622; x_wconf 82' lang='grc' dir='ltr'><strong><em>οἱ</em></strong></span> <span class='ocrx_word' id='word_1_223' title='bbox 277 2575 348 2636; x_wconf 78' lang='grc' dir='ltr'><strong><em>δὲ]</em></strong></span> <span class='ocrx_word' id='word_1_224' title='bbox 376 2577 416 2620; x_wconf 84' lang='grc' dir='ltr'><strong><em>εἰ</em></strong></span> <span class='ocrx_word' id='word_1_225' title='bbox 439 2574 491 2620; x_wconf 78' lang='grc' dir='ltr'><strong><em>δὲ</em></strong></span> <span class='ocrx_word' id='word_1_226' title='bbox 514 2577 570 2620; x_wconf 92' lang='grc' dir='ltr'><strong><em>Η.</em></strong></span> <span class='ocrx_word' id='word_1_227' title='bbox 597 2576 858 2633; x_wconf 82' lang='lat' dir='ltr'>Stephanus</span> <span class='ocrx_word' id='word_1_228' title='bbox 887 2579 892 2634; x_wconf 91' lang='grc' dir='ltr'>Ι</span> <span class='ocrx_word' id='word_1_229' title='bbox 920 2576 1142 2633; x_wconf 81' lang='grc' dir='ltr'><strong><em>ἀρσενικὰ</em></strong></span> <span class='ocrx_word' id='word_1_230' title='bbox 1167 2592 1187 2620; x_wconf 85' lang='lat' dir='ltr'>s</span> <span class='ocrx_word' id='word_1_231' title='bbox 1274 2583 1298 2621; x_wconf 86' lang='grc'>7</span> <span class='ocrx_word' id='word_1_232' title='bbox 1332 2577 1606 2623; x_wconf 79' lang='grc' dir='ltr'><strong><em>συνέταττον</em></strong></span> <span class='ocrx_word' id='word_1_233' title='bbox 1630 2579 1734 2623; x_wconf 84' lang='lat' dir='ltr'><strong><em>Pas</em></strong></span> <span class='ocrx_word' id='word_1_234' title='bbox 1757 2580 1760 2627; x_wconf 80' lang='grc' dir='ltr'>Ι</span> 
     </span>
     <span class='ocr_line' id='line_1_29' title="bbox 88 2634 1731 2709; baseline 0.002 -29"><span class='ocrx_word' id='word_1_235' title='bbox 88 2635 314 2709; x_wconf 80' lang='grc' dir='ltr'><strong><em>πεποίηκε</em></strong></span> <span class='ocrx_word' id='word_1_236' title='bbox 346 2650 374 2679; x_wconf 82' lang='lat' dir='ltr'><strong><em>a,</em></strong></span> <span class='ocrx_word' id='word_1_237' title='bbox 401 2637 407 2693; x_wconf 85' lang='grc'>1</span> <span class='ocrx_word' id='word_1_238' title='bbox 435 2636 514 2679; x_wconf 80' lang='grc' dir='ltr'><strong><em>καὶ</em></strong></span> <span class='ocrx_word' id='word_1_239' title='bbox 546 2634 720 2679; x_wconf 83' lang='lat' dir='ltr'>inserui</span> <span class='ocrx_word' id='word_1_240' title='bbox 846 2641 871 2679; x_wconf 93' lang='lat'>8</span> <span class='ocrx_word' id='word_1_241' title='bbox 904 2635 1360 2695; x_wconf 83' lang='grc' dir='ltr'><strong><em>παραλαμβάνοντες.</em></strong></span> <span class='ocrx_word' id='word_1_242' title='bbox 1406 2637 1731 2691; x_wconf 78' lang='grc' dir='ltr'><strong><em>σολοικίζειν..</em></strong></span> 
     </span>
     <span class='ocr_line' id='line_1_30' title="bbox 89 2693 1765 2754; baseline 0.002 -16"><span class='ocrx_word' id='word_1_243' title='bbox 89 2693 266 2752; x_wconf 78' lang='grc' dir='ltr'><strong><em>λέγοιτο</em></strong></span> <span class='ocrx_word' id='word_1_244' title='bbox 300 2695 379 2739; x_wconf 81' lang='grc' dir='ltr'><strong><em>καὶ</em></strong></span> <span class='ocrx_word' id='word_1_245' title='bbox 415 2694 525 2738; x_wconf 86' lang='lat' dir='ltr'>inde</span> <span class='ocrx_word' id='word_1_246' title='bbox 557 2695 617 2738; x_wconf 83' lang='lat' dir='ltr'><strong><em>ab</em></strong></span> <span class='ocrx_word' id='word_1_247' title='bbox 651 2710 672 2738; x_wconf 86' lang='lat' dir='ltr'>s</span> <span class='ocrx_word' id='word_1_248' title='bbox 706 2694 1081 2752; x_wconf 80' lang='lat' dir='ltr'>distinguebant,</span> <span class='ocrx_word' id='word_1_249' title='bbox 1121 2698 1245 2740; x_wconf 87' lang='lat' dir='ltr'>recte</span> <span class='ocrx_word' id='word_1_250' title='bbox 1285 2696 1380 2740; x_wconf 88' lang='lat' dir='ltr'><strong><em>iam</em></strong></span> <span class='ocrx_word' id='word_1_251' title='bbox 1410 2697 1466 2741; x_wconf 91' lang='lat' dir='ltr'><strong><em>H.</em></strong></span> <span class='ocrx_word' id='word_1_252' title='bbox 1501 2697 1765 2754; x_wconf 83' lang='lat' dir='ltr'>Stephanus</span> 
     </span>
    </p>

    <p class='ocr_par' dir='ltr' id='par_1_6' title="bbox 208 2713 1646 2813">
     <span class='ocr_line' id='line_1_31' title="bbox 208 2713 1646 2813; baseline 0.001 -15"><span class='ocrx_word' id='word_1_253' title='bbox 208 2759 233 2798; x_wconf 85' lang='lat'>9</span> <span class='ocrx_word' id='word_1_254' title='bbox 266 2753 491 2811; x_wconf 82' lang='grc' dir='ltr'><strong><em>λέγοιντο·</em></strong></span> <span class='ocrx_word' id='word_1_255' title='bbox 525 2753 618 2798; x_wconf 80' lang='lat' dir='ltr'><strong><em>Pa:</em></strong></span> <span class='ocrx_word' id='word_1_256' title='bbox 651 2751 825 2810; x_wconf 81' lang='grc' dir='ltr'><strong><em>λέγοιτο</em></strong></span> <span class='ocrx_word' id='word_1_257' title='bbox 858 2754 971 2798; x_wconf 84' lang='lat' dir='ltr'><strong><em>CDs</em></strong></span> <span class='ocrx_word' id='word_1_258' title='bbox 1145 2760 1197 2798; x_wconf 93' lang='lat'><strong><em>11</em></strong></span> <span class='ocrx_word' id='word_1_259' title='bbox 1233 2755 1282 2799; x_wconf 79' lang='grc' dir='ltr'><strong><em>ἑο·</em></strong></span> <span class='ocrx_word' id='word_1_260' title='bbox 1281 2760 1578 2813; x_wconf 83' lang='grc' dir='ltr'><strong><em>χιματεῖσθαι</em></strong></span> <span class='ocrx_word' id='word_1_261' title='bbox 1582 2713 1646 2799; x_wconf 88' lang='lat' dir='ltr'><strong><em>pP</em></strong></span> 
     </span>
    </p>

    <p class='ocr_par' dir='ltr' id='par_1_7' title="bbox 50 2811 1764 2990">
     <span class='ocr_line' id='line_1_32' title="bbox 50 2811 1764 2887; baseline 0.001 -31"><span class='ocrx_word' id='word_1_262' title='bbox 50 2862 53 2868; x_wconf 81' lang='lat'><em>.</em></span> <span class='ocrx_word' id='word_1_263' title='bbox 90 2817 147 2856; x_wconf 84' lang='lat'><strong><em>14</em></strong></span> <span class='ocrx_word' id='word_1_264' title='bbox 177 2811 300 2887; x_wconf 76' lang='grc' dir='ltr'><strong><em>λέγοι</em></strong></span> <span class='ocrx_word' id='word_1_265' title='bbox 331 2812 417 2857; x_wconf 83' lang='grc' dir='ltr'><strong><em>τᾶν</em></strong></span> <span class='ocrx_word' id='word_1_266' title='bbox 449 2813 484 2856; x_wconf 91' lang='grc' dir='ltr'><strong>Ρ</strong></span> <span class='ocrx_word' id='word_1_267' title='bbox 607 2817 659 2855; x_wconf 86' lang='grc'><strong><em>16</em></strong></span> <span class='ocrx_word' id='word_1_268' title='bbox 693 2811 970 2871; x_wconf 73' lang='grc' dir='ltr'><strong><em>ἐκβεβηκυῖα</em></strong></span> <span class='ocrx_word' id='word_1_269' title='bbox 1001 2814 1037 2857; x_wconf 92' lang='grc' dir='ltr'><strong><em>Ρ</em></strong></span> <span class='ocrx_word' id='word_1_270' title='bbox 1159 2819 1212 2858; x_wconf 81' lang='grc'><strong><em>17</em></strong></span> <span class='ocrx_word' id='word_1_271' title='bbox 1246 2815 1305 2873; x_wconf 87' lang='grc' dir='ltr'><strong><em>εἰ]</em></strong></span> <span class='ocrx_word' id='word_1_272' title='bbox 1336 2815 1365 2872; x_wconf 86' lang='grc' dir='ltr'>ἡ</span> <span class='ocrx_word' id='word_1_273' title='bbox 1391 2814 1431 2859; x_wconf 86' lang='lat' dir='ltr'>G</span> <span class='ocrx_word' id='word_1_274' title='bbox 1552 2820 1605 2859; x_wconf 90' lang='grc'><strong><em>18</em></strong></span> <span class='ocrx_word' id='word_1_275' title='bbox 1631 2814 1764 2872; x_wconf 71' lang='grc' dir='ltr'><strong><em>μετὰ]</em></strong></span> 
     </span>
     <span class='ocr_line' id='line_1_33' title="bbox 88 2870 1762 2918; baseline 0.001 -2"><span class='ocrx_word' id='word_1_276' title='bbox 88 2871 209 2916; x_wconf 78' lang='grc' dir='ltr'><strong><em>κατὰ</em></strong></span> <span class='ocrx_word' id='word_1_277' title='bbox 241 2872 280 2916; x_wconf 80' lang='lat' dir='ltr'><strong>G</strong></span> <span class='ocrx_word' id='word_1_278' title='bbox 403 2877 455 2915; x_wconf 87' lang='lat'><strong><em>19</em></strong></span> <span class='ocrx_word' id='word_1_279' title='bbox 488 2870 627 2916; x_wconf 82' lang='grc' dir='ltr'><strong><em>πλέον</em></strong></span> <span class='ocrx_word' id='word_1_280' title='bbox 659 2873 803 2917; x_wconf 85' lang='lat' dir='ltr'>etiam</span> <span class='ocrx_word' id='word_1_281' title='bbox 838 2872 969 2917; x_wconf 66' lang='lat' dir='ltr'><strong><em>&amp;OG</em></strong></span> <span class='ocrx_word' id='word_1_282' title='bbox 999 2875 1159 2918; x_wconf 83' lang='grc' dir='ltr'><strong><em>πλεῖον</em></strong></span> <span class='ocrx_word' id='word_1_283' title='bbox 1190 2873 1333 2918; x_wconf 82' lang='lat' dir='ltr'>ceteri</span> <span class='ocrx_word' id='word_1_284' title='bbox 1483 2879 1534 2917; x_wconf 84' lang='lat'><strong><em>21</em></strong></span> <span class='ocrx_word' id='word_1_285' title='bbox 1565 2874 1612 2918; x_wconf 78' lang='grc' dir='ltr'><strong><em>ἐσ</em></strong></span> <span class='ocrx_word' id='word_1_286' title='bbox 1644 2890 1762 2917; x_wconf 85' lang='grc' dir='ltr'><strong><em>αυτα</em></strong></span> 
     </span>
     <span class='ocr_line' id='line_1_34' title="bbox 91 2929 1280 2990; baseline 0.002 -15"><span class='ocrx_word' id='word_1_287' title='bbox 91 2929 279 2976; x_wconf 79' lang='grc' dir='ltr'><strong><em>ἑλθουσι</em></strong></span> <span class='ocrx_word' id='word_1_288' title='bbox 304 2932 339 2974; x_wconf 92' lang='grc' dir='ltr'><strong><em>Ρ</em></strong></span> <span class='ocrx_word' id='word_1_289' title='bbox 367 2932 373 2990; x_wconf 90' lang='grc' dir='ltr'>Ι</span> <span class='ocrx_word' id='word_1_290' title='bbox 402 2929 730 2988; x_wconf 84' lang='grc' dir='ltr'><strong><em>ἀτολμοτέρους</em></strong></span> <span class='ocrx_word' id='word_1_291' title='bbox 764 2933 804 2975; x_wconf 87' lang='grc' dir='ltr'><strong>Θ</strong></span> <span class='ocrx_word' id='word_1_292' title='bbox 833 2934 1019 2988; x_wconf 86' lang='lat' dir='ltr'>praeter</span> <span class='ocrx_word' id='word_1_293' title='bbox 1049 2947 1150 2977; x_wconf 84' lang='lat' dir='ltr'>corr</span> <span class='ocrx_word' id='word_1_294' title='bbox 1181 2933 1280 2977; x_wconf 76' lang='lat' dir='ltr'><strong><em>FG</em></strong></span> 
     </span>
    </p>
   </div>
  </div>
 </body>
</html>
