1958 3192
498 715 990 772 ΙΣΟΚΡΑΤΗΣ
1038 716 1483 773 ΑΘΗΝΑΙΟΣ

251 852 561 922 Ἰσοκράτης
591 850 886 919 Ἀθηναῖος
926 850 1196 920 ἐγεννήθη
1237 849 1338 920 μὲν
1376 850 1464 905 ἐπὶ
1504 859 1597 920 τῆς
1629 853 1825 920 ὀγδοη-

148 950 344 1009 κοστῆς
415 939 503 993 καὶ
572 938 727 1008 ἕκτης
787 938 1151 1008 Ὀλυμπιάδος
1228 941 1493 1010 ἄρχοντος
1557 940 1824 1008 Ἀθήνησι

157 1031 473 1098 Λυσιμάχου
503 1027 723 1100 πέμπτῳ
751 1031 1022 1099 πρότερον
1045 1031 1151 1082 ἔτει
1175 1037 1274 1082 τοῦ
1300 1033 1825 1097 Πελοποννησιακοῦ

105 1117 417 1187 5πολέμου,
480 1116 607 1170 δυσὶ
660 1116 750 1169 καὶ
805 1122 1014 1170 εἴκοσιν
1074 1119 1216 1170 ἔτεσι
1276 1119 1540 1188 νεώτερος
1594 1120 1826 1185 Λυσίου,
1910 1128 1913 1131 “

149 1208 351 1275 πατρὸς
391 1203 450 1258 δὲ
488 1202 557 1274 ἧν
600 1206 919 1275 Θεοδώρου,
959 1207 1109 1268 τινὸς
1147 1215 1258 1259 τῶν
1296 1209 1533 1275 μετρίων
1569 1211 1827 1273 πολιτῶν,

148 1295 494 1364 θεράποντας
533 1294 867 1356 αὐλοποιοὺς
904 1293 1235 1363 κεκτημένου
1273 1293 1364 1347 καὶ
1403 1295 1501 1347 τὸν
1549 1297 1676 1363 βίον
1721 1293 1826 1346 ἀπὸ

149 1383 346 1451 ταύτης
378 1385 599 1451 ε’χοντος
629 1389 724 1450 τῆς
757 1381 1024 1452 ε’ργασιᾞας
1087 1382 1303 1450 ἀγωγης
1334 1379 1395 1435 δε
1425 1383 1606 1451 τυχὼν
1637 1381 1828 1450 εὐσχη-

151 1491 319 1539 ιιονος
348 1469 437 1523 καὶ
467 1469 790 1533 παιδευθεὶς
814 1470 1043 1533 οὐδενὸς
1067 1470 1381 1539 ἩΑθηναιων
1404 1479 1606 1540 χεῖρον,
1640 1469 1894 1537 ἐπειδὴ
1924 1523 1937 1541 (Π,

85 1583 126 1615 10
151 1560 374 1628 τάχιστα
413 1559 550 1629 ἀνὴρ
592 1558 831 1627 ἐγένετο,
872 1557 1219 1630 φιῙλοσοφίας
1259 1558 1583 1627 ἐπεθύμησε
1652 1560 1806 1626 γενό-
1831 1576 1929 1617 535·

151 1667 314 1715 μενος
346 1644 406 1699 δε
438 1647 705 1716 ἀκουστὴς
737 1649 1024 1717 Προδίκου
1055 1667 1111 1701 τε
1143 1655 1241 1700 τοῦ
1265 1650 1438 1700 Κείου
1469 1645 1558 1700 καὶ
1587 1649 1828 1716 Γοργίου

151 1743 250 1787 τοῦ
284 1738 587 1788 Λεοντίνου
625 1735 714 1788 καὶ
755 1739 946 1789 Τισίου
981 1744 1080 1789 τοῦ
1111 1739 1520 1805 Συρακουσίου,
1559 1744 1670 1788 τῶν
1707 1737 1829 1788 τότε

151 1822 410 1891 μέγιστον
449 1826 622 1893 ὄνομα
661 1824 721 1876 ἐν
766 1833 881 1886 τοῖς
913 1823 1175 1892 “”Έλλησιν
1221 1823 1460 1892 ἐχόντων
1508 1822 1594 1876 ἐπὶ
1642 1825 1829 1893 σοφίᾳ,

153 1912 225 1973 ὡς
266 1911 331 1964 δέ
364 1932 507 1974 τινες
548 1914 851 1982 ἱστοροῦσι,
901 1911 991 1965 καὶ
1036 1912 1390 1982 Θηραμένους
1435 1920 1534 1965 τοῦ
1582 1911 1828 1982 ῥήτορος,

87 2024 128 2055 15
154 1999 219 2052 ὃν
259 2001 311 2052 οἱ
349 2002 643 2070 τριάκοντα
681 2000 1005 2054 ἀπέκτειναν
1036 2002 1335 2070 δημοτικὸν
1366 1997 1507 2053 εἶναι
1539 2001 1828 2068 δοκοῦντα,

153 2089 401 2156 σπουδὴν
439 2086 540 2157 μὲν
579 2089 813 2143 ἐποιεῖτο
852 2091 1112 2160 πράττειν
1150 2109 1206 2142 τε
1245 2088 1334 2142 καὶ
1368 2088 1549 2156 λέγειν
1579 2089 1646 2141 τὰ
1675 2092 1830 2140 πολι-

151 2177 289 2244 τικά,
330 2177 402 2238 ὡς
441 2174 501 2229 δε
540 2177 572 2245 ἡ
610 2179 776 2246 φύσις
806 2178 1151 2254 ἠναντιοῦτο,
1191 2198 1256 2230 τα
1286 2187 1474 2247 πρῶτα
1511 2175 1600 2229 καὶ
1632 2177 1831 2245 κυριώ-

151 2284 284 2316 τατα
336 2272 435 2317 τοῦ
484 2285 713 2335 ρητορος
763 2265 1096 2335 ἀφελομένη,
1150 2269 1358 2335 τόλμαν
1404 2285 1460 2318 τε
1505 2263 1594 2317 καὶ
1643 2270 1830 2333 φωνῆς

151 2351 408 2420 μέγεθος,
465 2348 542 2405 ὧν
588 2353 753 2423 χωρὶς
800 2354 898 2423 οὐχ
947 2348 1068 2408 οἷόν
1113 2374 1169 2407 τε
1216 2351 1285 2422 ἧν
1333 2353 1392 2406 έν
1438 2355 1579 2424 ὄχλῳ
1631 2352 1829 2420 λέγειν,

1936 1923 1942 1936 Ι

1948 2063 1958 2163 3

1951 2166 1958 2210 ἱ

1922 2246 1936 2291 ⁶.
1950 2211 1958 2391 ἶ

1933 2449 1958 2493 24!

1935 2505 1958 2543 ’j

273 2515 326 2554 17
359 2511 409 2554 ef
434 2512 558 2555 Isocr
588 2512 771 2555 Panath
799 2518 853 2555 10
900 2513 1088 2570 Philipp
1114 2518 1167 2557 81
1203 2527 1291 2570 epp
1317 2516 1356 2568 8,
1385 2517 1408 2555 7

270 2656 521 2702 Διονυσίου
592 2657 933 2712 ἁλικαρνασέως
995 2661 1098 2715 περὶ
1162 2667 1253 2703 τῶν
1320 2655 1526 2716 ἀρχαίων
1595 2654 1828 2713 ῥἠτόρωνε

155 2718 528 2761 ΙΣΟΚΡΑΤΗΣ
561 2719 899 2762 ΑΘΗΝΑΙΟΣ
932 2718 1147 2762 inscribit
1185 2719 1232 2761 M
1358 2722 1378 2760 1
1422 2717 1492 2760 ἀθ
1494 2723 1658 2789 ηναῖος
1695 2715 1755 2760 F:
1805 2715 1829 2760 ὁ

151 2777 389 2833 ἀθηναῐος
426 2775 565 2819 ΜΡΒ
686 2782 711 2819 6
751 2777 1002 2831 θεωδωρου
1042 2778 1077 2820 F
1201 2782 1251 2820 11
1287 2773 1335 2819 δ’
1364 2776 1400 2819 Ρ
1451 2776 1456 2831 Ι
1510 2772 1613 2819 κίον
1653 2774 1712 2816 F¹

155 2839 209 2877 12
232 2833 379 2879 τισίου
405 2848 460 2878 ex
487 2832 631 2878 σιτίου
655 2835 702 2877 Μ
732 2836 735 2880 Ι
765 2834 1040 2901 συρακοσίου
1065 2836 1158 2878 ΜΒ
1237 2839 1290 2878 13
1317 2834 1366 2878 ἐν
1390 2841 1487 2884 τοῖς
1519 2831 1696 2889 ελλησιν
1713 2832 1828 2876 ΜΒ·

152 2907 230 2937 om
253 2894 288 2937 F
321 2909 425 2938 cum
450 2893 583 2950 signo
616 2893 763 2937 mucis
789 2893 838 2936 in
860 2909 939 2950 mg
979 2894 1029 2939 ἐν
1053 2902 1148 2945 τοῖς
1173 2908 1249 2938 om
1271 2894 1307 2936 P
1385 2896 1439 2936 15
1471 2894 1622 2948 δημο.
1642 2892 1771 2935 τικὸν
1795 2892 1830 2934 F

274 2958 327 2997 17
360 2953 618 3009 κυριώτατα
651 2952 945 3009 Sylburgius:
978 2954 1229 3008 κυριώτερα
1323 2957 1376 2995 19
1410 2946 1498 3002 ὧςν
1530 2952 1565 2994 P
