2004 3202
233 131 340 184 396
647 133 986 177 ΔΙΟΝΤΣΙΟΤ
1016 133 1483 176 ΑΛῙΚΑΡΝΑΣΕῼΣ

234 268 426 320 οἰκεῖοι
465 265 554 319 καὶ
592 269 960 337 προσήκοντες
998 262 1138 334 ἦσαν
1185 267 1238 319 οἱ
1275 265 1402 336 περὶ
1446 274 1542 334 τῆς
1589 265 1910 337 ἐλευθερίας

233 341 414 423 λόγοιΙ
441 359 884 426 παρακαλοῦντες
944 356 1073 416 τοὺς
1114 352 1448 423 Ἀθηναίους
1508 355 1580 424 μὴ
1641 356 1908 408 καταδου-

235 449 475 498 λοῦσθαι
534 446 698 496 πόλιν
756 442 1048 510 Ἑλληνίδα
1116 439 1288 511 μηδὲν
1349 440 1770 513 ἁμαρτάνουσαν
1830 445 1910 506 εἰς

236 531 465 600 αὐτούς,
520 532 692 593 οὕτως
745 530 835 583 καὶ
888 539 1002 592 τοῖς
1049 529 1363 599 Ἀθηναίων
1409 540 1729 602 στρατηγοῖς
1780 530 1909 602 πρέ-

189 643 209 674 5
235 638 431 683 ποντες
461 617 603 689 ἦσαν
634 621 686 672 οἱ
716 617 842 688 περὶ
874 627 986 671 τῶν
1017 619 1248 672 δικαίων
1277 618 1396 688 μήτ’
1431 618 1691 684 ἐξετάζειν
1716 618 1910 682 ἐῶντες

236 711 368 778 μήτε
407 708 604 776 λέγειν,
645 707 781 760 ἀλλὰ
812 707 911 759 τὸν
947 714 1042 775 τῆς
1080 710 1204 775 βίας
1249 706 1339 760 καὶ
1384 707 1698 772 πλεονεξίας
1735 710 1911 777 νόμον

236 799 546 865 εἰσάγοντες
606 794 696 848 καὶ
765 784 914 847 ταῦτ’
977 791 1118 848 εἶναι
1186 797 1371 848 δίκαια
1438 805 1553 859 τοῖς
1613 795 1910 849 ἀσθενέσιν

237 886 662 955 ἀποφαίνοντες,
710 884 811 937 ὅσα
855 893 971 946 τοῖς
1019 883 1391 955 ἰσχυροτέροις
1436 886 1608 949 δοκεῖ;
1660 884 1763 952 ἐγὼ
1809 904 1911 954 μεν

236 976 340 1044 γὰρ
381 973 481 1026 οὐκ
521 979 703 1042 οἰομαι
735 981 852 1035 τοῖς
891 972 950 1025 ἐκ
987 981 1081 1041 τῆς
1120 971 1346 1045 εὐνομωῖ
1353 974 1514 1042 τάτης
1560 976 1768 1035 πόλεως
1807 971 1893 1026 ἐπὶ
1913 982 1987 1034 915

170 1083 212 1115 10
237 1063 330 1124 τὰς
369 1061 467 1125 ε’ξω
499 1064 687 1124 πόλεις
722 1059 1213 1130 ἀποστελλομένοις
1250 1061 1477 1130 ἡγεμόσι
1507 1069 1678 1114 ταῦτα
1707 1062 1911 1132 προσή-

235 1170 353 1203 κειν
391 1149 669 1218 λέγεσθαι,
710 1148 827 1203 οὐδ’
868 1170 938 1202 αν
969 1148 1258 1219 ἀξιώσαιμι
1294 1152 1424 1212 τοὺς
1462 1169 1563 1219 μεν
1593 1153 1911 1220 μικροπολί-

235 1259 330 1301 τας
359 1237 449 1291 καὶ
481 1235 654 1308 μηδὲν
685 1241 850 1309 ἔργον
883 1235 1143 1307 ἐπιφανὲς
1175 1237 1635 1307 ἀποδειξαμένους
1657 1241 1911 1306 Μηλίους

235 1325 440 1380 πλεόνα
478 1335 577 1380 τοῦ
616 1332 788 1380 καλοῦ
819 1333 1102 1380 ποιεῖσθαι
1132 1329 1403 1397 πρόνοιαν
1432 1327 1465 1395 ἢ
1498 1335 1597 1379 τοῦ
1629 1326 1912 1395 ἀσφαλοῦς

219 1414 325 1468 ’καὶ
363 1416 541 1469 πάντα
581 1414 831 1485 ἑτοίμους
870 1412 1011 1468 εἶναι
1049 1417 1116 1468 τὰ
1149 1417 1303 1468 δεινὰ
1333 1415 1652 1486 ὑποφέρειν,
1691 1416 1782 1467 ἵνα
1811 1435 1910 1483 μη-

170 1524 212 1557 15
237 1501 333 1556 δὲν
371 1506 617 1573 ἄσχημον
655 1503 1046 1572 ἀναγκασθῶσι
1085 1505 1368 1574 πράττειν,
1417 1506 1547 1566 τοὺς
1586 1500 1647 1556 δὲ
1684 1508 1911 1573 προελο-

235 1591 435 1660 μένους
473 1594 575 1660 τήν
612 1612 669 1644 τε
701 1593 886 1662 χώραν
923 1591 1014 1645 καὶ
1046 1593 1147 1660 τὴν
1175 1595 1342 1645 πόλιν
1373 1591 1613 1645 ἐκλιπεῖν
1643 1593 1781 1644 κατά
1813 1592 1912 1644 τὸν

237 1681 516 1750 Περσικὸν
545 1683 787 1749 πόλεμον
811 1679 1160 1749 Ἀθηναίους,
1192 1681 1284 1733 ἵνα
1314 1677 1486 1749 μηδὲν
1517 1681 1746 1750 αἰσχρὸν
1775 1680 1911 1733 ὑπο-

236 1771 500 1837 μείνωσιν
561 1767 852 1837 ἐπίταγμα,
921 1778 1032 1821 τῶν
1092 1768 1262 1821 ταύτὰ
1322 1767 1778 1839 προαιρουμένων
1839 1769 1912 1830 ὡς

238 1856 487 1924 ἀνοήτων
525 1866 862 1927 κατηγορεῖν.
917 1863 1102 1926 οἰόμαι
1135 1855 1207 1925 δ’,
1248 1858 1331 1910 ὅτι
1361 1856 1466 1910 κᾶν
1497 1863 1551 1910 εἴ
1577 1877 1722 1920 τινες
1754 1859 1912 1910 ἄλλοι

170 1966 214 1998 20
236 1947 528 2014 παρόντων
544 1943 857 2013 Ἀθηναίων
888 1953 1057 1997 ταῦτα
1090 1944 1408 2015 ἐπεχείρουν
1431 1944 1628 2014 λέγειν,
1661 1945 1915 2014 ἐπαχθῶς

237 2035 474 2101 ἤνεγκαν
520 2032 589 2085 ἂν
629 2034 682 2086 οἱ
727 2034 826 2086 τὸν
871 2035 1062 2086 κοινὸν
1112 2036 1238 2101 βίον
1285 2033 1729 2103 ἐξημερώσαντες.
1806 2032 1910 2101 ἐγὼ

236 2118 337 2189 μὲν
369 2122 436 2189 δὴ
471 2122 562 2173 διὰ
593 2122 791 2183 ταύτας
822 2123 917 2183 τὰς
949 2122 1123 2183 αἰτίας
1156 2121 1256 2174 οὐκ
1289 2121 1491 2175 ἐπαινῶ
1523 2123 1620 2175 τὸν
1651 2123 1917 2189 διάλογον

237 2217 435 2261 τοῦτον
489 2209 985 2280 ἀντιπαρεξετάζων
1031 2211 1128 2262 τὸν
1181 2209 1383 2280 ἕτερον.
1461 2210 1521 2263 ἐν
1575 2210 1761 2282 ἐκείνῳ
1811 2207 1912 2279 μὲν

239 2298 341 2365 γὰρ
374 2295 698 2366 Ἀρχίδαμος
730 2298 758 2351 ὁ
785 2299 1219 2367 Λακεδαιμόνιος
1259 2298 1444 2350 δίκαιά
1475 2317 1531 2350 τε
1562 2302 1910 2367 προκαλεῖται

171 2404 215 2435 25
239 2386 367 2445 τοὺς
407 2388 701 2447 Πλαταιεῖς
740 2384 829 2438 καὶ
870 2385 1008 2449 λέξει
1054 2385 1309 2455 κέχρηται
1355 2392 1576 2456 καθαρᾷ
1612 2384 1702 2438 καὶ
1750 2394 1913 2454 σαφεῖ

237 2470 327 2523 καὶ
369 2469 533 2524 οὐδὲν
572 2473 769 2543 ἐχούσῃ
810 2481 985 2543 σχῆμα
1025 2472 1493 2543 βεβασανισμένον
1525 2470 1655 2526 οὐδὲ
1687 2471 1896 2542 ἀναζκό-
1913 2485 1999 2528 920

359 2693 380 2730 1
417 2687 572 2731 εἰκεῖοι
600 2688 646 2730 Μ
783 2694 808 2731 3
839 2689 979 2733 πάλιν
1009 2706 1063 2747 pr
1086 2691 1123 2734 P
1151 2693 1156 2748 Ι
1186 2690 1396 2747 ἑλληνίδη
1401 2709 1427 2735 ν
1452 2691 1499 2733 Μ
1651 2695 1675 2733 9
1709 2691 1910 2745 εὐνομω-

238 2746 394 2797 τάτοις
417 2746 465 2788 Μ
610 2752 662 2789 12
696 2747 1066 2803 ἀποδειξαμενου
1090 2750 1125 2792 Ρ
1265 2755 1317 2793 18
1351 2749 1636 2822 ἐπιτάγματα
1667 2748 1703 2790 Ρ
1722 2750 1744 2822 L
1763 2755 1910 2791 ταῦτα

237 2805 379 2850 MPf:
412 2818 573 2848 uerum
607 2805 752 2848 sensit
768 2805 1057 2878 Sylburgius
1238 2813 1291 2851 19
1325 2808 1482 2864 οἴομαι
1513 2806 1557 2851 δ’
1589 2806 1657 2850 ὅτι
1688 2824 1778 2850 καν
1810 2821 1910 2850 cor-

237 2867 388 2921 rupta.
422 2864 515 2907 fort
547 2863 704 2919 οἰομαι
736 2861 800 2918 δ’,
831 2863 999 2907 αυτίκα
1134 2871 1189 2909 20
1222 2866 1297 2910 ἐπι
1299 2866 1484 2923 χείρουν
1514 2866 1550 2908 Ρ
1578 2868 1584 2922 Ι
1613 2864 1830 2938 ἐπαχθῶς
1861 2867 1910 2909 Μ

357 2927 411 2965 22
445 2922 619 2967 αἰπενῶ
651 2922 686 2964 Ρ
714 2925 720 2980 Ι
748 2923 827 2966 τὸν
859 2922 996 2979 λόγον
1027 2923 1151 2966 ΜΡῘΙ
1267 2930 1321 2968 23
1354 2922 1745 2979 ἀντιπαρεξετάζω
1777 2924 1813 2966 Ρ
