<?xml version="1.0" encoding="UTF-8"?>
<!DOCTYPE html PUBLIC "-//W3C//DTD XHTML 1.0 Transitional//EN"
    "http://www.w3.org/TR/xhtml1/DTD/xhtml1-transitional.dtd">
<html xmlns="http://www.w3.org/1999/xhtml" xml:lang="en" lang="en">
 <head>
  <title>
</title>
<meta http-equiv="Content-Type" content="text/html;charset=utf-8" />
  <meta name='ocr-system' content='tesseract 3.04.00' />
  <meta name='ocr-capabilities' content='ocr_page ocr_carea ocr_par ocr_line ocrx_word'/>
</head>
<body>
  <div class='ocr_page' id='page_1' title='image "./quaeexstant05dionuoft_0430.png"; bbox 0 0 2004 3202; ppageno 0'>
   <div class='ocr_carea' id='block_1_1' title="bbox 241 140 1506 192">
    <p class='ocr_par' dir='ltr' id='par_1_1' title="bbox 241 140 1506 192">
     <span class='ocr_line' id='line_1_1' title="bbox 241 140 1506 192; baseline -0.008 0"><span class='ocrx_word' id='word_1_1' title='bbox 241 140 350 192; x_wconf 79' lang='lat'><em>380</em></span> <span class='ocrx_word' id='word_1_2' title='bbox 667 141 1006 186; x_wconf 74' lang='grc' dir='ltr'><em>ΔΙοΝΤΣῙοΤ</em></span> <span class='ocrx_word' id='word_1_3' title='bbox 1036 140 1506 183; x_wconf 71' lang='grc' dir='ltr'><strong>ΑΑΙΚΑΡΝΑΣΕῼΣ</strong></span> 
     </span>
    </p>
   </div>
   <div class='ocr_carea' id='block_1_2' title="bbox 159 273 1978 2383">
    <p class='ocr_par' dir='ltr' id='par_1_2' title="bbox 159 273 1978 2383">
     <span class='ocr_line' id='line_1_2' title="bbox 237 273 1922 346; baseline 0.002 -18"><span class='ocrx_word' id='word_1_4' title='bbox 237 274 628 346; x_wconf 80' lang='grc' dir='ltr'><em>περιγενέσθαι</em></span> <span class='ocrx_word' id='word_1_5' title='bbox 661 275 967 345; x_wconf 84' lang='grc' dir='ltr'><em>ἐτόλμησάν</em></span> <span class='ocrx_word' id='word_1_6' title='bbox 1005 294 1063 327; x_wconf 90' lang='grc' dir='ltr'><em>τε</em></span> <span class='ocrx_word' id='word_1_7' title='bbox 1100 276 1166 327; x_wconf 78' lang='grc' dir='ltr'><em>τὰ</em></span> <span class='ocrx_word' id='word_1_8' title='bbox 1198 275 1501 343; x_wconf 78' lang='grc' dir='ltr'><em>δεινότατα,</em></span> <span class='ocrx_word' id='word_1_9' title='bbox 1541 273 1834 346; x_wconf 80' lang='grc' dir='ltr'><em>ἐπεξῄεσάν</em></span> <span class='ocrx_word' id='word_1_10' title='bbox 1863 296 1922 331; x_wconf 91' lang='grc' dir='ltr'><em>τε</em></span> 
     </span>
     <span class='ocr_line' id='line_1_3' title="bbox 239 361 1919 436; baseline 0.001 -20"><span class='ocrx_word' id='word_1_11' title='bbox 239 365 334 427; x_wconf 79' lang='grc' dir='ltr'><em>τὰς</em></span> <span class='ocrx_word' id='word_1_12' title='bbox 366 367 628 435; x_wconf 78' lang='grc' dir='ltr'><em>τιμωρίας</em></span> <span class='ocrx_word' id='word_1_13' title='bbox 668 367 746 417; x_wconf 85' lang='grc' dir='ltr'><em>ἔτι</em></span> <span class='ocrx_word' id='word_1_14' title='bbox 787 367 1018 433; x_wconf 82' lang='grc' dir='ltr'><em>μείζους,</em></span> <span class='ocrx_word' id='word_1_15' title='bbox 1059 362 1125 415; x_wconf 94' lang='grc' dir='ltr'><em>οὐ</em></span> <span class='ocrx_word' id='word_1_16' title='bbox 1157 361 1315 432; x_wconf 90' lang='grc' dir='ltr'><em>μέχρι</em></span> <span class='ocrx_word' id='word_1_17' title='bbox 1345 371 1444 416; x_wconf 84' lang='grc' dir='ltr'><em>τοῦ</em></span> <span class='ocrx_word' id='word_1_18' title='bbox 1477 365 1695 417; x_wconf 81' lang='grc' dir='ltr'><em>δικαίου</em></span> <span class='ocrx_word' id='word_1_19' title='bbox 1733 363 1824 418; x_wconf 84' lang='grc' dir='ltr'><em>καὶ</em></span> <span class='ocrx_word' id='word_1_20' title='bbox 1855 372 1919 436; x_wconf 77' lang='grc' dir='ltr'><em>τῇ</em></span> 
     </span>
     <span class='ocr_line' id='line_1_4' title="bbox 236 448 1923 523; baseline 0.001 -19"><span class='ocrx_word' id='word_1_21' title='bbox 236 454 395 505; x_wconf 90' lang='grc' dir='ltr'><em>πόλει</em></span> <span class='ocrx_word' id='word_1_22' title='bbox 434 450 723 523; x_wconf 79' lang='grc' dir='ltr'><strong><em>ξυμφόρου</em></strong></span> <span class='ocrx_word' id='word_1_23' title='bbox 762 450 1172 521; x_wconf 79' lang='grc' dir='ltr'><em>προστιθέντες,</em></span> <span class='ocrx_word' id='word_1_24' title='bbox 1214 450 1267 514; x_wconf 80' lang='grc' dir='ltr'><em>ἐς</em></span> <span class='ocrx_word' id='word_1_25' title='bbox 1299 448 1360 504; x_wconf 79' lang='grc' dir='ltr'><em>δὲ</em></span> <span class='ocrx_word' id='word_1_26' title='bbox 1397 453 1458 505; x_wconf 87' lang='grc' dir='ltr'><em>τὸ</em></span> <span class='ocrx_word' id='word_1_27' title='bbox 1499 450 1773 523; x_wconf 81' lang='grc' dir='ltr'><em>ἑκατέροις</em></span> <span class='ocrx_word' id='word_1_28' title='bbox 1811 470 1923 506; x_wconf 91' lang='grc' dir='ltr'><em>που</em></span> 
     </span>
     <span class='ocr_line' id='line_1_5' title="bbox 240 538 1921 610; baseline 0.001 -17"><span class='ocrx_word' id='word_1_29' title='bbox 240 538 346 593; x_wconf 83' lang='grc' dir='ltr'><em>αἰεὶ</em></span> <span class='ocrx_word' id='word_1_30' title='bbox 384 540 596 609; x_wconf 80' lang='grc' dir='ltr'><em>ἡδονὴν</em></span> <span class='ocrx_word' id='word_1_31' title='bbox 634 543 762 609; x_wconf 82' lang='grc' dir='ltr'><em>ἔχον</em></span> <span class='ocrx_word' id='word_1_32' title='bbox 802 540 1097 609; x_wconf 80' lang='grc' dir='ltr'><em>ὁρίζοντες·</em></span> <span class='ocrx_word' id='word_1_33' title='bbox 1143 538 1233 592; x_wconf 82' lang='grc' dir='ltr'><em>καὶ</em></span> <span class='ocrx_word' id='word_1_34' title='bbox 1265 539 1297 608; x_wconf 76' lang='grc' dir='ltr'>ἢ</span> <span class='ocrx_word' id='word_1_35' title='bbox 1330 541 1462 609; x_wconf 76' lang='grc' dir='ltr'><em>μετὰ</em></span> <span class='ocrx_word' id='word_1_36' title='bbox 1499 543 1692 610; x_wconf 83' lang='grc' dir='ltr'><em>ψήφου</em></span> <span class='ocrx_word' id='word_1_37' title='bbox 1725 540 1921 594; x_wconf 80' lang='grc' dir='ltr'><em>ἀδίκου</em></span> 
     </span>
     <span class='ocr_line' id='line_1_6' title="bbox 195 625 1925 699; baseline 0.001 -19"><span class='ocrx_word' id='word_1_38' title='bbox 195 649 216 680; x_wconf 83' lang='lat'>5</span> <span class='ocrx_word' id='word_1_39' title='bbox 240 630 630 696; x_wconf 80' lang='grc' dir='ltr'><em>καταγνώσεως</em></span> <span class='ocrx_word' id='word_1_40' title='bbox 660 628 692 696; x_wconf 74' lang='grc' dir='ltr'>ἢ</span> <span class='ocrx_word' id='word_1_41' title='bbox 725 626 866 698; x_wconf 85' lang='grc' dir='ltr'><em>χειρὶ</em></span> <span class='ocrx_word' id='word_1_42' title='bbox 897 629 1164 697; x_wconf 86' lang='grc' dir='ltr'><em>κτώμενοι</em></span> <span class='ocrx_word' id='word_1_43' title='bbox 1202 629 1263 681; x_wconf 90' lang='grc' dir='ltr'><em>τὸ</em></span> <span class='ocrx_word' id='word_1_44' title='bbox 1295 637 1515 699; x_wconf 90' lang='grc' dir='ltr'><em>κρατεῖν</em></span> <span class='ocrx_word' id='word_1_45' title='bbox 1546 628 1752 699; x_wconf 78' lang='grc' dir='ltr'><em>ἕτοιμοι</em></span> <span class='ocrx_word' id='word_1_46' title='bbox 1783 625 1925 698; x_wconf 75' lang='grc' dir='ltr'><em>ἦσαν</em></span> 
     </span>
     <span class='ocr_line' id='line_1_7' title="bbox 238 715 1924 789; baseline -0.001 -18"><span class='ocrx_word' id='word_1_47' title='bbox 238 718 340 786; x_wconf 88' lang='grc' dir='ltr'><em>τὴν</em></span> <span class='ocrx_word' id='word_1_48' title='bbox 372 718 566 771; x_wconf 90' lang='grc' dir='ltr'><em>αὐτίκα</em></span> <span class='ocrx_word' id='word_1_49' title='bbox 597 719 946 787; x_wconf 81' lang='grc' dir='ltr'><em>φιλονεικίαν</em></span> <span class='ocrx_word' id='word_1_50' title='bbox 979 716 1359 786; x_wconf 75' lang='grc' dir='ltr'><em>ἐκπιμπλάναι.</em></span> <span class='ocrx_word' id='word_1_51' title='bbox 1401 716 1518 779; x_wconf 80' lang='grc' dir='ltr'><em>ὥςτ’</em></span> <span class='ocrx_word' id='word_1_52' title='bbox 1550 718 1798 789; x_wconf 77' lang='grc' dir='ltr'><em>εὐσεβείᾳ</em></span> <span class='ocrx_word' id='word_1_53' title='bbox 1822 715 1924 787; x_wconf 75' lang='grc' dir='ltr'><em>μὲν</em></span> 
     </span>
     <span class='ocr_line' id='line_1_8' title="bbox 240 800 1922 877; baseline 0 -18"><span class='ocrx_word' id='word_1_54' title='bbox 240 805 523 877; x_wconf 85' lang='grc' dir='ltr'><em>οὐδέτεροι</em></span> <span class='ocrx_word' id='word_1_55' title='bbox 572 805 841 875; x_wconf 82' lang='grc' dir='ltr'><em>ἐνόμιζον,</em></span> <span class='ocrx_word' id='word_1_56' title='bbox 893 804 1190 877; x_wconf 78' lang='grc' dir='ltr'><em>εὐπρεπείᾳ</em></span> <span class='ocrx_word' id='word_1_57' title='bbox 1227 803 1288 858; x_wconf 77' lang='grc' dir='ltr'><em>δὲ</em></span> <span class='ocrx_word' id='word_1_58' title='bbox 1327 808 1520 874; x_wconf 89' lang='grc' dir='ltr'><em>λόγου,</em></span> <span class='ocrx_word' id='word_1_59' title='bbox 1568 800 1650 869; x_wconf 82' lang='grc' dir='ltr'><em>οἷς</em></span> <span class='ocrx_word' id='word_1_60' title='bbox 1688 805 1922 876; x_wconf 81' lang='grc' dir='ltr'><em>ξυμβαίη</em></span> 
     </span>
     <span class='ocr_line' id='line_1_9' title="bbox 240 891 1923 964; baseline 0.001 -17"><span class='ocrx_word' id='word_1_61' title='bbox 240 894 559 964; x_wconf 80' lang='grc' dir='ltr'><em>ἐπιφθόνως</em></span> <span class='ocrx_word' id='word_1_62' title='bbox 606 914 658 947; x_wconf 88' lang='grc' dir='ltr'><em>τι</em></span> <span class='ocrx_word' id='word_1_63' title='bbox 706 891 1141 962; x_wconf 84' lang='grc' dir='ltr'><em>διαπράξασθαι,</em></span> <span class='ocrx_word' id='word_1_64' title='bbox 1189 896 1418 964; x_wconf 77' lang='grc' dir='ltr'><em>ἄμεινον</em></span> <span class='ocrx_word' id='word_1_65' title='bbox 1461 896 1689 963; x_wconf 79' lang='grc' dir='ltr'><em>ἤκουον·</em></span> <span class='ocrx_word' id='word_1_66' title='bbox 1744 897 1810 948; x_wconf 81' lang='grc' dir='ltr'><em>τὰ</em></span> <span class='ocrx_word' id='word_1_67' title='bbox 1861 892 1923 948; x_wconf 77' lang='grc' dir='ltr'><em>δὲ</em></span> 
     </span>
     <span class='ocr_line' id='line_1_10' title="bbox 239 980 1923 1053; baseline 0.001 -19"><span class='ocrx_word' id='word_1_68' title='bbox 239 981 375 1051; x_wconf 85' lang='grc' dir='ltr'><em>μέσα</em></span> <span class='ocrx_word' id='word_1_69' title='bbox 413 992 524 1034; x_wconf 85' lang='grc' dir='ltr'><em>τῶν</em></span> <span class='ocrx_word' id='word_1_70' title='bbox 562 987 804 1035; x_wconf 85' lang='grc' dir='ltr'><em>πολιτῶν</em></span> <span class='ocrx_word' id='word_1_71' title='bbox 839 980 931 1035; x_wconf 82' lang='grc' dir='ltr'><em>ὑπ’</em></span> <span class='ocrx_word' id='word_1_72' title='bbox 972 981 1316 1053; x_wconf 78' lang='grc' dir='ltr'><em>ἀμφοτέρων,</em></span> <span class='ocrx_word' id='word_1_73' title='bbox 1349 982 1381 1051; x_wconf 76' lang='grc' dir='ltr'>ἢ</span> <span class='ocrx_word' id='word_1_74' title='bbox 1416 983 1499 1036; x_wconf 81' lang='grc' dir='ltr'><em>ὅτι</em></span> <span class='ocrx_word' id='word_1_75' title='bbox 1532 983 1636 1036; x_wconf 88' lang='grc' dir='ltr'><em>οὐκ</em></span> <span class='ocrx_word' id='word_1_76' title='bbox 1668 982 1923 1053; x_wconf 81' lang='grc' dir='ltr'><em>ἐξηγωνί-</em></span> 
     </span>
     <span class='ocr_line' id='line_1_11' title="bbox 175 1070 1920 1144; baseline 0.001 -22"><span class='ocrx_word' id='word_1_77' title='bbox 175 1093 216 1122; x_wconf 88' lang='lat'><em>10</em></span> <span class='ocrx_word' id='word_1_78' title='bbox 243 1074 396 1134; x_wconf 79' lang='grc' dir='ltr'><em>ζοντο</em></span> <span class='ocrx_word' id='word_1_79' title='bbox 421 1070 454 1139; x_wconf 74' lang='grc' dir='ltr'>ἢ</span> <span class='ocrx_word' id='word_1_80' title='bbox 481 1072 564 1124; x_wconf 84' lang='grc' dir='ltr'><em>ὅτι</em></span> <span class='ocrx_word' id='word_1_81' title='bbox 597 1074 796 1144; x_wconf 77' lang='grc' dir='ltr'><em>φθόνῳ</em></span> <span class='ocrx_word' id='word_1_82' title='bbox 829 1079 928 1124; x_wconf 85' lang='grc' dir='ltr'><em>τοῦ</em></span> <span class='ocrx_word' id='word_1_83' title='bbox 959 1080 1247 1142; x_wconf 89' lang='grc' dir='ltr'><em>περιεῖναι,</em></span> <span class='ocrx_word' id='word_1_84' title='bbox 1280 1073 1685 1142; x_wconf 87' lang='grc' dir='ltr'><em>διεφθείροντο.</em></span> <span class='ocrx_word' id='word_1_85' title='bbox 1743 1072 1884 1125; x_wconf 82' lang='grc' dir='ltr'><em>οὕτω</em></span> <span class='ocrx_word' id='word_1_86' title='bbox 1913 1070 1920 1144; x_wconf 84' lang='grc' dir='ltr'>Ι</span> 
     </span>
     <span class='ocr_line' id='line_1_12' title="bbox 235 1158 1978 1233; baseline 0.002 -22"><span class='ocrx_word' id='word_1_87' title='bbox 235 1167 382 1211; x_wconf 82' lang='grc' dir='ltr'><em>πᾶσα</em></span> <span class='ocrx_word' id='word_1_88' title='bbox 431 1158 549 1212; x_wconf 85' lang='grc' dir='ltr'><em>ἰδέα</em></span> <span class='ocrx_word' id='word_1_89' title='bbox 602 1159 830 1228; x_wconf 81' lang='grc' dir='ltr'><em>κατέστη</em></span> <span class='ocrx_word' id='word_1_90' title='bbox 880 1162 1244 1231; x_wconf 89' lang='grc' dir='ltr'><em>κακοτροπίας</em></span> <span class='ocrx_word' id='word_1_91' title='bbox 1283 1161 1374 1213; x_wconf 78' lang='grc' dir='ltr'><em>διὰ</em></span> <span class='ocrx_word' id='word_1_92' title='bbox 1421 1162 1517 1222; x_wconf 81' lang='grc' dir='ltr'><em>τὰς</em></span> <span class='ocrx_word' id='word_1_93' title='bbox 1575 1162 1790 1224; x_wconf 80' lang='grc' dir='ltr'><em>στάσεις</em></span> <span class='ocrx_word' id='word_1_94' title='bbox 1827 1168 1904 1233; x_wconf 76' lang='grc' dir='ltr'><em>τῷ</em></span> <span class='ocrx_word' id='word_1_95' title='bbox 1924 1179 1978 1220; x_wconf 83' lang='grc'><em>89</em></span> 
     </span>
     <span class='ocr_line' id='line_1_13' title="bbox 228 1245 1922 1320; baseline 0.001 -19"><span class='ocrx_word' id='word_1_96' title='bbox 228 1247 550 1320; x_wconf 77' lang='grc' dir='ltr'><em>Ἑλληνικῷ·</em></span> <span class='ocrx_word' id='word_1_97' title='bbox 597 1247 688 1301; x_wconf 88' lang='grc' dir='ltr'><em>καὶ</em></span> <span class='ocrx_word' id='word_1_98' title='bbox 735 1250 795 1302; x_wconf 90' lang='grc' dir='ltr'><em>τὸ</em></span> <span class='ocrx_word' id='word_1_99' title='bbox 845 1250 1068 1318; x_wconf 76' lang='grc' dir='ltr'><em>εὔηθες,</em></span> <span class='ocrx_word' id='word_1_100' title='bbox 1121 1245 1188 1303; x_wconf 83' lang='grc' dir='ltr'><em>οὗ</em></span> <span class='ocrx_word' id='word_1_101' title='bbox 1233 1250 1295 1302; x_wconf 92' lang='grc' dir='ltr'><em>τὸ</em></span> <span class='ocrx_word' id='word_1_102' title='bbox 1351 1258 1611 1317; x_wconf 89' lang='grc' dir='ltr'><em>γενναῖον</em></span> <span class='ocrx_word' id='word_1_103' title='bbox 1662 1254 1922 1303; x_wconf 89' lang='grc' dir='ltr'><em>πλεῖστον</em></span> 
     </span>
     <span class='ocr_line' id='line_1_14' title="bbox 235 1334 1920 1407; baseline 0.001 -18"><span class='ocrx_word' id='word_1_104' title='bbox 235 1336 469 1406; x_wconf 88' lang='grc' dir='ltr'><em>μετέχει,</em></span> <span class='ocrx_word' id='word_1_105' title='bbox 516 1334 930 1405; x_wconf 76' lang='grc' dir='ltr'><em>καταγελασθὲν</em></span> <span class='ocrx_word' id='word_1_106' title='bbox 967 1337 1278 1407; x_wconf 83' lang='grc' dir='ltr'><em>ἠφανίσθη·</em></span> <span class='ocrx_word' id='word_1_107' title='bbox 1325 1339 1385 1390; x_wconf 92' lang='grc' dir='ltr'><em>τὸ</em></span> <span class='ocrx_word' id='word_1_108' title='bbox 1433 1335 1495 1390; x_wconf 77' lang='grc' dir='ltr'><em>δὲ</em></span> <span class='ocrx_word' id='word_1_109' title='bbox 1535 1337 1920 1407; x_wconf 80' lang='grc' dir='ltr'><em>ἀντιτετάχθαι</em></span> 
     </span>
     <span class='ocr_line' id='line_1_15' title="bbox 159 1425 1918 1498; baseline 0.001 -20"><span class='ocrx_word' id='word_1_110' title='bbox 159 1473 162 1477; x_wconf 94' lang='grc'><em>.</em></span> <span class='ocrx_word' id='word_1_111' title='bbox 236 1426 494 1493; x_wconf 84' lang='grc' dir='ltr'><em>ἀλλήλοις</em></span> <span class='ocrx_word' id='word_1_112' title='bbox 532 1434 596 1497; x_wconf 73' lang='grc' dir='ltr'><em>τῇ</em></span> <span class='ocrx_word' id='word_1_113' title='bbox 636 1428 826 1498; x_wconf 83' lang='grc' dir='ltr'><em>γνώμῃ</em></span> <span class='ocrx_word' id='word_1_114' title='bbox 868 1426 1108 1489; x_wconf 91' lang='grc' dir='ltr'><em>ἀπίστως</em></span> <span class='ocrx_word' id='word_1_115' title='bbox 1154 1425 1241 1479; x_wconf 83' lang='grc' dir='ltr'><em>ἐπὶ</em></span> <span class='ocrx_word' id='word_1_116' title='bbox 1290 1429 1432 1480; x_wconf 87' lang='grc' dir='ltr'><em>πολὺ</em></span> <span class='ocrx_word' id='word_1_117' title='bbox 1474 1428 1774 1495; x_wconf 85' lang='grc' dir='ltr'><em>διήνεγκεν.</em></span> <span class='ocrx_word' id='word_1_118' title='bbox 1852 1427 1918 1480; x_wconf 92' lang='grc' dir='ltr'><em>οὐ</em></span> 
     </span>
     <span class='ocr_line' id='line_1_16' title="bbox 171 1511 1920 1587; baseline 0.002 -22"><span class='ocrx_word' id='word_1_119' title='bbox 171 1535 210 1564; x_wconf 82' lang='lat'><em>15</em></span> <span class='ocrx_word' id='word_1_120' title='bbox 237 1516 341 1584; x_wconf 79' lang='grc' dir='ltr'><em>γὰρ</em></span> <span class='ocrx_word' id='word_1_121' title='bbox 395 1511 466 1582; x_wconf 76' lang='grc' dir='ltr'><em>ἦν</em></span> <span class='ocrx_word' id='word_1_122' title='bbox 519 1514 548 1568; x_wconf 89' lang='grc' dir='ltr'>ὁ</span> <span class='ocrx_word' id='word_1_123' title='bbox 597 1516 879 1568; x_wconf 85' lang='grc' dir='ltr'><em>διαλύσων</em></span> <span class='ocrx_word' id='word_1_124' title='bbox 933 1516 1059 1568; x_wconf 78' lang='grc' dir='ltr'><em>οὔτε</em></span> <span class='ocrx_word' id='word_1_125' title='bbox 1114 1517 1276 1583; x_wconf 86' lang='grc' dir='ltr'><em>λόγος</em></span> <span class='ocrx_word' id='word_1_126' title='bbox 1331 1514 1523 1586; x_wconf 81' lang='grc' dir='ltr'><em>ἐχυρὸς</em></span> <span class='ocrx_word' id='word_1_127' title='bbox 1578 1516 1702 1569; x_wconf 77' lang='grc' dir='ltr'><em>οὔτε</em></span> <span class='ocrx_word' id='word_1_128' title='bbox 1757 1517 1920 1587; x_wconf 82' lang='grc' dir='ltr'><em>ὅρκος</em></span> 
     </span>
     <span class='ocr_line' id='line_1_17' title="bbox 236 1601 1919 1676; baseline 0.001 -20"><span class='ocrx_word' id='word_1_129' title='bbox 236 1605 490 1673; x_wconf 86' lang='grc' dir='ltr'><em>φοβερός.</em></span> <span class='ocrx_word' id='word_1_130' title='bbox 565 1607 848 1674; x_wconf 85' lang='grc' dir='ltr'><em>κρείττους</em></span> <span class='ocrx_word' id='word_1_131' title='bbox 895 1601 956 1656; x_wconf 77' lang='grc' dir='ltr'><em>δὲ</em></span> <span class='ocrx_word' id='word_1_132' title='bbox 1003 1605 1157 1666; x_wconf 82' lang='grc' dir='ltr'><em>ὄντες</em></span> <span class='ocrx_word' id='word_1_133' title='bbox 1203 1604 1402 1666; x_wconf 87' lang='grc' dir='ltr'><em>πάντες</em></span> <span class='ocrx_word' id='word_1_134' title='bbox 1457 1608 1698 1676; x_wconf 69' lang='grc' dir='ltr'><em>λογισμςῖ</em></span> <span class='ocrx_word' id='word_1_135' title='bbox 1751 1604 1806 1667; x_wconf 80' lang='grc' dir='ltr'><em>ἐς</em></span> <span class='ocrx_word' id='word_1_136' title='bbox 1857 1605 1919 1658; x_wconf 91' lang='grc' dir='ltr'><em>τὸ</em></span> 
     </span>
     <span class='ocr_line' id='line_1_18' title="bbox 237 1691 1919 1762; baseline 0.001 -18"><span class='ocrx_word' id='word_1_137' title='bbox 237 1691 567 1745; x_wconf 84' lang='grc' dir='ltr'><em>ἀνέλπιστον</em></span> <span class='ocrx_word' id='word_1_138' title='bbox 589 1699 688 1745; x_wconf 84' lang='grc' dir='ltr'><em>τοῦ</em></span> <span class='ocrx_word' id='word_1_139' title='bbox 713 1694 941 1760; x_wconf 92' lang='grc' dir='ltr'><em>βεβαίου</em></span> <span class='ocrx_word' id='word_1_140' title='bbox 966 1693 1037 1760; x_wconf 89' lang='grc' dir='ltr'><em>μὴ</em></span> <span class='ocrx_word' id='word_1_141' title='bbox 1062 1698 1268 1745; x_wconf 87' lang='grc' dir='ltr'><em>παθεῖν</em></span> <span class='ocrx_word' id='word_1_142' title='bbox 1299 1696 1511 1761; x_wconf 82' lang='grc' dir='ltr'><em>μᾶλλον</em></span> <span class='ocrx_word' id='word_1_143' title='bbox 1533 1695 1919 1762; x_wconf 89' lang='grc' dir='ltr'><em>προεσκόπουν</em></span> 
     </span>
     <span class='ocr_line' id='line_1_19' title="bbox 235 1779 1920 1851; baseline 0.002 -19"><span class='ocrx_word' id='word_1_144' title='bbox 235 1780 268 1848; x_wconf 76' lang='grc' dir='ltr'>ἢ</span> <span class='ocrx_word' id='word_1_145' title='bbox 308 1788 596 1833; x_wconf 86' lang='grc' dir='ltr'><em>πιστεῦσαι</em></span> <span class='ocrx_word' id='word_1_146' title='bbox 637 1780 917 1833; x_wconf 82' lang='grc' dir='ltr'><em>ἐδύναντο.</em></span> <span class='ocrx_word' id='word_1_147' title='bbox 987 1779 1077 1833; x_wconf 85' lang='grc' dir='ltr'><em>καὶ</em></span> <span class='ocrx_word' id='word_1_148' title='bbox 1118 1782 1170 1833; x_wconf 81' lang='grc' dir='ltr'><em>οἱ</em></span> <span class='ocrx_word' id='word_1_149' title='bbox 1210 1783 1541 1851; x_wconf 89' lang='grc' dir='ltr'><em>φαυλότεροι</em></span> <span class='ocrx_word' id='word_1_150' title='bbox 1581 1782 1808 1850; x_wconf 85' lang='grc' dir='ltr'><em>γνώμην</em></span> <span class='ocrx_word' id='word_1_151' title='bbox 1847 1783 1920 1844; x_wconf 85' lang='grc' dir='ltr'><em>ὡς</em></span> 
     </span>
     <span class='ocr_line' id='line_1_20' title="bbox 237 1868 1921 1940; baseline 0.001 -18"><span class='ocrx_word' id='word_1_152' title='bbox 237 1870 304 1922; x_wconf 80' lang='grc' dir='ltr'><em>τὰ</em></span> <span class='ocrx_word' id='word_1_153' title='bbox 343 1872 510 1922; x_wconf 90' lang='grc' dir='ltr'><em>πλείω</em></span> <span class='ocrx_word' id='word_1_154' title='bbox 543 1872 973 1938; x_wconf 88' lang='grc' dir='ltr'><em>περιεγίγνοντο.</em></span> <span class='ocrx_word' id='word_1_155' title='bbox 1027 1875 1102 1940; x_wconf 80' lang='grc' dir='ltr'><em>τῷ</em></span> <span class='ocrx_word' id='word_1_156' title='bbox 1133 1870 1238 1938; x_wconf 78' lang='grc' dir='ltr'><em>γὰρ</em></span> <span class='ocrx_word' id='word_1_157' title='bbox 1273 1868 1512 1922; x_wconf 90' lang='grc' dir='ltr'><em>δεδιέναι</em></span> <span class='ocrx_word' id='word_1_158' title='bbox 1544 1871 1605 1921; x_wconf 94' lang='grc' dir='ltr'><em>τό</em></span> <span class='ocrx_word' id='word_1_159' title='bbox 1639 1889 1696 1922; x_wconf 91' lang='grc' dir='ltr'><em>τε</em></span> <span class='ocrx_word' id='word_1_160' title='bbox 1735 1870 1921 1924; x_wconf 82' lang='grc' dir='ltr'><em>αὐτῶν</em></span> 
     </span>
     <span class='ocr_line' id='line_1_21' title="bbox 169 1955 1919 2027; baseline 0.003 -20"><span class='ocrx_word' id='word_1_161' title='bbox 169 1978 212 2007; x_wconf 68' lang='lat'><em>‘20</em></span> <span class='ocrx_word' id='word_1_162' title='bbox 238 1955 418 2020; x_wconf 75' lang='grc' dir='ltr'><em>ἐνδεὲς</em></span> <span class='ocrx_word' id='word_1_163' title='bbox 463 1956 553 2010; x_wconf 89' lang='grc' dir='ltr'><em>καὶ</em></span> <span class='ocrx_word' id='word_1_164' title='bbox 599 1958 659 2010; x_wconf 92' lang='grc' dir='ltr'><em>τὸ</em></span> <span class='ocrx_word' id='word_1_165' title='bbox 716 1967 826 2010; x_wconf 84' lang='grc' dir='ltr'><em>τῶν</em></span> <span class='ocrx_word' id='word_1_166' title='bbox 882 1957 1149 2010; x_wconf 83' lang='grc' dir='ltr'><em>ἐναντίων</em></span> <span class='ocrx_word' id='word_1_167' title='bbox 1204 1956 1448 2025; x_wconf 82' lang='grc' dir='ltr'><em>ξυνετόν,</em></span> <span class='ocrx_word' id='word_1_168' title='bbox 1503 1959 1575 2027; x_wconf 86' lang='grc' dir='ltr'><em>μὴ</em></span> <span class='ocrx_word' id='word_1_169' title='bbox 1630 1961 1816 2026; x_wconf 90' lang='grc' dir='ltr'><em>λόγοις</em></span> <span class='ocrx_word' id='word_1_170' title='bbox 1860 1979 1919 2012; x_wconf 89' lang='grc' dir='ltr'><em>τε</em></span> 
     </span>
     <span class='ocr_line' id='line_1_22' title="bbox 235 2043 1920 2117; baseline 0.001 -19"><span class='ocrx_word' id='word_1_171' title='bbox 235 2047 431 2114; x_wconf 75' lang='grc' dir='ltr'><em>ἥττους</em></span> <span class='ocrx_word' id='word_1_172' title='bbox 470 2043 570 2099; x_wconf 79' lang='grc' dir='ltr'><em>ὦσι</em></span> <span class='ocrx_word' id='word_1_173' title='bbox 609 2044 699 2099; x_wconf 86' lang='grc' dir='ltr'><em>καὶ</em></span> <span class='ocrx_word' id='word_1_174' title='bbox 733 2046 791 2099; x_wconf 80' lang='grc' dir='ltr'><em>ἐκ</em></span> <span class='ocrx_word' id='word_1_175' title='bbox 823 2054 922 2099; x_wconf 86' lang='grc' dir='ltr'><em>τοῦ</em></span> <span class='ocrx_word' id='word_1_176' title='bbox 961 2048 1314 2117; x_wconf 89' lang='grc' dir='ltr'><em>πολυτρόπου</em></span> <span class='ocrx_word' id='word_1_177' title='bbox 1346 2045 1530 2098; x_wconf 85' lang='grc' dir='ltr'><em>αὐτῶν</em></span> <span class='ocrx_word' id='word_1_178' title='bbox 1567 2054 1662 2115; x_wconf 79' lang='grc' dir='ltr'><em>τῆς</em></span> <span class='ocrx_word' id='word_1_179' title='bbox 1699 2049 1920 2117; x_wconf 83' lang='grc' dir='ltr'><em>γνώμης</em></span> 
     </span>
     <span class='ocr_line' id='line_1_23' title="bbox 236 2135 1919 2206; baseline 0.001 -19"><span class='ocrx_word' id='word_1_180' title='bbox 236 2136 498 2203; x_wconf 89' lang='grc' dir='ltr'><em>φθάσωσι</em></span> <span class='ocrx_word' id='word_1_181' title='bbox 535 2137 1150 2205; x_wconf 88' lang='grc' dir='ltr'><em>προεπιβουλευόμενοι,</em></span> <span class='ocrx_word' id='word_1_182' title='bbox 1190 2139 1472 2204; x_wconf 84' lang='grc' dir='ltr'><em>τολμηρῶς</em></span> <span class='ocrx_word' id='word_1_183' title='bbox 1509 2135 1647 2204; x_wconf 88' lang='grc' dir='ltr'><em>πρὸς</em></span> <span class='ocrx_word' id='word_1_184' title='bbox 1680 2137 1746 2188; x_wconf 83' lang='grc' dir='ltr'><em>τά</em></span> <span class='ocrx_word' id='word_1_185' title='bbox 1785 2138 1919 2206; x_wconf 80' lang='grc' dir='ltr'><em>ἔργα</em></span> 
     </span>
     <span class='ocr_line' id='line_1_24' title="bbox 237 2220 1917 2293; baseline 0 -17"><span class='ocrx_word' id='word_1_186' title='bbox 237 2223 503 2293; x_wconf 82' lang='grc' dir='ltr'><em>ἐχώρουν·</em></span> <span class='ocrx_word' id='word_1_187' title='bbox 545 2225 597 2276; x_wconf 80' lang='grc' dir='ltr'><em>οἱ</em></span> <span class='ocrx_word' id='word_1_188' title='bbox 630 2220 690 2275; x_wconf 72' lang='grc' dir='ltr'><em>δὲ</em></span> <span class='ocrx_word' id='word_1_189' title='bbox 721 2231 1199 2293; x_wconf 85' lang='grc' dir='ltr'><em>καταφρονοῦντες</em></span> <span class='ocrx_word' id='word_1_190' title='bbox 1229 2221 1334 2275; x_wconf 75' lang='grc' dir='ltr'><em>κᾶν</em></span> <span class='ocrx_word' id='word_1_191' title='bbox 1363 2221 1791 2293; x_wconf 87' lang='grc' dir='ltr'><em>προαισθέσθαι,</em></span> <span class='ocrx_word' id='word_1_192' title='bbox 1826 2222 1917 2276; x_wconf 88' lang='grc' dir='ltr'><em>καὶ</em></span> 
     </span>
     <span class='ocr_line' id='line_1_25' title="bbox 236 2308 1943 2383; baseline 0 -19"><span class='ocrx_word' id='word_1_193' title='bbox 236 2314 377 2382; x_wconf 75' lang='grc' dir='ltr'><em>ἔργῳ</em></span> <span class='ocrx_word' id='word_1_194' title='bbox 426 2308 592 2365; x_wconf 75' lang='grc' dir='ltr'><em>οὐδὲν</em></span> <span class='ocrx_word' id='word_1_195' title='bbox 640 2320 782 2381; x_wconf 79' lang='grc' dir='ltr'><em>σφᾶς</em></span> <span class='ocrx_word' id='word_1_196' title='bbox 837 2314 956 2366; x_wconf 89' lang='grc' dir='ltr'><em>δεῖν</em></span> <span class='ocrx_word' id='word_1_197' title='bbox 1003 2313 1326 2381; x_wconf 90' lang='grc' dir='ltr'><em>λαμβάνειν,</em></span> <span class='ocrx_word' id='word_1_198' title='bbox 1383 2313 1415 2365; x_wconf 78' lang='grc' dir='ltr'>ἃ</span> <span class='ocrx_word' id='word_1_199' title='bbox 1454 2314 1644 2383; x_wconf 80' lang='grc' dir='ltr'><em>γνώμῃ</em></span> <span class='ocrx_word' id='word_1_200' title='bbox 1692 2308 1943 2379; x_wconf 82' lang='grc' dir='ltr'><em>ἔξεστιν,’</em></span> 
     </span>
    </p>
   </div>
   <div class='ocr_carea' id='block_1_3' title="bbox 360 2485 742 2529">
    <p class='ocr_par' dir='ltr' id='par_1_3' title="bbox 360 2485 742 2529">
     <span class='ocr_line' id='line_1_26' title="bbox 360 2485 742 2529; baseline 0.008 -3"><span class='ocrx_word' id='word_1_201' title='bbox 360 2490 410 2527; x_wconf 89' lang='grc'><em>11</em></span> <span class='ocrx_word' id='word_1_202' title='bbox 447 2485 575 2528; x_wconf 81' lang='lat' dir='ltr'><strong>Thuc</strong></span> <span class='ocrx_word' id='word_1_203' title='bbox 601 2485 662 2528; x_wconf 87' lang='grc' dir='ltr'><em>ΙΙΙ</em></span> <span class='ocrx_word' id='word_1_204' title='bbox 689 2491 742 2529; x_wconf 85' lang='grc'><em>83</em></span> 
     </span>
    </p>
   </div>
   <div class='ocr_carea' id='block_1_4' title="bbox 236 2644 1915 2997">
    <p class='ocr_par' dir='ltr' id='par_1_4' title="bbox 236 2644 1915 2997">
     <span class='ocr_line' id='line_1_27' title="bbox 358 2644 1797 2705; baseline 0.003 -18"><span class='ocrx_word' id='word_1_205' title='bbox 358 2651 379 2687; x_wconf 91' lang='grc'>1</span> <span class='ocrx_word' id='word_1_206' title='bbox 429 2644 757 2700; x_wconf 84' lang='grc' dir='ltr'><em>περιγενέσθαι</em></span> <span class='ocrx_word' id='word_1_207' title='bbox 789 2647 900 2691; x_wconf 91' lang='lat' dir='ltr'><em>MP:</em></span> <span class='ocrx_word' id='word_1_208' title='bbox 950 2646 1300 2705; x_wconf 80' lang='grc' dir='ltr'><em>περιγίγνεσθαι</em></span> <span class='ocrx_word' id='word_1_209' title='bbox 1328 2648 1398 2693; x_wconf 69' lang='lat' dir='ltr'><em>f&amp;</em></span> <span class='ocrx_word' id='word_1_210' title='bbox 1440 2649 1446 2705; x_wconf 85' lang='grc' dir='ltr'>Ι</span> <span class='ocrx_word' id='word_1_211' title='bbox 1489 2647 1547 2692; x_wconf 78' lang='grc' dir='ltr'><em>τὰ</em></span> <span class='ocrx_word' id='word_1_212' title='bbox 1595 2647 1730 2692; x_wconf 80' lang='grc' dir='ltr'><em>δεινὰ</em></span> <span class='ocrx_word' id='word_1_213' title='bbox 1761 2649 1797 2692; x_wconf 93' lang='grc' dir='ltr'>Ρ</span> 
     </span>
     <span class='ocr_line' id='line_1_28' title="bbox 239 2702 1914 2781; baseline 0.003 -34"><span class='ocrx_word' id='word_1_214' title='bbox 239 2709 264 2747; x_wconf 92' lang='grc'><strong>6</strong></span> <span class='ocrx_word' id='word_1_215' title='bbox 298 2702 578 2748; x_wconf 79' lang='grc' dir='ltr'><em>ἐκπιπλάναι</em></span> <span class='ocrx_word' id='word_1_216' title='bbox 603 2704 639 2746; x_wconf 88' lang='grc' dir='ltr'><strong><em>Ρ</em></strong></span> <span class='ocrx_word' id='word_1_217' title='bbox 762 2709 784 2747; x_wconf 86' lang='grc'><strong>7</strong></span> <span class='ocrx_word' id='word_1_218' title='bbox 818 2705 1036 2764; x_wconf 79' lang='grc' dir='ltr'><em>ξυμβαίη]</em></span> <span class='ocrx_word' id='word_1_219' title='bbox 1071 2706 1297 2766; x_wconf 74' lang='grc' dir='ltr'><em>ξυμβαίνῃ</em></span> <span class='ocrx_word' id='word_1_220' title='bbox 1328 2708 1388 2781; x_wconf 71' lang='grc' dir='ltr'><em>μὴ</em></span> <span class='ocrx_word' id='word_1_221' title='bbox 1413 2708 1449 2751; x_wconf 93' lang='grc' dir='ltr'>Ρ</span> <span class='ocrx_word' id='word_1_222' title='bbox 1572 2712 1597 2750; x_wconf 87' lang='grc'><strong>9</strong></span> <span class='ocrx_word' id='word_1_223' title='bbox 1631 2708 1716 2751; x_wconf 81' lang='grc' dir='ltr'><em>οὐκ</em></span> <span class='ocrx_word' id='word_1_224' title='bbox 1749 2707 1914 2764; x_wconf 79' lang='grc' dir='ltr'><em>ἐξηγω-</em></span> 
     </span>
     <span class='ocr_line' id='line_1_29' title="bbox 237 2761 1912 2823; baseline 0.001 -16"><span class='ocrx_word' id='word_1_225' title='bbox 237 2761 415 2815; x_wconf 81' lang='grc' dir='ltr'><em>νίζοντο</em></span> <span class='ocrx_word' id='word_1_226' title='bbox 442 2763 476 2804; x_wconf 88' lang='grc' dir='ltr'><em>Ρ</em></span> <span class='ocrx_word' id='word_1_227' title='bbox 517 2764 600 2806; x_wconf 78' lang='grc' dir='ltr'><em>οὐκ</em></span> <span class='ocrx_word' id='word_1_228' title='bbox 634 2762 924 2819; x_wconf 78' lang='grc' dir='ltr'><em>ἐξηγωνίζετο</em></span> <span class='ocrx_word' id='word_1_229' title='bbox 950 2765 1021 2809; x_wconf 87' lang='lat' dir='ltr'><em>M:</em></span> <span class='ocrx_word' id='word_1_230' title='bbox 1063 2768 1116 2810; x_wconf 82' lang='grc' dir='ltr'><em>οὐ</em></span> <span class='ocrx_word' id='word_1_231' title='bbox 1151 2767 1514 2823; x_wconf 80' lang='grc' dir='ltr'><em>ξυνηγωνιζοντο</em></span> <span class='ocrx_word' id='word_1_232' title='bbox 1546 2765 1618 2809; x_wconf 67' lang='lat' dir='ltr'><em>f&amp;</em></span> <span class='ocrx_word' id='word_1_233' title='bbox 1798 2771 1852 2809; x_wconf 87' lang='grc'><em>10</em></span> <span class='ocrx_word' id='word_1_234' title='bbox 1884 2765 1912 2822; x_wconf 77' lang='grc' dir='ltr'>ἢ</span> 
     </span>
     <span class='ocr_line' id='line_1_30' title="bbox 238 2819 1912 2883; baseline 0.002 -18"><span class='ocrx_word' id='word_1_235' title='bbox 238 2821 308 2866; x_wconf 82' lang='grc' dir='ltr'><em>ὅτι</em></span> <span class='ocrx_word' id='word_1_236' title='bbox 338 2822 450 2864; x_wconf 72' lang='lat' dir='ltr'><em>MP:</em></span> <span class='ocrx_word' id='word_1_237' title='bbox 492 2819 519 2876; x_wconf 77' lang='grc' dir='ltr'>ἢ</span> <span class='ocrx_word' id='word_1_238' title='bbox 560 2822 630 2865; x_wconf 67' lang='lat' dir='ltr'><em>f&amp;</em></span> <span class='ocrx_word' id='word_1_239' title='bbox 767 2826 820 2864; x_wconf 87' lang='lat'><em>16</em></span> <span class='ocrx_word' id='word_1_240' title='bbox 867 2820 1038 2873; x_wconf 88' lang='grc' dir='ltr'><em>πάντες</em></span> <span class='ocrx_word' id='word_1_241' title='bbox 1078 2824 1191 2870; x_wconf 92' lang='lat' dir='ltr'><em>MP:</em></span> <span class='ocrx_word' id='word_1_242' title='bbox 1225 2824 1428 2876; x_wconf 77' lang='grc' dir='ltr'><em>ἅπαντες</em></span> <span class='ocrx_word' id='word_1_243' title='bbox 1450 2824 1525 2868; x_wconf 67' lang='lat' dir='ltr'><em>f&amp;</em></span> <span class='ocrx_word' id='word_1_244' title='bbox 1678 2829 1731 2868; x_wconf 89' lang='grc'><em>16</em></span> <span class='ocrx_word' id='word_1_245' title='bbox 1765 2823 1811 2875; x_wconf 80' lang='grc' dir='ltr'><em>ἐς</em></span> <span class='ocrx_word' id='word_1_246' title='bbox 1841 2825 1912 2883; x_wconf 88' lang='grc' dir='ltr'><em>τὸ]</em></span> 
     </span>
     <span class='ocr_line' id='line_1_31' title="bbox 238 2879 1915 2940; baseline 0.002 -17"><span class='ocrx_word' id='word_1_247' title='bbox 238 2881 288 2924; x_wconf 78' lang='grc' dir='ltr'><em>ἐν</em></span> <span class='ocrx_word' id='word_1_248' title='bbox 319 2888 380 2924; x_wconf 84' lang='grc' dir='ltr'><em>τῶ</em></span> <span class='ocrx_word' id='word_1_249' title='bbox 413 2880 448 2923; x_wconf 91' lang='grc' dir='ltr'>Ρ</span> <span class='ocrx_word' id='word_1_250' title='bbox 580 2884 633 2923; x_wconf 88' lang='grc'><em>18</em></span> <span class='ocrx_word' id='word_1_251' title='bbox 668 2879 950 2935; x_wconf 83' lang='grc' dir='ltr'><em>φαυλότατοι</em></span> <span class='ocrx_word' id='word_1_252' title='bbox 975 2882 1011 2924; x_wconf 85' lang='grc' dir='ltr'><strong><em>Ρ</em></strong></span> <span class='ocrx_word' id='word_1_253' title='bbox 1134 2887 1186 2925; x_wconf 84' lang='grc'><em>19</em></span> <span class='ocrx_word' id='word_1_254' title='bbox 1220 2885 1373 2928; x_wconf 86' lang='grc' dir='ltr'><em>αὐτῶν</em></span> <span class='ocrx_word' id='word_1_255' title='bbox 1405 2882 1529 2926; x_wconf 88' lang='lat' dir='ltr'><em>MPf</em></span> <span class='ocrx_word' id='word_1_256' title='bbox 1675 2888 1731 2927; x_wconf 83' lang='lat'><em>20</em></span> <span class='ocrx_word' id='word_1_257' title='bbox 1763 2881 1915 2940; x_wconf 87' lang='grc' dir='ltr'><em>λόγοις</em></span> 
     </span>
     <span class='ocr_line' id='line_1_32' title="bbox 236 2938 1067 2997; baseline 0 -15"><span class='ocrx_word' id='word_1_258' title='bbox 236 2957 279 2983; x_wconf 91' lang='grc' dir='ltr'><em>τι</em></span> <span class='ocrx_word' id='word_1_259' title='bbox 311 2939 474 2997; x_wconf 59' lang='grc' dir='ltr'><em>«ἥττους</em></span> <span class='ocrx_word' id='word_1_260' title='bbox 497 2939 544 2980; x_wconf 92' lang='grc' dir='ltr'><strong><em>Μ</em></strong></span> <span class='ocrx_word' id='word_1_261' title='bbox 666 2944 719 2982; x_wconf 79' lang='lat'><em>22</em></span> <span class='ocrx_word' id='word_1_262' title='bbox 754 2938 974 2995; x_wconf 84' lang='grc' dir='ltr'><em>φθάνωσι</em></span> <span class='ocrx_word' id='word_1_263' title='bbox 998 2940 1067 2982; x_wconf 88' lang='grc' dir='ltr'><em>Μ1</em></span> 
     </span>
    </p>
   </div>
  </div>
 </body>
</html>
