2004 3202
705 141 850 183 ΠΕΡΙ
881 139 1283 184 ΘοΤΚΤΔΙΔοΤ
1720 141 1827 194 339

149 275 369 327 ἅλωσιν.
440 276 582 328 διότι
624 272 684 328 δὲ
723 278 942 344 ἔλυσαν,
981 277 1076 339 τὰς
1114 277 1291 338 αἰτίας
1328 275 1650 346 προέγραψα
1684 287 1828 348 πρῶ-

147 383 246 416 τον
283 362 374 416 καὶ
413 365 508 426 τὰς
548 365 819 434 διαφορὰς
856 372 955 418 τοῦ
994 366 1067 434 μή
1112 384 1265 426 τινας
1312 367 1537 433 ζητῆσαί
1569 382 1723 433 ποτε,
1775 364 1827 429 ἐξ

148 452 279 505 ὅτου
318 460 580 515 τοσοῦτος
618 455 854 522 πόλεμος
885 462 1000 516 τοῖς
1025 452 1252 522 “Eum
1283 452 1527 522 κατέστη.
1595 454 1697 522 τὴν
1728 450 1830 522 μὲν

147 542 250 610 γὰρ
279 540 660 610 ἀληθεστάτην
689 545 988 612 πρόφασιν,
1013 541 1395 611 ἀφανεστάτην
1420 539 1488 595 δὲ
1511 544 1674 613 λόγῳ,
1698 544 1828 605 τοὺς

138 628 470 698 Ἀθηναίους
508 630 747 700 ἡγοῦμαι
792 632 1064 700 μεγάλους
1109 629 1472 700 γιγνομένους
1517 629 1610 684 καὶ
1648 633 1830 700 φόβον
1874 652 1895 684 5

144 717 481 788 παρέχοντας
527 728 643 782 τοῖς
683 721 1140 789 Λακεδαιμονίοις
1187 719 1491 788 ἀναγκάσαι
1531 719 1601 794 ές,
1629 720 1692 773 τὸ
1731 737 1828 772 πο-

145 810 343 876 λεμεῖν.
422 809 477 860 αἱ
529 805 590 860 δὲ
637 808 690 871 ἐς
745 809 806 861 τὸ
854 810 1100 879 φανερὸν
1145 811 1435 878 λεγόμεναι
1486 810 1654 862 αἰτίαι
1709 809 1828 860 αἵδε

143 891 296 963 ἦσαν.
351 895 683 967 Ἐπίδαμνός
724 897 836 951 ε’στι
877 900 1035 960 πόλις
1083 899 1161 960 εἰς
1208 896 1360 961 δεξιά
1407 896 1692 951 ἐσπλέοντι
1729 897 1829 949 τὸν

136 982 338 1038 Ἰόνιον
360 988 582 1039 κόλπον,
635 994 1031 1055 προσοικοῦσιν
1062 985 1110 1038 δ’
1131 986 1305 1054 αὐτὴν
1336 987 1664 1039 Ταυλάντιοι
1696 986 1828 1055 βάρ-

142 1076 328 1144 βαροι,
361 1073 670 1145 Ἰλλυρικὸν
709 1075 910 1138 ἔθνος.’
986 1073 1076 1127 καὶ
1115 1076 1248 1144 μετὰ
1285 1083 1449 1128 τοῦτο
1497 1073 1826 1144 διεξέρχεται
1850 1095 1892 1127 10

143 1164 209 1215 τὰ
247 1162 371 1233 περὶ
403 1162 741 1232 Ἐπίδαμνον
771 1162 862 1216 καὶ
893 1165 958 1216 τὰ
988 1162 1112 1234 περὶ
1145 1162 1438 1234 Κέρκυραν
1469 1161 1559 1216 καὶ
1597 1164 1664 1215 τά
1701 1160 1828 1233 περὶ

146 1253 454 1304 Ποτίδαιαν
492 1251 581 1304 καὶ
621 1253 722 1320 τὴν
754 1256 1223 1322 Πελοποννησίων
1255 1253 1498 1305 σύνοδον
1530 1253 1607 1314 εἰς
1639 1253 1827 1321 Σπάρ-

56 1353 142 1393 834
159 1360 261 1408 την
298 1339 389 1392 καὶ
429 1343 557 1403 τοὺς
597 1340 869 1411 ῥηθέντας
908 1341 1017 1395 ε’κεῖ
1051 1340 1057 1412 Ι
1091 1343 1227 1394 κατὰ
1257 1349 1351 1410 τῆς
1387 1340 1700 1410 Ἀθηναίων
1730 1342 1827 1392 πό-

145 1434 278 1492 λεως
331 1431 546 1498 λόγους.
636 1438 806 1483 ταῦτα
857 1427 918 1482 δὲ
972 1430 1128 1500 μέχρι
1183 1431 1469 1499 δισχιλίων
1523 1429 1827 1498 ἐκμηκύνας

145 1521 362 1587 στίχων,
402 1521 523 1571 τότε
561 1517 686 1589 περὶ
725 1527 820 1588 τῆς
861 1517 1045 1590 ἑτέρας
1085 1521 1260 1581 αἰτίας
1295 1520 1394 1572 τὸν
1432 1520 1602 1586 λόγον
1641 1516 1827 1570 ἀποδί-
1852 1537 1893 1570 15

144 1607 279 1659 δωσι
320 1615 414 1675 τῆς
454 1606 700 1678 ἀληθοῦς
739 1627 796 1660 τε
834 1606 925 1660 καὶ
966 1607 1112 1679 αὐτῷ
1146 1609 1430 1676 δοκούσης,
1470 1605 1700 1659 ἐνθένδε
1733 1604 1827 1675 ἀρ-

143 1694 392 1764 ξάμενος·
440 1695 801 1765 (ἐψηφίσαντο
850 1694 911 1749 δὲ
958 1698 1011 1750 οἱ
1051 1698 1481 1766 Λακεδαιμόνιοι
1527 1695 1621 1757 τὰς
1661 1708 1826 1746 σπον-

143 1785 242 1847 δάς
274 1785 542 1838 λελύσθαι
572 1783 663 1837 καὶ
695 1790 954 1854 πολεμεῖν
978 1784 1296 1856 Ἀθηναίοις
1328 1785 1394 1838 οὐ
1425 1791 1692 1838 τοσοῦτον
1715 1791 1827 1834 τῶν

144 1874 443 1942 συμμάχων
495 1872 816 1936 πεισθέντες
870 1883 985 1936 τοῖς
1039 1876 1242 1942 λόγοις,
1298 1874 1431 1926 ὅσον
1485 1872 1825 1941 φοβούμενοι

143 1963 271 2023 τοὺς
310 1960 664 2029 Ἀθηναίους,
711 1963 783 2030 μὴ
831 1961 918 2015 ε’πὶ
965 1966 1148 2031 μεῖζον
1195 1963 1543 2030 δυνηθῶσιν,
1590 1961 1826 2030 ὁρῶντες
1850 1982 1891 2013 20

143 2049 330 2112 αὐτοῖς
369 2050 435 2101 τὰ
472 2051 649 2103 πολλὰ
680 2058 775 2119 τῆς
807 2049 1068 2113 Ἑλλάδος
1106 2050 1394 2120 ὑποχείρια
1424 2050 1529 2118 ἤδη
1570 2051 1716 2102 ὄντα.
1772 2049 1825 2100 οἱ

144 2140 246 2207 γὰρ
280 2137 568 2206 Ἀθηναῖοι
601 2141 782 2210 τρόπῳ
815 2140 1045 2211 τοιούτω
1085 2134 1264 2207 ἦλθον
1298 2137 1383 2191 ε’πὶ
1415 2139 1480 2191 τὰ
1518 2138 1824 2207 πράγματα,

145 2227 204 2280 ἐν
244 2220 326 2289 οἷς
365 2227 721 2295 ἠυξήθησαν.’
781 2221 864 2290 οἷς
897 2227 1175 2296 ἐπιτίθησι
1206 2228 1272 2280 τὰ
1303 2230 1437 2298 ἔργα
1474 2234 1568 2295 τῆς
1599 2228 1824 2291 πόλεως,

262 2391 287 2430 8
314 2384 620 2445 Ἐπίδαμνος]
654 2394 740 2431 νῦν
772 2386 1039 2445 Δυρράχιον
1071 2390 1295 2431 καλεῖται·
1330 2384 1451 2437 τινες
1482 2383 1533 2430 δὲ
1566 2386 1646 2429 καὶ
1668 2383 1823 2441 Δορά-

143 2462 246 2490 κιον
278 2449 481 2490 καλοῦσι.
540 2445 768 2490 Sen0L10N
802 2462 887 2490 con
920 2446 967 2489 M
995 2448 1001 2504 Ι
1036 2446 1165 2490 Thuc
1190 2448 1209 2489 Ι
1235 2451 1290 2489 24
1413 2451 1465 2490 17
1499 2445 1549 2488 id
1573 2445 1594 2488 I
1618 2449 1673 2489 88

262 2599 286 2637 2
319 2593 426 2638 τινὰ
458 2593 580 2637 infra
605 2598 778 2649 357,19
811 2594 865 2636 ut
891 2591 986 2638 &ab
1088 2598 1114 2636 5
1139 2591 1412 2666 γινομένους
1434 2594 1470 2637 Ρ
1564 2598 1588 2637 6
1615 2592 1661 2643 ἐς
1683 2592 1819 2637 ΡίΘε

144 2651 207 2703 εἰς
229 2652 278 2695 Μ
385 2659 408 2696 7
443 2651 539 2697 αιδ’
568 2652 638 2697 ΕΘ
730 2656 755 2695 8
788 2647 907 2709 ἦσαν
930 2651 1042 2696 MP:
1076 2648 1193 2710 ἦσαν
1226 2650 1476 2709 ἑκατέρων,
1514 2653 1583 2708 ἀφ
1640 2649 1705 2696 ὧν
1744 2651 1822 2695 λύ-

144 2725 304 2762 σαντες
342 2710 424 2763 τὰς
463 2711 669 2762 σπονδὰς
700 2710 746 2762 ἐς
780 2711 861 2756 τὸν
894 2710 1094 2767 πόλεμον
1125 2711 1428 2769 κατέστησαν·
1462 2712 1486 2755 f
1493 2714 1532 2757 Θ
1561 2714 1566 2769 Ι
1596 2710 1660 2762 εἰς
1691 2709 1821 2763 δεξιὰ

142 2770 282 2814 rubro
307 2770 378 2814 Μ2
403 2771 468 2822 εἰς
492 2770 719 2824 δεξιὰνΡε
753 2769 803 2814 ἐν
828 2771 956 2830 δεξιᾷ
989 2771 1120 2816 Mf&
1144 2774 1197 2815 ut
1221 2770 1438 2828 CVp17
1464 2774 1512 2815 et
1538 2775 1635 2826 101,
1668 2770 1749 2813 sed
1775 2768 1821 2818 ἐς

145 2828 273 2882 δεξιὰ
310 2831 513 2874 testatur
551 2828 859 2902 Harpocratio
889 2844 920 2886 p
947 2834 1053 2886 101,
1080 2835 1104 2874 2
1133 2833 1140 2889 Ι
1169 2829 1420 2874 εἰσπλέοντι
1451 2830 1487 2872 Ρ
1572 2835 1627 2873 14
1666 2831 1819 2884 δυσχι-

144 2886 253 2932 λίων
284 2889 320 2932 Ρ
356 2890 369 2960 Ι
398 2886 652 2944 ἐκμηκένας
682 2888 717 2931 Ρ
822 2893 875 2932 18
915 2890 1134 2933 λελυσθαι
1146 2889 1270 2932 MPf
1281 2890 1286 2948 Ι
1307 2893 1522 2945 πολεμεῖν
1532 2885 1817 2944 Ἀθηναίοις]

144 2945 402 3003 πολεμητέα
420 2945 594 2992 εἷναιΘ
678 2951 732 2991 22
754 2947 945 2991 τοιούτω
976 2948 1090 2993 MP.
1122 2950 1282 3007 τοιῷδε
1315 2949 1337 2991 f
1346 2950 1385 2993 Θ

1467 3022 1552 3064 22*

45 2779 50 2789 -
18 1822 58 2756 αμι-,τ-άΜ-’ψ
30 1759 33 1787 -·
