<?xml version="1.0" encoding="UTF-8"?>
<!DOCTYPE html PUBLIC "-//W3C//DTD XHTML 1.0 Transitional//EN"
    "http://www.w3.org/TR/xhtml1/DTD/xhtml1-transitional.dtd">
<html xmlns="http://www.w3.org/1999/xhtml" xml:lang="en" lang="en">
 <head>
  <title>
</title>
<meta http-equiv="Content-Type" content="text/html;charset=utf-8" />
  <meta name='ocr-system' content='tesseract 3.04.00' />
  <meta name='ocr-capabilities' content='ocr_page ocr_carea ocr_par ocr_line ocrx_word'/>
</head>
<body>
  <div class='ocr_page' id='page_1' title='image "./quaeexstant05dionuoft_0355.png"; bbox 0 0 2004 3202; ppageno 0'>
   <div class='ocr_carea' id='block_1_1' title="bbox 742 116 1844 197">
    <p class='ocr_par' dir='ltr' id='par_1_1' title="bbox 742 116 1844 197">
     <span class='ocr_line' id='line_1_1' title="bbox 742 116 1844 197; baseline -0.001 -9"><span class='ocrx_word' id='word_1_1' title='bbox 742 148 889 190; x_wconf 80' lang='grc' dir='ltr'>ΠΕΡΙ</span> <span class='ocrx_word' id='word_1_2' title='bbox 918 116 1267 189; x_wconf 64' lang='grc' dir='ltr'><strong><em>ΔΕίΝΑΡΧοΤ</em></strong></span> <span class='ocrx_word' id='word_1_3' title='bbox 1735 144 1844 197; x_wconf 85' lang='lat'><strong><em>305</em></strong></span> 
     </span>
    </p>
   </div>
   <div class='ocr_carea' id='block_1_2' title="bbox 71 278 1922 2301">
    <p class='ocr_par' dir='ltr' id='par_1_2' title="bbox 71 278 1922 1686">
     <span class='ocr_line' id='line_1_2' title="bbox 71 278 1846 351; baseline -0.003 -14"><span class='ocrx_word' id='word_1_4' title='bbox 71 282 440 347; x_wconf 80' lang='grc' dir='ltr'><strong><em>641δόξαντας</em></strong></span> <span class='ocrx_word' id='word_1_5' title='bbox 475 282 481 351; x_wconf 99' lang='grc' dir='ltr'>Ι</span> <span class='ocrx_word' id='word_1_6' title='bbox 518 278 665 335; x_wconf 83' lang='grc' dir='ltr'><strong><em>εἷναί</em></strong></span> <span class='ocrx_word' id='word_1_7' title='bbox 698 296 808 334; x_wconf 93' lang='grc' dir='ltr'><strong><em>τισι</em></strong></span> <span class='ocrx_word' id='word_1_8' title='bbox 840 282 1155 351; x_wconf 79' lang='grc' dir='ltr'><em>Δεινάρχου</em></span> <span class='ocrx_word' id='word_1_9' title='bbox 1187 279 1338 348; x_wconf 77' lang='grc' dir='ltr'><strong><em>λέγοι</em></strong></span> <span class='ocrx_word' id='word_1_10' title='bbox 1370 281 1550 349; x_wconf 79' lang='grc' dir='ltr'><strong><em>μακρὰ</em></strong></span> <span class='ocrx_word' id='word_1_11' title='bbox 1581 288 1698 342; x_wconf 86' lang='grc' dir='ltr'><strong><em>ταῖς</em></strong></span> <span class='ocrx_word' id='word_1_12' title='bbox 1732 279 1846 333; x_wconf 91' lang='grc' dir='ltr'><strong><em>ε’πι-</em></strong></span> 
     </span>
     <span class='ocr_line' id='line_1_3' title="bbox 161 365 1847 442; baseline -0.001 -20"><span class='ocrx_word' id='word_1_13' title='bbox 161 379 401 442; x_wconf 76' lang='grc' dir='ltr'><em>γραφαῖς</em></span> <span class='ocrx_word' id='word_1_14' title='bbox 438 380 550 424; x_wconf 81' lang='grc' dir='ltr'><strong><em>τῶν</em></strong></span> <span class='ocrx_word' id='word_1_15' title='bbox 588 373 835 440; x_wconf 85' lang='grc' dir='ltr'><em>βυβλίων</em></span> <span class='ocrx_word' id='word_1_16' title='bbox 873 373 1088 441; x_wconf 77' lang='grc' dir='ltr'><strong><em>χαίρειν</em></strong></span> <span class='ocrx_word' id='word_1_17' title='bbox 1126 370 1313 437; x_wconf 84' lang='grc' dir='ltr'><strong><em>εἰπών,</em></strong></span> <span class='ocrx_word' id='word_1_18' title='bbox 1353 371 1484 431; x_wconf 87' lang='grc' dir='ltr'><strong><em>τοὺς</em></strong></span> <span class='ocrx_word' id='word_1_19' title='bbox 1523 365 1585 421; x_wconf 75' lang='grc' dir='ltr'><strong><em>δὲ</em></strong></span> <span class='ocrx_word' id='word_1_20' title='bbox 1623 375 1699 440; x_wconf 81' lang='grc' dir='ltr'><strong><em>τῷ</em></strong></span> <span class='ocrx_word' id='word_1_21' title='bbox 1731 373 1847 437; x_wconf 86' lang='grc' dir='ltr'><strong><em>Δη-</em></strong></span> 
     </span>
     <span class='ocr_line' id='line_1_4' title="bbox 161 451 1847 530; baseline -0.002 -17"><span class='ocrx_word' id='word_1_22' title='bbox 161 465 475 530; x_wconf 77' lang='grc' dir='ltr'><strong><em>μοσθενικῷ</em></strong></span> <span class='ocrx_word' id='word_1_23' title='bbox 514 467 811 529; x_wconf 77' lang='grc' dir='ltr'><strong><em>χαρακτῆρι</em></strong></span> <span class='ocrx_word' id='word_1_24' title='bbox 850 460 1335 529; x_wconf 81' lang='grc' dir='ltr'><strong><em>προσεληλυθότας</em></strong></span> <span class='ocrx_word' id='word_1_25' title='bbox 1374 459 1447 520; x_wconf 84' lang='grc' dir='ltr'><strong><em>ὡς</em></strong></span> <span class='ocrx_word' id='word_1_26' title='bbox 1479 451 1602 511; x_wconf 84' lang='grc' dir='ltr'><strong><em>οἷόν</em></strong></span> <span class='ocrx_word' id='word_1_27' title='bbox 1632 477 1690 510; x_wconf 91' lang='grc' dir='ltr'><strong><em>τε</em></strong></span> <span class='ocrx_word' id='word_1_28' title='bbox 1720 458 1847 510; x_wconf 91' lang='grc' dir='ltr'><strong><em>τού-</em></strong></span> 
     </span>
     <span class='ocr_line' id='line_1_5' title="bbox 161 542 1848 618; baseline -0.002 -17"><span class='ocrx_word' id='word_1_29' title='bbox 161 569 262 602; x_wconf 87' lang='grc' dir='ltr'><strong><em>του</em></strong></span> <span class='ocrx_word' id='word_1_30' title='bbox 299 555 399 601; x_wconf 87' lang='grc' dir='ltr'><strong><em>τοῦ</em></strong></span> <span class='ocrx_word' id='word_1_31' title='bbox 438 547 640 618; x_wconf 84' lang='grc' dir='ltr'><strong><em>ἀνδρὸς</em></strong></span> <span class='ocrx_word' id='word_1_32' title='bbox 681 549 1050 617; x_wconf 78' lang='grc' dir='ltr'><strong><em>διαβεβαιοῖτο</em></strong></span> <span class='ocrx_word' id='word_1_33' title='bbox 1092 542 1249 600; x_wconf 81' lang='grc' dir='ltr'><strong><em>εἶναι.</em></strong></span> <span class='ocrx_word' id='word_1_34' title='bbox 1323 544 1411 599; x_wconf 83' lang='grc' dir='ltr'><strong><em>ἐπὶ</em></strong></span> <span class='ocrx_word' id='word_1_35' title='bbox 1450 567 1552 615; x_wconf 92' lang='grc' dir='ltr'><strong><em>μεν</em></strong></span> <span class='ocrx_word' id='word_1_36' title='bbox 1590 548 1695 616; x_wconf 76' lang='grc' dir='ltr'><strong><em>γὰρ</em></strong></span> <span class='ocrx_word' id='word_1_37' title='bbox 1734 555 1848 598; x_wconf 84' lang='grc' dir='ltr'><strong><em>τῶν</em></strong></span> 
     </span>
     <span class='ocr_line' id='line_1_6' title="bbox 163 634 1915 706; baseline -0.002 -17"><span class='ocrx_word' id='word_1_38' title='bbox 163 638 347 690; x_wconf 79' lang='grc' dir='ltr'><strong><em>ἄλλων</em></strong></span> <span class='ocrx_word' id='word_1_39' title='bbox 379 636 644 706; x_wconf 88' lang='grc' dir='ltr'><strong><em>ρητόρων,</em></strong></span> <span class='ocrx_word' id='word_1_40' title='bbox 685 636 781 699; x_wconf 85' lang='grc' dir='ltr'><strong><em>οὓς</em></strong></span> <span class='ocrx_word' id='word_1_41' title='bbox 813 639 1123 706; x_wconf 77' lang='grc' dir='ltr'><strong><em>μεμίμηται,</em></strong></span> <span class='ocrx_word' id='word_1_42' title='bbox 1162 637 1387 705; x_wconf 75' lang='grc' dir='ltr'><strong><em>μεγίστη</em></strong></span> <span class='ocrx_word' id='word_1_43' title='bbox 1419 644 1623 702; x_wconf 78' lang='grc' dir='ltr'><strong><em>γνῶσις</em></strong></span> <span class='ocrx_word' id='word_1_44' title='bbox 1653 634 1686 703; x_wconf 83' lang='grc' dir='ltr'>ἡ</span> <span class='ocrx_word' id='word_1_45' title='bbox 1720 635 1848 704; x_wconf 90' lang='grc' dir='ltr'><strong><em>ὁμο-</em></strong></span> <span class='ocrx_word' id='word_1_46' title='bbox 1894 651 1915 682; x_wconf 85' lang='lat'>5</span> 
     </span>
     <span class='ocr_line' id='line_1_7' title="bbox 164 721 1849 794; baseline -0.001 -16"><span class='ocrx_word' id='word_1_47' title='bbox 164 726 334 778; x_wconf 87' lang='grc' dir='ltr'><strong><em>είδεια</em></strong></span> <span class='ocrx_word' id='word_1_48' title='bbox 380 734 492 778; x_wconf 82' lang='grc' dir='ltr'><strong><em>τῶν</em></strong></span> <span class='ocrx_word' id='word_1_49' title='bbox 538 727 732 793; x_wconf 78' lang='grc' dir='ltr'><strong><em>λόγων.</em></strong></span> <span class='ocrx_word' id='word_1_50' title='bbox 810 724 1004 777; x_wconf 86' lang='grc' dir='ltr'><strong><em>αὐτίκα</em></strong></span> <span class='ocrx_word' id='word_1_51' title='bbox 1050 724 1078 778; x_wconf 90' lang='grc' dir='ltr'>ὁ</span> <span class='ocrx_word' id='word_1_52' title='bbox 1125 721 1227 794; x_wconf 74' lang='grc' dir='ltr'><strong><em>μὲν</em></strong></span> <span class='ocrx_word' id='word_1_53' title='bbox 1266 727 1477 786; x_wconf 88' lang='grc' dir='ltr'><strong><em>Λυσίας</em></strong></span> <span class='ocrx_word' id='word_1_54' title='bbox 1522 726 1584 776; x_wconf 81' lang='grc' dir='ltr'><strong><em>ἔν</em></strong></span> <span class='ocrx_word' id='word_1_55' title='bbox 1629 743 1687 776; x_wconf 91' lang='grc' dir='ltr'><strong><em>τε</em></strong></span> <span class='ocrx_word' id='word_1_56' title='bbox 1732 732 1849 786; x_wconf 89' lang='grc' dir='ltr'><strong><em>τοῖς</em></strong></span> 
     </span>
     <span class='ocr_line' id='line_1_8' title="bbox 166 811 1850 885; baseline -0.001 -19"><span class='ocrx_word' id='word_1_57' title='bbox 166 815 330 876; x_wconf 79' lang='grc' dir='ltr'><strong><em>ἰδίοις</em></strong></span> <span class='ocrx_word' id='word_1_58' title='bbox 375 812 466 866; x_wconf 84' lang='grc' dir='ltr'><strong><em>καὶ</em></strong></span> <span class='ocrx_word' id='word_1_59' title='bbox 513 823 629 876; x_wconf 85' lang='grc' dir='ltr'><strong><em>τοῖς</em></strong></span> <span class='ocrx_word' id='word_1_60' title='bbox 676 815 960 883; x_wconf 82' lang='grc' dir='ltr'><strong><em>δημοσίοις</em></strong></span> <span class='ocrx_word' id='word_1_61' title='bbox 1007 813 1216 882; x_wconf 76' lang='grc' dir='ltr'><strong><em>ἀγῶσιν</em></strong></span> <span class='ocrx_word' id='word_1_62' title='bbox 1262 813 1426 875; x_wconf 82' lang='grc' dir='ltr'><strong><em>αὐτὸς</em></strong></span> <span class='ocrx_word' id='word_1_63' title='bbox 1465 811 1614 885; x_wconf 78' lang='grc' dir='ltr'><strong><em>αὑτῷ</em></strong></span> <span class='ocrx_word' id='word_1_64' title='bbox 1653 812 1850 881; x_wconf 87' lang='grc' dir='ltr'><strong><em>ὁμολο-</em></strong></span> 
     </span>
     <span class='ocr_line' id='line_1_9' title="bbox 164 899 1850 972; baseline -0.001 -17"><span class='ocrx_word' id='word_1_65' title='bbox 164 903 434 972; x_wconf 78' lang='grc' dir='ltr'><strong><em>γούμενός</em></strong></span> <span class='ocrx_word' id='word_1_66' title='bbox 475 902 624 955; x_wconf 85' lang='grc' dir='ltr'><strong><em>ἐστιν</em></strong></span> <span class='ocrx_word' id='word_1_67' title='bbox 663 944 859 956; x_wconf 91' lang='grc'><strong>......</strong></span> <span class='ocrx_word' id='word_1_68' title='bbox 900 904 977 965; x_wconf 84' lang='grc' dir='ltr'><strong><em>εἰς</em></strong></span> <span class='ocrx_word' id='word_1_69' title='bbox 1010 899 1071 955; x_wconf 77' lang='grc' dir='ltr'><strong><em>δὲ</em></strong></span> <span class='ocrx_word' id='word_1_70' title='bbox 1101 903 1199 955; x_wconf 90' lang='grc' dir='ltr'><strong><em>τὸν</em></strong></span> <span class='ocrx_word' id='word_1_71' title='bbox 1231 903 1481 955; x_wconf 88' lang='grc' dir='ltr'><strong><em>λεκτικὸν</em></strong></span> <span class='ocrx_word' id='word_1_72' title='bbox 1511 904 1684 955; x_wconf 86' lang='grc' dir='ltr'><strong><em>τόπον</em></strong></span> <span class='ocrx_word' id='word_1_73' title='bbox 1714 902 1850 953; x_wconf 81' lang='grc' dir='ltr'><strong><em>κατὰ</em></strong></span> 
     </span>
     <span class='ocr_line' id='line_1_10' title="bbox 163 989 1850 1060; baseline -0.001 -16"><span class='ocrx_word' id='word_1_74' title='bbox 163 992 266 1059; x_wconf 86' lang='grc' dir='ltr'><strong><em>τὴν</em></strong></span> <span class='ocrx_word' id='word_1_75' title='bbox 310 1001 422 1044; x_wconf 85' lang='grc' dir='ltr'><strong><em>τῶν</em></strong></span> <span class='ocrx_word' id='word_1_76' title='bbox 468 992 754 1060; x_wconf 82' lang='grc' dir='ltr'><strong><em>ὀνομάτων</em></strong></span> <span class='ocrx_word' id='word_1_77' title='bbox 801 993 1107 1060; x_wconf 82' lang='grc' dir='ltr'><strong><em>σαφήνειαν</em></strong></span> <span class='ocrx_word' id='word_1_78' title='bbox 1152 989 1243 1043; x_wconf 85' lang='grc' dir='ltr'><strong><em>καὶ</em></strong></span> <span class='ocrx_word' id='word_1_79' title='bbox 1287 991 1558 1043; x_wconf 90' lang='grc' dir='ltr'><strong><em>σύνθεσιν</em></strong></span> <span class='ocrx_word' id='word_1_80' title='bbox 1596 989 1850 1058; x_wconf 83' lang='grc' dir='ltr'><strong><em>αὐτοφυῆ</em></strong></span> 
     </span>
     <span class='ocr_line' id='line_1_11' title="bbox 163 1076 1919 1148; baseline -0.002 -16"><span class='ocrx_word' id='word_1_81' title='bbox 163 1076 265 1148; x_wconf 77' lang='grc' dir='ltr'><strong><em>μὲν</em></strong></span> <span class='ocrx_word' id='word_1_82' title='bbox 307 1078 398 1132; x_wconf 87' lang='grc' dir='ltr'><strong><em>καὶ</em></strong></span> <span class='ocrx_word' id='word_1_83' title='bbox 439 1083 592 1132; x_wconf 84' lang='grc' dir='ltr'><strong><em>λείαν</em></strong></span> <span class='ocrx_word' id='word_1_84' title='bbox 632 1076 773 1133; x_wconf 82' lang='grc' dir='ltr'><strong><em>εἶναι</em></strong></span> <span class='ocrx_word' id='word_1_85' title='bbox 813 1081 1115 1148; x_wconf 74' lang='grc' dir='ltr'><strong><em>δοκοῦσαν,</em></strong></span> <span class='ocrx_word' id='word_1_86' title='bbox 1161 1080 1366 1141; x_wconf 91' lang='grc' dir='ltr'><strong><em>παντὸς</em></strong></span> <span class='ocrx_word' id='word_1_87' title='bbox 1406 1076 1466 1131; x_wconf 76' lang='grc' dir='ltr'><strong><em>δὲ</em></strong></span> <span class='ocrx_word' id='word_1_88' title='bbox 1505 1081 1677 1147; x_wconf 74' lang='grc' dir='ltr'><strong><em>λόγου</em></strong></span> <span class='ocrx_word' id='word_1_89' title='bbox 1714 1079 1851 1130; x_wconf 78' lang='grc' dir='ltr'><strong><em>κατὰ</em></strong></span> <span class='ocrx_word' id='word_1_90' title='bbox 1876 1096 1919 1128; x_wconf 75' lang='grc' dir='ltr'><strong><em>ιο</em></strong></span> 
     </span>
     <span class='ocr_line' id='line_1_12' title="bbox 163 1163 1854 1238; baseline -0.001 -18"><span class='ocrx_word' id='word_1_91' title='bbox 163 1169 265 1236; x_wconf 85' lang='grc' dir='ltr'><strong><em>τὴν</em></strong></span> <span class='ocrx_word' id='word_1_92' title='bbox 311 1167 521 1236; x_wconf 84' lang='grc' dir='ltr'><strong><em>ἡδονὴν</em></strong></span> <span class='ocrx_word' id='word_1_93' title='bbox 566 1167 957 1238; x_wconf 85' lang='grc' dir='ltr'><strong><em>διαφέρουσαν.</em></strong></span> <span class='ocrx_word' id='word_1_94' title='bbox 1039 1168 1068 1221; x_wconf 89' lang='grc' dir='ltr'>ὁ</span> <span class='ocrx_word' id='word_1_95' title='bbox 1117 1166 1164 1219; x_wconf 85' lang='grc' dir='ltr'><strong><em>δ’</em></strong></span> <span class='ocrx_word' id='word_1_96' title='bbox 1212 1167 1525 1237; x_wconf 78' lang='grc' dir='ltr'><strong><em>Ὑπερείδης</em></strong></span> <span class='ocrx_word' id='word_1_97' title='bbox 1570 1167 1706 1218; x_wconf 82' lang='grc' dir='ltr'><strong><em>κατὰ</em></strong></span> <span class='ocrx_word' id='word_1_98' title='bbox 1752 1163 1854 1234; x_wconf 75' lang='grc' dir='ltr'><strong><em>μὲν</em></strong></span> 
     </span>
     <span class='ocr_line' id='line_1_13' title="bbox 164 1251 1853 1326; baseline -0.002 -16"><span class='ocrx_word' id='word_1_99' title='bbox 164 1259 266 1326; x_wconf 85' lang='grc' dir='ltr'><strong><em>τὴν</em></strong></span> <span class='ocrx_word' id='word_1_100' title='bbox 316 1257 548 1325; x_wconf 78' lang='grc' dir='ltr'><strong><em>ἐκλογὴν</em></strong></span> <span class='ocrx_word' id='word_1_101' title='bbox 589 1266 701 1310; x_wconf 86' lang='grc' dir='ltr'><strong><em>τῶν</em></strong></span> <span class='ocrx_word' id='word_1_102' title='bbox 739 1258 1026 1326; x_wconf 81' lang='grc' dir='ltr'><strong><em>ὀνομάτων</em></strong></span> <span class='ocrx_word' id='word_1_103' title='bbox 1063 1256 1287 1324; x_wconf 81' lang='grc' dir='ltr'><strong><em>ἡττᾶται</em></strong></span> <span class='ocrx_word' id='word_1_104' title='bbox 1328 1258 1569 1323; x_wconf 90' lang='grc' dir='ltr'><strong><em>Λυσίου,</em></strong></span> <span class='ocrx_word' id='word_1_105' title='bbox 1616 1256 1751 1307; x_wconf 79' lang='grc' dir='ltr'><strong><em>κατὰ</em></strong></span> <span class='ocrx_word' id='word_1_106' title='bbox 1791 1251 1853 1306; x_wconf 76' lang='grc' dir='ltr'><strong><em>δὲ</em></strong></span> 
     </span>
     <span class='ocr_line' id='line_1_14' title="bbox 166 1340 1855 1415; baseline -0.001 -17"><span class='ocrx_word' id='word_1_107' title='bbox 166 1347 264 1399; x_wconf 88' lang='grc' dir='ltr'><strong><em>τὸν</em></strong></span> <span class='ocrx_word' id='word_1_108' title='bbox 310 1346 690 1415; x_wconf 77' lang='grc' dir='ltr'><strong><em>πραγματικὸν</em></strong></span> <span class='ocrx_word' id='word_1_109' title='bbox 735 1347 908 1398; x_wconf 91' lang='grc' dir='ltr'><strong><em>τόπον</em></strong></span> <span class='ocrx_word' id='word_1_110' title='bbox 955 1344 1220 1414; x_wconf 81' lang='grc' dir='ltr'><strong><em>διαφέρει.</em></strong></span> <span class='ocrx_word' id='word_1_111' title='bbox 1297 1346 1567 1412; x_wconf 80' lang='grc' dir='ltr'><strong><em>διηγεῖται</em></strong></span> <span class='ocrx_word' id='word_1_112' title='bbox 1615 1340 1676 1396; x_wconf 76' lang='grc' dir='ltr'><strong><em>δὲ</em></strong></span> <span class='ocrx_word' id='word_1_113' title='bbox 1721 1347 1855 1396; x_wconf 90' lang='grc' dir='ltr'><strong><em>πολ-</em></strong></span> 
     </span>
     <span class='ocr_line' id='line_1_15' title="bbox 166 1430 1855 1503; baseline -0.002 -16"><span class='ocrx_word' id='word_1_114' title='bbox 166 1439 365 1503; x_wconf 84' lang='grc' dir='ltr'><strong><em>λαχῶς,</em></strong></span> <span class='ocrx_word' id='word_1_115' title='bbox 413 1431 546 1486; x_wconf 76' lang='grc' dir='ltr'><strong><em>ποτὲ</em></strong></span> <span class='ocrx_word' id='word_1_116' title='bbox 584 1431 686 1502; x_wconf 75' lang='grc' dir='ltr'><strong><em>μὲν</em></strong></span> <span class='ocrx_word' id='word_1_117' title='bbox 723 1435 859 1486; x_wconf 85' lang='grc' dir='ltr'><strong><em>κατὰ</em></strong></span> <span class='ocrx_word' id='word_1_118' title='bbox 899 1434 1074 1502; x_wconf 89' lang='grc' dir='ltr'><strong><em>φύσιν</em></strong></span> <span class='ocrx_word' id='word_1_119' title='bbox 1110 1430 1243 1486; x_wconf 77' lang='grc' dir='ltr'><strong><em>ποτὲ</em></strong></span> <span class='ocrx_word' id='word_1_120' title='bbox 1283 1430 1343 1485; x_wconf 75' lang='grc' dir='ltr'><strong><em>δὲ</em></strong></span> <span class='ocrx_word' id='word_1_121' title='bbox 1382 1432 1488 1485; x_wconf 80' lang='grc' dir='ltr'><strong><em>ἀπὸ</em></strong></span> <span class='ocrx_word' id='word_1_122' title='bbox 1532 1440 1632 1485; x_wconf 87' lang='grc' dir='ltr'><strong><em>τοῦ</em></strong></span> <span class='ocrx_word' id='word_1_123' title='bbox 1662 1430 1855 1494; x_wconf 82' lang='grc' dir='ltr'><strong><em>τέλους</em></strong></span> 
     </span>
     <span class='ocr_line' id='line_1_16' title="bbox 166 1519 1922 1592; baseline -0.002 -17"><span class='ocrx_word' id='word_1_124' title='bbox 166 1521 254 1576; x_wconf 82' lang='grc' dir='ltr'><strong><em>ἐπὶ</em></strong></span> <span class='ocrx_word' id='word_1_125' title='bbox 300 1523 401 1590; x_wconf 87' lang='grc' dir='ltr'><strong><em>τὴν</em></strong></span> <span class='ocrx_word' id='word_1_126' title='bbox 447 1522 623 1592; x_wconf 83' lang='grc' dir='ltr'><strong><em>ἀρχὴν</em></strong></span> <span class='ocrx_word' id='word_1_127' title='bbox 667 1524 1053 1592; x_wconf 87' lang='grc' dir='ltr'><strong><em>πορευόμενος.</em></strong></span> <span class='ocrx_word' id='word_1_128' title='bbox 1129 1525 1425 1574; x_wconf 88' lang='grc' dir='ltr'><strong><em>πιστοῦταί</em></strong></span> <span class='ocrx_word' id='word_1_129' title='bbox 1456 1522 1586 1590; x_wconf 84' lang='grc' dir='ltr'><strong><em>&lt;τε&gt;</em></strong></span> <span class='ocrx_word' id='word_1_130' title='bbox 1626 1521 1692 1574; x_wconf 88' lang='grc' dir='ltr'><strong><em>οὐ</em></strong></span> <span class='ocrx_word' id='word_1_131' title='bbox 1731 1519 1846 1574; x_wconf 86' lang='grc' dir='ltr'><strong><em>κατ’</em></strong></span> <span class='ocrx_word' id='word_1_132' title='bbox 1881 1539 1922 1570; x_wconf 90' lang='lat'><strong><em>15</em></strong></span> 
     </span>
     <span class='ocr_line' id='line_1_17' title="bbox 167 1608 1855 1686; baseline -0.002 -22"><span class='ocrx_word' id='word_1_133' title='bbox 167 1611 459 1680; x_wconf 84' lang='grc' dir='ltr'><strong><em>ἐνθύμημα</em></strong></span> <span class='ocrx_word' id='word_1_134' title='bbox 502 1613 693 1679; x_wconf 92' lang='grc' dir='ltr'><strong><em>μόνον,</em></strong></span> <span class='ocrx_word' id='word_1_135' title='bbox 734 1609 873 1663; x_wconf 81' lang='grc' dir='ltr'><strong><em>ἀλλὰ</em></strong></span> <span class='ocrx_word' id='word_1_136' title='bbox 911 1608 1002 1662; x_wconf 87' lang='grc' dir='ltr'><strong><em>καὶ</em></strong></span> <span class='ocrx_word' id='word_1_137' title='bbox 1041 1608 1156 1686; x_wconf 79' lang='grc' dir='ltr'><strong><em>κατ’</em></strong></span> <span class='ocrx_word' id='word_1_138' title='bbox 1196 1609 1516 1680; x_wconf 83' lang='grc' dir='ltr'><strong><em>ἐπιχείρημα</em></strong></span> <span class='ocrx_word' id='word_1_139' title='bbox 1546 1610 1855 1662; x_wconf 86' lang='grc' dir='ltr'><strong><em>πλατύνων.</em></strong></span> 
     </span>
    </p>

    <p class='ocr_par' dir='ltr' id='par_1_3' title="bbox 81 1695 1922 2301">
     <span class='ocr_line' id='line_1_18' title="bbox 81 1695 1858 1769; baseline -0.002 -16"><span class='ocrx_word' id='word_1_140' title='bbox 81 1700 215 1754; x_wconf 75' lang='grc' dir='ltr'><strong><em>64Ξὸ</em></strong></span> <span class='ocrx_word' id='word_1_141' title='bbox 257 1697 318 1752; x_wconf 76' lang='grc' dir='ltr'><strong><em>δὲ</em></strong></span> <span class='ocrx_word' id='word_1_142' title='bbox 357 1700 589 1761; x_wconf 89' lang='grc' dir='ltr'><strong><em>τούτους</em></strong></span> <span class='ocrx_word' id='word_1_143' title='bbox 627 1718 684 1752; x_wconf 91' lang='grc' dir='ltr'><strong><em>τε</em></strong></span> <span class='ocrx_word' id='word_1_144' title='bbox 723 1697 813 1752; x_wconf 83' lang='grc' dir='ltr'><strong><em>καὶ</em></strong></span> <span class='ocrx_word' id='word_1_145' title='bbox 851 1701 982 1761; x_wconf 89' lang='grc' dir='ltr'><strong><em>τοὺς</em></strong></span> <span class='ocrx_word' id='word_1_146' title='bbox 1020 1700 1222 1760; x_wconf 78' lang='grc' dir='ltr'><strong><em>ἄλλους</em></strong></span> <span class='ocrx_word' id='word_1_147' title='bbox 1259 1699 1468 1761; x_wconf 80' lang='grc' dir='ltr'><strong><em>πάντας</em></strong></span> <span class='ocrx_word' id='word_1_148' title='bbox 1501 1695 1858 1769; x_wconf 84' lang='grc' dir='ltr'><strong><em>ὑπερβαλΙλό-</em></strong></span> 
     </span>
     <span class='ocr_line' id='line_1_19' title="bbox 168 1786 1858 1858; baseline -0.002 -16"><span class='ocrx_word' id='word_1_149' title='bbox 168 1809 330 1858; x_wconf 87' lang='grc' dir='ltr'><strong><em>μενος</em></strong></span> <span class='ocrx_word' id='word_1_150' title='bbox 375 1787 766 1857; x_wconf 84' lang='grc' dir='ltr'><strong><em>Δημοσθένης,</em></strong></span> <span class='ocrx_word' id='word_1_151' title='bbox 814 1789 1027 1840; x_wconf 76' lang='grc' dir='ltr'><strong><em>ἅπαντα</em></strong></span> <span class='ocrx_word' id='word_1_152' title='bbox 1074 1788 1447 1857; x_wconf 87' lang='grc' dir='ltr'><strong><em>μιμησάμενος</em></strong></span> <span class='ocrx_word' id='word_1_153' title='bbox 1492 1786 1583 1840; x_wconf 86' lang='grc' dir='ltr'><strong><em>καὶ</em></strong></span> <span class='ocrx_word' id='word_1_154' title='bbox 1632 1787 1858 1839; x_wconf 90' lang='grc' dir='ltr'><strong><em>πάντων</em></strong></span> 
     </span>
     <span class='ocr_line' id='line_1_20' title="bbox 167 1868 1856 1956; baseline -0.002 -25"><span class='ocrx_word' id='word_1_155' title='bbox 167 1879 234 1931; x_wconf 79' lang='grc' dir='ltr'><strong><em>τὰ</em></strong></span> <span class='ocrx_word' id='word_1_156' title='bbox 271 1878 534 1930; x_wconf 89' lang='grc' dir='ltr'><strong><em>κάλλιστα</em></strong></span> <span class='ocrx_word' id='word_1_157' title='bbox 559 1868 940 1946; x_wconf 79' lang='grc' dir='ltr'><strong><em>ἐκλεξάμενος,</em></strong></span> <span class='ocrx_word' id='word_1_158' title='bbox 980 1878 1147 1944; x_wconf 82' lang='grc' dir='ltr'><strong><em>δῆλος</em></strong></span> <span class='ocrx_word' id='word_1_159' title='bbox 1185 1873 1286 1956; x_wconf 75' lang='grc' dir='ltr'><strong><em>μὲν</em></strong></span> <span class='ocrx_word' id='word_1_160' title='bbox 1324 1875 1415 1929; x_wconf 84' lang='grc' dir='ltr'><strong><em>καὶ</em></strong></span> <span class='ocrx_word' id='word_1_161' title='bbox 1454 1884 1518 1947; x_wconf 77' lang='grc' dir='ltr'><strong><em>τῇ</em></strong></span> <span class='ocrx_word' id='word_1_162' title='bbox 1560 1884 1718 1946; x_wconf 76' lang='grc' dir='ltr'><strong><em>φωνῇ</em></strong></span> <span class='ocrx_word' id='word_1_163' title='bbox 1759 1878 1856 1945; x_wconf 90' lang='grc' dir='ltr'><strong><em>μό-</em></strong></span> 
     </span>
     <span class='ocr_line' id='line_1_21' title="bbox 168 1962 1922 2036; baseline -0.003 -17"><span class='ocrx_word' id='word_1_164' title='bbox 168 1987 294 2033; x_wconf 88' lang='grc' dir='ltr'><strong><em>νον,</em></strong></span> <span class='ocrx_word' id='word_1_165' title='bbox 343 1967 508 2033; x_wconf 79' lang='grc' dir='ltr'><strong><em>δῆλος</em></strong></span> <span class='ocrx_word' id='word_1_166' title='bbox 555 1962 615 2018; x_wconf 76' lang='grc' dir='ltr'><strong><em>δὲ</em></strong></span> <span class='ocrx_word' id='word_1_167' title='bbox 659 1963 750 2018; x_wconf 86' lang='grc' dir='ltr'><strong><em>καὶ</em></strong></span> <span class='ocrx_word' id='word_1_168' title='bbox 795 1972 871 2036; x_wconf 77' lang='grc' dir='ltr'><strong><em>τῷ</em></strong></span> <span class='ocrx_word' id='word_1_169' title='bbox 916 1963 1042 2018; x_wconf 82' lang='grc' dir='ltr'><strong><em>καθ’</em></strong></span> <span class='ocrx_word' id='word_1_170' title='bbox 1090 1963 1187 2016; x_wconf 80' lang='grc' dir='ltr'><strong><em>ἕνα</em></strong></span> <span class='ocrx_word' id='word_1_171' title='bbox 1233 1963 1464 2017; x_wconf 80' lang='grc' dir='ltr'><strong><em>ἕκαστον</em></strong></span> <span class='ocrx_word' id='word_1_172' title='bbox 1510 1966 1679 2032; x_wconf 76' lang='grc' dir='ltr'><strong><em>λόγον</em></strong></span> <span class='ocrx_word' id='word_1_173' title='bbox 1724 1962 1854 2033; x_wconf 85' lang='grc' dir='ltr'><strong><em>πρέ-</em></strong></span> <span class='ocrx_word' id='word_1_174' title='bbox 1879 1982 1922 2013; x_wconf 77' lang='lat'><strong><em>20</em></strong></span> 
     </span>
     <span class='ocr_line' id='line_1_22' title="bbox 168 2051 1854 2126; baseline -0.001 -19"><span class='ocrx_word' id='word_1_175' title='bbox 168 2073 354 2121; x_wconf 91' lang='grc' dir='ltr'><strong><em>ποντι,</em></strong></span> <span class='ocrx_word' id='word_1_176' title='bbox 402 2052 468 2105; x_wconf 87' lang='grc' dir='ltr'><strong><em>οὐ</em></strong></span> <span class='ocrx_word' id='word_1_177' title='bbox 514 2053 623 2121; x_wconf 83' lang='grc' dir='ltr'><strong><em>μὴν</em></strong></span> <span class='ocrx_word' id='word_1_178' title='bbox 669 2052 807 2126; x_wconf 78' lang='grc' dir='ltr'><strong><em>ἀλλὰ</em></strong></span> <span class='ocrx_word' id='word_1_179' title='bbox 851 2051 942 2104; x_wconf 86' lang='grc' dir='ltr'><strong><em>καὶ</em></strong></span> <span class='ocrx_word' id='word_1_180' title='bbox 988 2052 1126 2122; x_wconf 75' lang='grc' dir='ltr'><strong><em>&lt;τῇ&gt;</em></strong></span> <span class='ocrx_word' id='word_1_181' title='bbox 1173 2051 1435 2105; x_wconf 80' lang='grc' dir='ltr'><strong><em>συνθέσει</em></strong></span> <span class='ocrx_word' id='word_1_182' title='bbox 1480 2051 1572 2104; x_wconf 88' lang='grc' dir='ltr'><strong><em>καὶ</em></strong></span> <span class='ocrx_word' id='word_1_183' title='bbox 1619 2060 1694 2124; x_wconf 76' lang='grc' dir='ltr'><strong><em>τῷ</em></strong></span> <span class='ocrx_word' id='word_1_184' title='bbox 1742 2062 1854 2105; x_wconf 85' lang='grc' dir='ltr'><strong><em>τῶν</em></strong></span> 
     </span>
     <span class='ocr_line' id='line_1_23' title="bbox 172 2139 1857 2212; baseline -0.002 -17"><span class='ocrx_word' id='word_1_185' title='bbox 172 2150 558 2211; x_wconf 81' lang='grc' dir='ltr'><strong><em>σχηματισμῶν</em></strong></span> <span class='ocrx_word' id='word_1_186' title='bbox 605 2140 824 2212; x_wconf 75' lang='grc' dir='ltr'><strong><em>ἀγκύλῳ</em></strong></span> <span class='ocrx_word' id='word_1_187' title='bbox 871 2139 962 2192; x_wconf 86' lang='grc' dir='ltr'><strong><em>καὶ</em></strong></span> <span class='ocrx_word' id='word_1_188' title='bbox 1011 2149 1074 2211; x_wconf 76' lang='grc' dir='ltr'><strong><em>τῇ</em></strong></span> <span class='ocrx_word' id='word_1_189' title='bbox 1121 2142 1407 2211; x_wconf 77' lang='grc' dir='ltr'><strong><em>οἰκονομίᾳ</em></strong></span> <span class='ocrx_word' id='word_1_190' title='bbox 1444 2139 1534 2192; x_wconf 87' lang='grc' dir='ltr'><strong><em>καὶ</em></strong></span> <span class='ocrx_word' id='word_1_191' title='bbox 1574 2147 1649 2210; x_wconf 74' lang='grc' dir='ltr'><strong><em>τῷ</em></strong></span> <span class='ocrx_word' id='word_1_192' title='bbox 1687 2142 1857 2193; x_wconf 83' lang='grc' dir='ltr'><strong><em>πάθει</em></strong></span> 
     </span>
     <span class='ocr_line' id='line_1_24' title="bbox 172 2225 1858 2301; baseline -0.001 -17"><span class='ocrx_word' id='word_1_193' title='bbox 172 2229 262 2284; x_wconf 84' lang='grc' dir='ltr'><strong><em>καὶ</em></strong></span> <span class='ocrx_word' id='word_1_194' title='bbox 310 2231 370 2283; x_wconf 92' lang='grc' dir='ltr'><strong><em>τὸ</em></strong></span> <span class='ocrx_word' id='word_1_195' title='bbox 418 2229 677 2301; x_wconf 81' lang='grc' dir='ltr'><strong><em>μέγιστον</em></strong></span> <span class='ocrx_word' id='word_1_196' title='bbox 723 2237 786 2299; x_wconf 76' lang='grc' dir='ltr'><strong><em>τῇ</em></strong></span> <span class='ocrx_word' id='word_1_197' title='bbox 836 2231 1123 2297; x_wconf 89' lang='grc' dir='ltr'><strong><em>δεινότητι.</em></strong></span> <span class='ocrx_word' id='word_1_198' title='bbox 1201 2229 1229 2281; x_wconf 89' lang='grc' dir='ltr'>ὁ</span> <span class='ocrx_word' id='word_1_199' title='bbox 1279 2225 1338 2280; x_wconf 75' lang='grc' dir='ltr'><strong><em>δὲ</em></strong></span> <span class='ocrx_word' id='word_1_200' title='bbox 1378 2231 1684 2298; x_wconf 87' lang='grc' dir='ltr'><strong><em>Δείναρχος</em></strong></span> <span class='ocrx_word' id='word_1_201' title='bbox 1732 2229 1858 2282; x_wconf 80' lang='grc' dir='ltr'><strong><em>οὔτε</em></strong></span> 
     </span>
    </p>
   </div>
   <div class='ocr_carea' id='block_1_3' title="bbox 174 2414 1859 2888">
    <p class='ocr_par' dir='ltr' id='par_1_4' title="bbox 174 2414 1859 2888">
     <span class='ocr_line' id='line_1_25' title="bbox 295 2414 1857 2490; baseline -0.002 -27"><span class='ocrx_word' id='word_1_202' title='bbox 295 2425 317 2462; x_wconf 97' lang='grc'>1</span> <span class='ocrx_word' id='word_1_203' title='bbox 359 2417 434 2476; x_wconf 62' lang='lat' dir='ltr'><strong><em>My</em></strong></span> <span class='ocrx_word' id='word_1_204' title='bbox 438 2436 482 2463; x_wconf 90' lang='grc' dir='ltr'><strong><em>οι</em></strong></span> <span class='ocrx_word' id='word_1_205' title='bbox 513 2418 753 2462; x_wconf 86' lang='lat' dir='ltr'>Reiskius:</span> <span class='ocrx_word' id='word_1_206' title='bbox 794 2417 922 2474; x_wconf 80' lang='grc' dir='ltr'><strong><em>λόγοι</em></strong></span> <span class='ocrx_word' id='word_1_207' title='bbox 952 2417 987 2460; x_wconf 88' lang='lat' dir='ltr'><strong>F</strong></span> <span class='ocrx_word' id='word_1_208' title='bbox 1109 2422 1134 2460; x_wconf 81' lang='lat'>2</span> <span class='ocrx_word' id='word_1_209' title='bbox 1175 2418 1221 2475; x_wconf 88' lang='grc' dir='ltr'><strong><em>βι</em></strong></span> <span class='ocrx_word' id='word_1_210' title='bbox 1254 2414 1363 2461; x_wconf 83' lang='grc' dir='ltr'><strong><em>λίων</em></strong></span> <span class='ocrx_word' id='word_1_211' title='bbox 1394 2416 1430 2459; x_wconf 88' lang='lat' dir='ltr'><strong>F</strong></span> <span class='ocrx_word' id='word_1_212' title='bbox 1551 2422 1579 2460; x_wconf 86' lang='lat'>4</span> <span class='ocrx_word' id='word_1_213' title='bbox 1618 2418 1857 2490; x_wconf 85' lang='grc' dir='ltr'><strong><em>διαβεβαι-</em></strong></span> 
     </span>
     <span class='ocr_line' id='line_1_26' title="bbox 174 2437 1858 2551; baseline -0.002 -27"><span class='ocrx_word' id='word_1_214' title='bbox 174 2487 272 2524; x_wconf 91' lang='grc' dir='ltr'><strong><em>οῖτο</em></strong></span> <span class='ocrx_word' id='word_1_215' title='bbox 306 2437 604 2534; x_wconf 61' lang='grc' dir='ltr'><strong><em>ὃγΙῦγητςίυεε</em></strong></span> <span class='ocrx_word' id='word_1_216' title='bbox 637 2478 956 2551; x_wconf 85' lang='grc' dir='ltr'><strong><em>διεβεβαιοῦτο</em></strong></span> <span class='ocrx_word' id='word_1_217' title='bbox 988 2476 1023 2519; x_wconf 88' lang='lat' dir='ltr'><strong>F</strong></span> <span class='ocrx_word' id='word_1_218' title='bbox 1052 2478 1057 2534; x_wconf 93' lang='grc' dir='ltr'>Ι</span> <span class='ocrx_word' id='word_1_219' title='bbox 1087 2475 1160 2519; x_wconf 79' lang='grc' dir='ltr'><strong><em>ἐπὶ</em></strong></span> <span class='ocrx_word' id='word_1_220' title='bbox 1194 2493 1225 2532; x_wconf 85' lang='grc' dir='ltr'><strong><em>μ</em></strong></span> <span class='ocrx_word' id='word_1_221' title='bbox 1251 2477 1297 2534; x_wconf 87' lang='grc' dir='ltr'><strong><em>ν]</em></strong></span> <span class='ocrx_word' id='word_1_222' title='bbox 1331 2475 1418 2519; x_wconf 84' lang='grc' dir='ltr'><strong><em>εἰσὶ</em></strong></span> <span class='ocrx_word' id='word_1_223' title='bbox 1450 2492 1533 2532; x_wconf 90' lang='grc' dir='ltr'><strong><em>μεν</em></strong></span> <span class='ocrx_word' id='word_1_224' title='bbox 1557 2475 1593 2519; x_wconf 88' lang='lat' dir='ltr'><strong>F</strong></span> <span class='ocrx_word' id='word_1_225' title='bbox 1650 2475 1741 2520; x_wconf 80' lang='grc' dir='ltr'><strong><em>ἔστι</em></strong></span> <span class='ocrx_word' id='word_1_226' title='bbox 1773 2474 1858 2532; x_wconf 81' lang='grc' dir='ltr'><strong><em>μὲν</em></strong></span> 
     </span>
     <span class='ocr_line' id='line_1_27' title="bbox 178 2533 1858 2607; baseline -0.002 -26"><span class='ocrx_word' id='word_1_227' title='bbox 178 2537 452 2594; x_wconf 83' lang='lat' dir='ltr'>Sylburgius</span> <span class='ocrx_word' id='word_1_228' title='bbox 590 2541 615 2579; x_wconf 88' lang='lat'>5</span> <span class='ocrx_word' id='word_1_229' title='bbox 650 2541 674 2579; x_wconf 89' lang='grc'><strong>6</strong></span> <span class='ocrx_word' id='word_1_230' title='bbox 725 2533 936 2591; x_wconf 85' lang='grc' dir='ltr'><strong><em>ὁμοειδία</em></strong></span> <span class='ocrx_word' id='word_1_231' title='bbox 969 2535 1025 2579; x_wconf 89' lang='lat' dir='ltr'><strong><em>F.</em></strong></span> <span class='ocrx_word' id='word_1_232' title='bbox 1066 2549 1169 2579; x_wconf 85' lang='lat' dir='ltr'>corr</span> <span class='ocrx_word' id='word_1_233' title='bbox 1199 2535 1463 2592; x_wconf 84' lang='lat' dir='ltr'>Kruegerus</span> <span class='ocrx_word' id='word_1_234' title='bbox 1601 2540 1624 2578; x_wconf 83' lang='lat'>7</span> <span class='ocrx_word' id='word_1_235' title='bbox 1659 2539 1684 2578; x_wconf 87' lang='lat'>8</span> <span class='ocrx_word' id='word_1_236' title='bbox 1734 2537 1858 2607; x_wconf 82' lang='grc' dir='ltr'><strong><em>αὐτῷ</em></strong></span> 
     </span>
     <span class='ocr_line' id='line_1_28' title="bbox 176 2593 1858 2669; baseline -0.002 -28"><span class='ocrx_word' id='word_1_237' title='bbox 176 2597 517 2653; x_wconf 82' lang='grc' dir='ltr'><strong><em>ὁμολογούμενο</em></strong></span> <span class='ocrx_word' id='word_1_238' title='bbox 542 2596 597 2640; x_wconf 90' lang='lat' dir='ltr'><strong><em>F:</em></strong></span> <span class='ocrx_word' id='word_1_239' title='bbox 624 2609 727 2638; x_wconf 85' lang='lat' dir='ltr'><strong>corr</strong></span> <span class='ocrx_word' id='word_1_240' title='bbox 742 2594 978 2638; x_wconf 73' lang='lat' dir='ltr'>Victorius</span> <span class='ocrx_word' id='word_1_241' title='bbox 1070 2599 1096 2638; x_wconf 88' lang='lat'>8</span> <span class='ocrx_word' id='word_1_242' title='bbox 1122 2594 1319 2638; x_wconf 86' lang='lat' dir='ltr'>lacunae</span> <span class='ocrx_word' id='word_1_243' title='bbox 1345 2594 1480 2669; x_wconf 85' lang='lat' dir='ltr'>signa</span> <span class='ocrx_word' id='word_1_244' title='bbox 1505 2593 1671 2638; x_wconf 84' lang='lat' dir='ltr'>addidi</span> <span class='ocrx_word' id='word_1_245' title='bbox 1689 2595 1693 2644; x_wconf 84' lang='grc' dir='ltr'>Ι</span> <span class='ocrx_word' id='word_1_246' title='bbox 1712 2594 1858 2638; x_wconf 84' lang='grc' dir='ltr'><strong><em>τόπον</em></strong></span> 
     </span>
     <span class='ocr_line' id='line_1_29' title="bbox 175 2651 1741 2712; baseline -0.001 -14"><span class='ocrx_word' id='word_1_247' title='bbox 175 2655 415 2700; x_wconf 83' lang='lat' dir='ltr'><strong>Reiskius:</strong></span> <span class='ocrx_word' id='word_1_248' title='bbox 448 2655 621 2710; x_wconf 87' lang='grc' dir='ltr'><strong><em>τρόπον</em></strong></span> <span class='ocrx_word' id='word_1_249' title='bbox 653 2654 687 2697; x_wconf 88' lang='lat' dir='ltr'><strong>F</strong></span> <span class='ocrx_word' id='word_1_250' title='bbox 716 2657 722 2710; x_wconf 90' lang='grc' dir='ltr'>Ι</span> <span class='ocrx_word' id='word_1_251' title='bbox 757 2653 895 2712; x_wconf 78' lang='grc' dir='ltr'><strong><em>κατὰ]</em></strong></span> <span class='ocrx_word' id='word_1_252' title='bbox 928 2653 1008 2698; x_wconf 78' lang='grc' dir='ltr'><strong><em>καὶ</em></strong></span> <span class='ocrx_word' id='word_1_253' title='bbox 1038 2653 1073 2696; x_wconf 82' lang='lat' dir='ltr'><strong>F</strong></span> <span class='ocrx_word' id='word_1_254' title='bbox 1203 2659 1257 2697; x_wconf 90' lang='lat'><strong><em>10</em></strong></span> <span class='ocrx_word' id='word_1_255' title='bbox 1296 2651 1426 2698; x_wconf 83' lang='grc' dir='ltr'><strong><em>λείαν</em></strong></span> <span class='ocrx_word' id='word_1_256' title='bbox 1458 2667 1514 2697; x_wconf 86' lang='lat' dir='ltr'><strong><em>ex</em></strong></span> <span class='ocrx_word' id='word_1_257' title='bbox 1546 2651 1652 2697; x_wconf 84' lang='grc' dir='ltr'><strong><em>λίαν</em></strong></span> <span class='ocrx_word' id='word_1_258' title='bbox 1683 2653 1741 2696; x_wconf 83' lang='lat' dir='ltr'><strong><em>F1</em></strong></span> 
     </span>
     <span class='ocr_line' id='line_1_30' title="bbox 182 2712 1858 2786; baseline -0.002 -28"><span class='ocrx_word' id='word_1_259' title='bbox 182 2719 233 2758; x_wconf 88' lang='lat'><strong><em>11</em></strong></span> <span class='ocrx_word' id='word_1_260' title='bbox 269 2712 628 2786; x_wconf 83' lang='grc' dir='ltr'><strong><em>διαφέρουσ[αν]</em></strong></span> <span class='ocrx_word' id='word_1_261' title='bbox 662 2728 766 2756; x_wconf 81' lang='lat' dir='ltr'><strong><em>oum</em></strong></span> <span class='ocrx_word' id='word_1_262' title='bbox 797 2727 871 2756; x_wconf 83' lang='lat' dir='ltr'><strong><em>ras</em></strong></span> <span class='ocrx_word' id='word_1_263' title='bbox 904 2712 939 2756; x_wconf 88' lang='lat' dir='ltr'><strong>F</strong></span> <span class='ocrx_word' id='word_1_264' title='bbox 1036 2717 1090 2756; x_wconf 82' lang='lat'><strong><em>12</em></strong></span> <span class='ocrx_word' id='word_1_265' title='bbox 1125 2712 1359 2779; x_wconf 76' lang='grc' dir='ltr'><strong><em>ἐκλογ[ὴν]</em></strong></span> <span class='ocrx_word' id='word_1_266' title='bbox 1393 2727 1498 2755; x_wconf 84' lang='lat' dir='ltr'><strong><em>eum</em></strong></span> <span class='ocrx_word' id='word_1_267' title='bbox 1520 2726 1595 2755; x_wconf 83' lang='lat' dir='ltr'><strong><em>ras</em></strong></span> <span class='ocrx_word' id='word_1_268' title='bbox 1620 2712 1655 2755; x_wconf 84' lang='lat' dir='ltr'><strong>F</strong></span> <span class='ocrx_word' id='word_1_269' title='bbox 1685 2714 1689 2770; x_wconf 93' lang='grc' dir='ltr'>Ι</span> <span class='ocrx_word' id='word_1_270' title='bbox 1719 2726 1858 2767; x_wconf 81' lang='lat' dir='ltr'>quae-</span> 
     </span>
     <span class='ocr_line' id='line_1_31' title="bbox 180 2771 1857 2828; baseline -0.001 -12"><span class='ocrx_word' id='word_1_271' title='bbox 180 2774 290 2816; x_wconf 86' lang='lat' dir='ltr'><strong><em>dam</em></strong></span> <span class='ocrx_word' id='word_1_272' title='bbox 320 2774 425 2828; x_wconf 82' lang='grc' dir='ltr'><strong><em>περὶ</em></strong></span> <span class='ocrx_word' id='word_1_273' title='bbox 458 2771 717 2822; x_wconf 83' lang='grc' dir='ltr'><strong><em>συνθέσεως</em></strong></span> <span class='ocrx_word' id='word_1_274' title='bbox 751 2772 911 2816; x_wconf 83' lang='lat' dir='ltr'>deesse</span> <span class='ocrx_word' id='word_1_275' title='bbox 935 2771 1198 2828; x_wconf 87' lang='lat' dir='ltr'>Kruegerus</span> <span class='ocrx_word' id='word_1_276' title='bbox 1228 2771 1411 2815; x_wconf 74' lang='lat' dir='ltr'>iudicat</span> <span class='ocrx_word' id='word_1_277' title='bbox 1518 2776 1571 2814; x_wconf 89' lang='lat'><strong><em>13</em></strong></span> <span class='ocrx_word' id='word_1_278' title='bbox 1604 2771 1778 2826; x_wconf 83' lang='grc' dir='ltr'><strong><em>τρόπον</em></strong></span> <span class='ocrx_word' id='word_1_279' title='bbox 1802 2771 1857 2814; x_wconf 87' lang='lat' dir='ltr'><strong><em>F:</em></strong></span> 
     </span>
     <span class='ocr_line' id='line_1_32' title="bbox 179 2829 1859 2888; baseline -0.002 -13"><span class='ocrx_word' id='word_1_280' title='bbox 179 2846 282 2876; x_wconf 82' lang='lat' dir='ltr'>corr</span> <span class='ocrx_word' id='word_1_281' title='bbox 311 2847 391 2888; x_wconf 88' lang='lat' dir='ltr'><strong><em>mg</em></strong></span> <span class='ocrx_word' id='word_1_282' title='bbox 423 2831 544 2876; x_wconf 86' lang='lat' dir='ltr'>Bodl</span> <span class='ocrx_word' id='word_1_283' title='bbox 673 2836 725 2874; x_wconf 87' lang='lat'><strong><em>15</em></strong></span> <span class='ocrx_word' id='word_1_284' title='bbox 773 2846 820 2874; x_wconf 89' lang='grc' dir='ltr'><strong><em>τε</em></strong></span> <span class='ocrx_word' id='word_1_285' title='bbox 853 2830 1017 2874; x_wconf 83' lang='lat' dir='ltr'>addidi</span> <span class='ocrx_word' id='word_1_286' title='bbox 1050 2829 1092 2874; x_wconf 85' lang='grc' dir='ltr'><strong><em>δ’</em></strong></span> <span class='ocrx_word' id='word_1_287' title='bbox 1125 2831 1400 2887; x_wconf 79' lang='lat' dir='ltr'>Sylburgius</span> <span class='ocrx_word' id='word_1_288' title='bbox 1532 2835 1584 2873; x_wconf 83' lang='lat'><strong><em>17</em></strong></span> <span class='ocrx_word' id='word_1_289' title='bbox 1622 2835 1673 2874; x_wconf 86' lang='grc'><strong><em>18</em></strong></span> <span class='ocrx_word' id='word_1_290' title='bbox 1722 2831 1859 2885; x_wconf 86' lang='grc' dir='ltr'><strong><em>ὑπερ-</em></strong></span> 
     </span>
    </p>
   </div>
   <div class='ocr_carea' id='block_1_4' title="bbox 180 2888 1740 3007">
    <p class='ocr_par' dir='ltr' id='par_1_5' title="bbox 180 2888 1740 3007">
     <span class='ocr_line' id='line_1_33' title="bbox 180 2888 1740 2948; baseline -0.002 -14"><span class='ocrx_word' id='word_1_291' title='bbox 180 2890 435 2948; x_wconf 83' lang='grc' dir='ltr'><strong><em>βαλόμενος</em></strong></span> <span class='ocrx_word' id='word_1_292' title='bbox 475 2891 682 2935; x_wconf 81' lang='lat' dir='ltr'>Sadaeus</span> <span class='ocrx_word' id='word_1_293' title='bbox 819 2894 874 2933; x_wconf 78' lang='lat'><strong><em>20</em></strong></span> <span class='ocrx_word' id='word_1_294' title='bbox 908 2895 960 2933; x_wconf 79' lang='lat'><strong><em>21</em></strong></span> <span class='ocrx_word' id='word_1_295' title='bbox 1008 2888 1225 2946; x_wconf 82' lang='grc' dir='ltr'><strong><em>τρέποντι</em></strong></span> <span class='ocrx_word' id='word_1_296' title='bbox 1264 2890 1318 2934; x_wconf 87' lang='lat' dir='ltr'><strong><em>F:</em></strong></span> <span class='ocrx_word' id='word_1_297' title='bbox 1367 2903 1470 2933; x_wconf 79' lang='lat' dir='ltr'>corr</span> <span class='ocrx_word' id='word_1_298' title='bbox 1505 2889 1740 2933; x_wconf 70' lang='lat' dir='ltr'>Victorius</span> 
     </span>
     <span class='ocr_line' id='line_1_34' title="bbox 181 2949 698 3007; baseline 0.002 -16"><span class='ocrx_word' id='word_1_299' title='bbox 181 2954 234 2991; x_wconf 82' lang='lat'><strong><em>21</em></strong></span> <span class='ocrx_word' id='word_1_300' title='bbox 268 2956 323 3007; x_wconf 82' lang='grc' dir='ltr'><strong><em>τῇ</em></strong></span> <span class='ocrx_word' id='word_1_301' title='bbox 356 2950 450 2993; x_wconf 80' lang='lat' dir='ltr'><strong><em>add</em></strong></span> <span class='ocrx_word' id='word_1_302' title='bbox 481 2949 698 2994; x_wconf 85' lang='lat' dir='ltr'>Reiskius</span> 
     </span>
    </p>
   </div>
   <div class='ocr_carea' id='block_1_5' title="bbox 271 3024 1594 3064">
    <p class='ocr_par' dir='ltr' id='par_1_6' title="bbox 271 3024 1594 3064">
     <span class='ocr_line' id='line_1_35' title="bbox 271 3024 1594 3064; baseline 0 -2"><span class='ocrx_word' id='word_1_303' title='bbox 271 3031 383 3064; x_wconf 87' lang='lat' dir='ltr'><strong>Dion.</strong></span> <span class='ocrx_word' id='word_1_304' title='bbox 407 3033 605 3064; x_wconf 75' lang='lat' dir='ltr'><strong>Halicarn.</strong></span> <span class='ocrx_word' id='word_1_305' title='bbox 640 3032 683 3063; x_wconf 78' lang='lat' dir='ltr'><strong><em>V.</em></strong></span> <span class='ocrx_word' id='word_1_306' title='bbox 1539 3024 1594 3062; x_wconf 78' lang='lat'><strong><em>20</em></strong></span> 
     </span>
    </p>
   </div>
  </div>
 </body>
</html>
