2004 3202
747 155 1171 199 ΔΗΜΟΣΘΕΝΗΣ
1690 154 1792 206 221

123 291 184 344 ἐν
242 291 376 360 ὑμῖν
434 286 612 351 τιθεὶς
681 287 1122 358 παραδεξάμενός
1182 308 1239 342 τε
1301 288 1447 360 αὐτῷ
1515 291 1796 358 χρήσομαι.

122 381 195 442 ὡς
242 378 347 447 ἐγὼ
392 375 750 446 πυνθάνομαι
804 387 916 430 τῶν
960 376 1370 448 πρεσβυτέρων,
1425 376 1628 430 οὐδένα
1674 380 1797 447 χρό-

123 489 225 521 νον
268 467 659 537 ἠτρεμήσαμεν,
707 465 761 530 ἐξ
809 462 876 519 οὗ
928 464 1309 536 παρελάβομεν
1353 466 1455 539 τὴν
1498 466 1799 534 ἡγεμονίαν

120 558 285 624 τήνδε
336 557 483 626 παρὰ
536 557 769 623 Μήδων,
832 556 1027 626 Κύρου
1087 551 1422 618 καθελόντος
1467 553 1798 622 Ἀστυάγην·

122 644 262 697 ἀλλὰ
314 645 446 706 θεός
498 663 554 696 τε
610 643 783 706 οὕτως
830 642 1011 711 ἐνάγει
1063 642 1154 696 καὶ
1208 643 1394 706 αὐτοῖς
1446 643 1579 712 ἡμῖν
1623 644 1799 696 πολλὰ

123 731 338 785 ἐπιοῦσι
385 731 718 802 συμφέρεται
759 731 845 784 ἐπὶ
883 733 944 785 τὸ
985 734 1225 802 ἄμεινον.
1295 732 1329 785 ἃ
1366 729 1467 802 μὲν
1505 733 1572 799 δὴ
1613 733 1800 800 Κῦρός

121 840 179 873 τε
218 819 307 873 καὶ
347 822 647 890 Καμβύσης
692 823 868 889 πατήρ
907 840 963 873 τε
1003 820 1032 874 ὁ
1074 820 1199 889 ἐμὸς
1236 825 1474 891 Δαρεῖος
1518 818 1801 890 κατειργά-

124 923 291 963 σαντο
322 908 447 977 <καὶ
481 911 957 979 προσεκτήσαντο>
991 910 1147 977 ἔθνη,
1188 908 1566 979 ἐπισταμένοις
1598 909 1699 962 οὐκ
1731 911 1800 962 ἄν

124 1018 206 1060 τις
239 997 402 1066 λέγοι.
443 997 547 1065 ἐγὼ
573 996 645 1065 δ’,
673 997 857 1065 ἐπειδὴ
882 996 1196 1067 παρέλαβον
1219 998 1317 1050 τὸν
1339 1000 1553 1068 θρόνον
1584 1006 1799 1067 τοῦτον,

126 1086 463 1156 ἐφρόντιζον,
511 1087 656 1148 ὅπως
701 1087 772 1154 μὴ
821 1088 1076 1154 λείψομαι
1123 1095 1234 1138 τῶν
1272 1089 1542 1156 πρότερον
1580 1085 1802 1156 γενομέ-

126 1196 240 1227 νων
273 1175 332 1228 ἐν
362 1184 426 1245 τῇ
466 1183 591 1245 τιμῇ
632 1175 761 1244 τῇδε
799 1173 922 1243 μηδ’
948 1172 1155 1227 ἐλάσσω
1196 1177 1603 1244 προσκτήσομαι
1635 1176 1801 1228 δύνα-

126 1284 223 1332 μιν
264 1262 517 1333 Πέρσαις.
587 1265 895 1333 φροντίζων
941 1259 1001 1315 δὲ
1049 1263 1283 1332 εὑρίσκω
1330 1264 1440 1332 ἅμα
1489 1261 1590 1332 μὲν
1634 1265 1802 1326 κῦδος

126 1352 258 1421 ἡμῖν
295 1354 734 1422 προσγινόμενον
771 1352 956 1421 χώραν
992 1370 1050 1403 τε
1093 1347 1158 1418 ἧς
1204 1359 1310 1404 νῦν
1350 1355 1656 1421 κεκτήμεθα
1702 1351 1803 1405 οὐκ

39 1453 150 1493 1085
185 1438 452 1493 ἐλάσσονα
492 1436 622 1492 οὐδὲ
662 1437 1047 1509 φλαυροτέραν
1084 1438 1539 1511 παμφορωίτέραν
1573 1461 1653 1509 τε,
1693 1442 1803 1509 ἅμα

125 1525 187 1580 δὲ
224 1532 492 1598 τιμωρίαν
527 1527 618 1581 καὶ
658 1530 805 1580 τίσιν
842 1526 1156 1596 γινομένην.
1228 1529 1320 1580 διὰ
1367 1529 1434 1596 δὴ
1481 1537 1652 1581 ταῦτα
1697 1537 1804 1581 νῦν

123 1618 266 1686 ὑμᾶς
293 1616 397 1685 ἐγὼ
424 1615 700 1684 συνέλεξα,
732 1616 841 1684 ἵνα,
874 1617 908 1668 ἄ
940 1617 1268 1684 διανοοῦμαι
1298 1617 1573 1686 πράττειν,
1605 1617 1803 1670 ὑποθῶ

125 1705 282 1773 ὑμῖν·
333 1703 508 1773 μέλλω
550 1703 734 1769 ζεύξας
771 1704 870 1756 τὸν
908 1703 1314 1772 Ἑλλήσποντον
1354 1703 1607 1757 ἐλαύνειν
1646 1719 1805 1774 στρα-

127 1794 224 1845 τὸν
256 1794 349 1845 διὰ
379 1800 473 1860 τῆς
503 1792 774 1862 Εὐρώπης
808 1791 894 1845 ἐπὶ
925 1794 1026 1861 τὴν
1058 1791 1310 1860 Ἑλλάδα,
1349 1794 1442 1845 ἵνα
1473 1792 1806 1862 Ἀθηναίους

126 1883 534 1952 τιμωρήσωμαι,
583 1881 683 1933 ὅσα
730 1882 797 1948 δὴ
843 1884 1168 1950 πεποιήκασι
1210 1881 1429 1951 Πέρσας
1467 1901 1524 1934 τε
1569 1881 1660 1935 καὶ
1706 1901 1806 1946 πα·-

127 1970 256 2039 τέρα
294 1971 392 2022 τὸν
424 1969 568 2039 ἐμόν.
630 1969 790 2038 ὁρᾶτε
831 1966 932 2037 μὲν
971 1964 1040 2037 δῆ
1078 1969 1168 2022 καὶ
1202 1974 1446 2040 Δαρεῖον
1482 1972 1806 2041 προθυμού-

126 2079 297 2128 μενον
336 2058 729 2127 στρατεύεσθαι
774 2055 860 2109 ἐπὶ
907 2059 1035 2120 τοὺς
1082 2059 1287 2128 ἄνδρας
1324 2060 1578 2127 τούτους,
1626 2059 1742 2113 ἀλλ’
1776 2059 1804 2112 ὃ

127 2145 229 2216 μὲν
259 2147 618 2214 τετελεύτηκε,
656 2144 747 2198 καὶ
780 2145 880 2198 οὐκ
913 2145 1168 2213 ἐξεγένετ’
1194 2146 1342 2218 αὐτῷ
1371 2151 1806 2216 τιμωρήσασθαι,

129 2235 234 2303 ἐγὼ
290 2234 335 2287 δ’
375 2234 513 2303 ὑπέρ
565 2233 611 2286 τ’
652 2233 866 2286 ἐκείνου
918 2233 1008 2286 καὶ
1064 2244 1175 2287 τῶν
1229 2236 1412 2287 ἄλλων
1458 2240 1693 2305 Περσῶν
1739 2236 1805 2290 οὐ

127 2327 399 2394 πρότερον
451 2324 751 2391 παύσομαι,
811 2320 945 2391 πρὶν
998 2320 1100 2375 ἕλω
1156 2342 1213 2375 τε
1270 2323 1359 2376 καὶ
1420 2326 1656 2394 πυρώσω
1711 2326 1807 2387 τὰς

250 2548 274 2585 2
308 2543 367 2593 ὡς
391 2541 477 2599 γὰρ
495 2541 846 2597 Hfflerodotus)
915 2545 942 2583 4
958 2548 1048 2585 τῶν
1067 2541 1247 2597 Μήδων
1263 2557 1291 2586 v
1361 2547 1386 2586 5
1405 2542 1550 2587 πολλὰ
1567 2543 1681 2594 θεός
1705 2559 1752 2587 τε
1770 2544 1807 2586 Β

252 2606 275 2644 7
309 2603 535 2660 καμβισης
557 2615 659 2644 corr
683 2600 731 2643 in
748 2601 984 2658 καμβυσης
1000 2601 1035 2643 Ρ
1062 2603 1069 2656 Ι
1096 2600 1268 2659 πατὴρ]
1285 2602 1407 2658 affl&
1423 2602 1460 2644 B
1553 2607 1578 2646 9
1595 2603 1761 2647 τούτου
1779 2619 1808 2645 v

251 2665 306 2703 10
338 2658 557 2717 λείψομαι
580 2660 685 2703 HP:
734 2657 962 2715 λείψωμαι
993 2659 1125 2704 MBv
1163 2661 1169 2716 Ι
1212 2659 1446 2716 πρότερων
1470 2662 1518 2704 Μ
1562 2675 1663 2705 corr
1686 2662 1756 2704 M1
1800 2686 1801 2715 3

132 2717 388 2775 γινομένων
415 2719 496 2763 ΒΡ
619 2724 669 2762 11
703 2726 758 2775 τῇ
792 2731 865 2761 om
889 2718 932 2760 H
958 2719 965 2775 Ι
991 2718 1336 2776 προσκτήσομαι
1358 2720 1421 2765 H:
1454 2721 1807 2777 προσκτήσωμαι

132 2778 308 2822 MBPv
401 2784 454 2822 13
479 2775 852 2835 προσγενόμενον
875 2777 1014 2821 ΜΒΡ
1047 2780 1053 2834 Ι
1088 2774 1161 2836 ἧς]
1193 2776 1248 2834 ἣς
1271 2779 1308 2820 Β
1347 2777 1406 2835 ἣν
1426 2779 1462 2822 Ρ
1554 2784 1609 2823 14
1634 2783 1808 2835 φαυλο-

133 2834 270 2891 τέραν
293 2837 413 2882 BPv
506 2842 560 2881 18
587 2834 852 2892 Ἀθηναίοις
874 2835 911 2878 Β
1004 2841 1058 2880 19
1083 2837 1392 2893 πεποιήκασιν
1409 2838 1445 2880 Β
1474 2840 1479 2895 Ι
1508 2836 1708 2893 Πέρσαις
1731 2839 1804 2895 Mt

134 2893 310 2951 πατέρα
348 2897 430 2940 τὸν
462 2896 574 2952 ἐμὸν
606 2902 808 2951 Δαρεῖον
839 2910 870 2938 v
901 2908 957 2939 ex
986 2895 1030 2939 H
1150 2901 1205 2940 21
1240 2894 1284 2954 ὃ]
1326 2898 1380 2940 οὐ
1411 2897 1448 2939 Β
1562 2902 1617 2940 22
1657 2897 1807 2940 τελεύ-

134 2968 241 3009 τηκε
265 2955 300 2998 Ρ
334 2958 340 3011 Ι
374 2955 714 3011 τιμωρήσεσθαι
738 2954 877 2997 ΜΒΡ
983 2959 1039 2998 24
1070 2955 1201 3014 πρὶν]
1232 2955 1333 3010 τρὶν
1354 2955 1436 2999 ΒΡ
1470 2957 1476 3012 1
1511 2957 1699 3010 περώσω
1726 2955 1807 2998 ΒΡ

1827 1104 1868 1135 10

1831 1547 1869 1579 15

1830 1991 1873 2022 20
