2004 3202
881 133 1090 175 ιΣΑῙοΣ
1722 132 1826 185 103

0 327 1 330 Ἴ
144 277 369 322 τοῦνται
415 268 523 321 ὑπὸ
578 277 689 320 τῶν
735 267 999 337 ὀρφανῶν
1043 269 1255 320 πολλοί.
1332 267 1463 337 ὅπερ
1510 266 1674 335 κάμοὶ
1720 276 1827 321 νῦν

55 374 143 415 600
167 356 523 427 συμβέβηκεν.
593 355 698 423 ἐγὼ
750 357 880 424 γάρ,
930 357 935 424 Ι
986 353 1028 410 ὦ
1082 356 1280 425 ἄνδρες
1334 356 1613 423 δικασταί,
1666 375 1826 409 κατα-

145 444 396 515 λειφθεὶς
450 444 741 514 ἐπίτροπος
793 454 905 497 τῶν
947 444 1341 514 Ἱπποκράτους
1392 445 1684 514 χρημάτων
1735 444 1824 497 καὶ

144 536 482 604 διαχειρίσας
520 533 706 603 ὀρθῶς
742 532 833 586 καὶ
873 534 1100 596 δικαίως
1137 533 1238 602 τὴν
1277 532 1475 588 οὐσίαν
1518 531 1610 586 καὶ
1654 551 1827 602 παρα-

145 625 279 686 δοὺς
309 631 424 685 τοῖς
454 623 600 684 υἱοῖς
631 623 1015 691 δοκιμασθεῖσι
1040 623 1106 676 τὰ
1130 624 1392 692 χρήματα,
1425 617 1504 674 ὧν
1536 621 1827 691 ἐπίτροπος
1872 642 1892 673 5

143 714 539 780 κατελείφθην,
591 719 1043 780 συκοφαντοῦμαι
1082 718 1190 763 νῦν
1226 709 1321 764 ὑπ’
1361 710 1546 764 αὐτῶν
1591 709 1826 773 ἀδίκως.’

255 799 322 853 οὐ
352 804 576 853 πολλῶν
607 795 758 868 οἶμαι
791 801 911 853 δεῖν
943 802 1140 868 λόγων,
1174 800 1257 853 ὅτι
1288 807 1451 852 τοῦτο
1483 796 1585 868 μὲν
1612 799 1828 869 ἀφελῶς
1852 806 1884 857 9

142 887 233 942 καὶ
293 887 467 958 ἡδέως
528 893 738 958 εἴρηται
799 885 939 957 ἦθός
998 908 1054 941 τε
1118 888 1184 941 οὐ
1244 887 1629 958 πεπλασμένον
1689 888 1827 942 ἀλλὰ

141 978 384 1046 φυσικὸν
438 976 731 1045 ἐπιφαίνει.
807 978 868 1030 τὸ
916 978 1046 1046 γάρ·
1101 976 1222 1046 ἱούχ
1271 978 1486 1045 ἱκανόν,
1540 974 1582 1031 ὦ
1629 979 1827 1047 ἄνδρες

143 1067 412 1133 δικασταί,
450 1074 566 1129 τοῖς
604 1065 936 1135 ἐπιτρόποις,
976 1066 1077 1119 ὅσα
1114 1066 1403 1134 πράγματα
1442 1067 1534 1118 διὰ
1572 1066 1674 1134 τὴν
1713 1065 1826 1120 ἐπι·
1851 1088 1893 1120 ιο

141 1158 405 1223 τροπειάν
444 1154 685 1223 ἔχουσιν’
726 1152 911 1216 οὐδεὶς
950 1153 1019 1206 ἂν
1050 1159 1194 1207 εἴποι
1228 1154 1458 1224 ρ”ήτορος
1490 1150 1649 1222 εἶναι,
1688 1154 1827 1208 ἀλλὰ

141 1245 346 1306 παντὸς
387 1244 613 1296 ἰδιώτου
651 1244 1019 1305 καταστάντος
1057 1244 1136 1305 εἰς
1175 1242 1363 1310 ἀγῶνα
1394 1244 1603 1297 ἄδικον.
1672 1244 1734 1296 τὸ
1767 1243 1819 1296 δ’

134 1330 342 1385 Ἰσαίου
401 1337 739 1399 πεποιῆσθαι
808 1331 1109 1401 ῥητορικῶς
1175 1330 1266 1383 καὶ
1331 1335 1827 1400 κεκαλλιλογῆσθαι

142 1423 473 1490 σεμνότερον
492 1420 728 1482 ἅπαντες
751 1418 822 1472 ἂν
842 1422 1095 1488 φήσειαν,
1119 1420 1180 1472 τὸ
1205 1420 1310 1487 γάρ
1325 1436 1336 1447 ·
1363 1419 1692 1489 (ἐβουλόμην
1708 1419 1826 1490 μέν,

53 1525 137 1566 601
166 1507 207 1564 ὦ
255 1506 470 1581 ἅνΙδρες
517 1509 792 1576 δικασταί,
839 1509 911 1578 μὴ
959 1511 1086 1561 λίαν
1132 1508 1307 1570 οὕτως
1347 1507 1651 1576 Ἁγνόθεον
1687 1510 1826 1579 πρὸς
1850 1529 1891 1562 15

140 1600 386 1668 χρήματα
425 1599 571 1666 ἔχειν
609 1598 870 1667 αἰσχρῶς,
918 1598 1056 1650 ὥστε
1094 1605 1209 1659 τοῖς
1247 1596 1561 1666 ἀλλοτρίοις
1607 1596 1827 1667 ἐπιβου-

141 1687 358 1740 λεύειν.’
433 1685 524 1739 καὶ
571 1688 650 1738 ἔτι
704 1690 916 1755 μᾶλλον
968 1687 1116 1756 παρὰ
1156 1689 1339 1757 Λυσίᾳ
1383 1683 1485 1754 μὲν
1530 1684 1826 1755 χαριέντως

140 1776 288 1828 πάνυ
341 1774 432 1828 καὶ
479 1775 695 1844 ἀφελῶς
742 1777 999 1844 εἰρῆσθαι
1045 1776 1133 1828 τὸ·
1188 1774 1314 1843 (ἐγὼ
1361 1776 1491 1844 γάρ,
1539 1771 1581 1827 ὦ
1629 1776 1827 1845 ἄνδρες

142 1864 419 1931 δικασταί,
480 1862 873 1933 καταλειφθεὶς
930 1863 1221 1933 ἐπίτροπος
1273 1873 1384 1916 τῶν
1436 1863 1828 1933 Ἱπποκράτους

142 1953 434 2021 χρημάτων
494 1951 585 2004 καὶ
647 1953 983 2022 διαχειρίσας
1044 1952 1229 2022 ὀρθῶς
1289 1951 1380 2005 καὶ
1442 1953 1667 2014 δικαίως
1726 1953 1894 2020 τὴνεο

143 2040 341 2093 οὐσίαν
379 2038 469 2092 καὶ
507 2041 790 2109 παραδοὺς
827 2049 942 2103 τοῖς
980 2042 1124 2103 υἱοῖς
1169 2042 1556 2109 δοκιμασθεῖσι
1594 2042 1660 2093 τὰ
1698 2042 1827 2110 χρή-

141 2129 318 2198 ματα.’
385 2129 629 2198 θάτερον
666 2125 727 2181 δὲ
766 2131 1098 2198 τρανότερον
1135 2127 1226 2181 καὶ
1268 2129 1368 2197 οὐχ
1400 2130 1472 2191 ὡς
1503 2127 1574 2180 ἂν
1606 2130 1828 2197 ἰδιώτης

141 2216 477 2285 συνέθηκεν·
532 2215 668 2269 ἱάλλ’
716 2218 849 2270 ὄντα
894 2237 955 2285 γε
1003 2213 1106 2270 οὖν
1156 2216 1499 2285 ἀδελφιδοῦν
1552 2216 1685 2286 ἐμὸν
1734 2216 1826 2270 καὶ

140 2306 338 2375 κύριον
382 2312 478 2372 τῆς
523 2303 776 2376 πατρῴας
830 2305 1022 2368 οὐσίας
1076 2305 1143 2358 οὐ
1197 2313 1393 2375 μικρᾶς
1447 2303 1567 2358 ἀλλ’
1620 2306 1825 2374 ἱκανῆς,

262 2455 285 2494 1
320 2457 408 2495 νῦν
433 2450 528 2494 add
552 2450 587 2492 F
594 2449 611 2474 ²
701 2454 726 2493 2
759 2450 1081 2506 καταληφθεὶς
1105 2451 1154 2494 Μ
1243 2456 1271 2494 4
1303 2449 1601 2508 ὃιαχειρήσας
1624 2449 1706 2493 ΒΡ

144 2513 168 2552 7
201 2508 389 2584 λό[γω]ν
422 2510 456 2552 F
489 2523 594 2552 eum
624 2523 700 2552 ras
807 2514 833 2552 8
865 2504 986 2565 ἦθός
1017 2523 1073 2553 ex
1104 2505 1212 2567 ἦτός
1243 2510 1278 2552 F
1289 2510 1302 2534 ¹
1348 2568 1357 2576 ·
1416 2515 1471 2553 10
1504 2508 1759 2565 ἐπιτροπὴν
1789 2508 1823 2552 F

142 2568 419 2624 ἐπιτροπιαν
449 2568 507 2612 P¹
605 2573 659 2611 13
691 2570 1108 2625 κεκαλλιλογῆσθαι
1140 2568 1439 2626 Sylburglus:
1471 2567 1824 2624 καλλιολογήσα-

142 2645 258 2685 σθαι
289 2642 325 2684 F
378 2640 790 2698 καλλιλογίσασθαι
818 2642 866 2684 Μ
913 2639 1323 2698 καλλιλογίσασθαι
1353 2642 1436 2686 ΒΡ
1530 2647 1583 2685 14
1623 2640 1710 2698 γὰρ
1750 2655 1826 2685 om

142 2700 281 2745 MBP
406 2706 459 2745 15
492 2699 792 2758 ἀγνοηθέντα
824 2701 1008 2744 FMBP
1046 2702 1052 2757 Ι
1095 2715 1423 2774 προσσχηματα
1463 2703 1657 2745 accentu
1690 2714 1826 2758 super

143 2773 262 2815 προσ
283 2773 417 2803 eraso
435 2760 470 2803 F
514 2759 815 2818 προσχήματα
839 2760 979 2803 ΜΒΡ
1063 2764 1116 2803 17
1143 2761 1333 2819 Λυσι[α]
1358 2774 1463 2804 cum
1486 2760 1630 2804 litura
1654 2774 1756 2803 corr
1778 2760 1825 2803 M

264 2823 318 2862 18
358 2818 589 2873 εἰρεῖσθαι
627 2819 663 2862 Ρ
784 2823 841 2862 20
889 2818 1184 2876 διαχειρήσας
1230 2819 1266 2862 Β
1387 2824 1443 2862 22
1490 2820 1826 2875 τραγικώτερον

143 2874 359 2920 Reiskius
390 2892 536 2934 praue
627 2882 684 2921 23
716 2876 972 2934 μετέθηκεν
1003 2877 1038 2920 F
1068 2879 1073 2934 Ι
1100 2876 1203 2921 ἀλλ’
1234 2879 1289 2923 οὐ
1321 2878 1371 2922 τό
1404 2893 1454 2935 γε
1488 2876 1572 2923 οὖν
1605 2877 1786 2920 FMBP
1813 2876 1821 2934 l

146 2933 256 2989 ἐμὸν
287 2935 360 2979 bis
393 2939 550 2981 exstat
580 2936 629 2980 in
659 2937 695 2980 P
