2004 3202
162 123 271 175 216
316 148 319 150 -
589 124 928 167 ΔΙΟΝΥΣΙΟΤ
957 122 1423 179 ΑΛῙΚΑΡΝΑΣΕΩΣ
1966 0 2004 255 q

162 261 269 328 πρὸ
304 258 486 311 αὐτῶν
517 257 606 312 καὶ
642 243 756 327 μετ’
790 258 957 319 αὐτὰς
987 255 1261 325 κειμέναις
1294 256 1612 326 ὀνομασίαις
1642 274 1778 326 παρ-
1812 270 1926 310 1077

164 336 443 416 εξομένας,
513 349 605 400 ἵνα
674 349 744 416 μὴ
815 347 1219 413 συναπτόμεναι
1286 346 1423 415 πρὸς
1484 345 1720 413 ἀλλήλας
1780 346 1836 398 αἱ

163 438 571 503 καταλήγουσαί
613 455 668 487 τε
709 436 784 496 εἰς
823 435 993 502 τραχὺ
1032 433 1252 503 γράμμα
1297 432 1387 485 καὶ
1427 434 1482 485 αἱ
1524 434 1625 501 τὴν
1663 432 1838 503 ἀρχὴν

166 523 271 576 ἀπό
326 545 475 586 τινος
527 524 783 576 τοιούτου
838 522 1214 590 λαμβάνουσαι
1270 523 1678 590 σπαδονισμοὺς
1727 532 1839 575 τῶν

119 631 141 662 5
165 614 313 681 ἤχων
357 622 555 665 ποιῶσι
608 610 698 663 καὶ
754 610 1096 677 ἀντιτυπίας,
1151 618 1214 680 τῇ
1271 607 1332 662 δὲ
1383 611 1837 681 παρεμπιπτούσῃ

165 699 304 764 λέξει
356 702 911 770 προσαναπαυόμεναι
964 699 1240 767 μαλακοὺς
1287 701 1586 766 φαίνεσθαι
1639 709 1838 752 ποιῶσι

164 792 293 851 τοὺς
345 791 510 857 ἤχους
562 787 652 840 καὶ
701 775 960 856 συνεχεῖς.
1037 787 1097 839 τὸ
1145 788 1249 856 γὰρ
1298 787 1429 840 ὅλον
1477 786 1625 840 ἐστὶν
1671 788 1838 856 αὐτῆς

165 878 413 945 βούλημα
444 875 532 928 καὶ
564 875 596 943 ἡ
629 876 803 943 πολλὴ
835 877 1174 945 πραγματεία
1205 873 1331 944 περὶ
1359 875 1419 926 τὸ
1450 879 1843 944 συσπασθῆναί

165 985 222 1017 τε
275 963 363 1017 καὶ
418 965 778 1033 συνυφάνθαι
837 965 1015 1016 πάντα
1067 965 1132 1016 τὰ
1190 965 1356 1032 μόρια
1409 970 1504 1030 τῆς
1557 965 1840 1033 περιόδου,

1992 690 1996 699 -
1990 586 2001 676 ⁴:···<·=v==
1991 533 1999 575 0-
1984 391 2001 524 9:31-:·-e·-12
1992 371 1995 376 ·
1992 343 1995 358 *Α
1992 307 2000 330 >z
1991 254 2001 297 <ut
1979 227 1986 242 ¹*
1979 193 1986 208 ἡ

98 1074 143 1106 10
166 1062 292 1122 μιᾶς
353 1052 543 1117 λέξεως
606 1051 978 1105 ἀποτελοῦντα
1039 1055 1367 1121 φαντασίαν,
1427 1049 1517 1103 καὶ
1571 1053 1651 1104 ἔτι
1703 1054 1841 1123 πρὸς

165 1143 338 1213 τούτῳ
385 1140 508 1211 περὶ
551 1142 612 1194 τὸ
651 1149 832 1194 πᾶσαν
872 1137 1012 1194 εἶναι
1052 1142 1152 1209 τὴν
1192 1139 1356 1208 λέξιν,
1404 1141 1582 1210 ὥσπερ
1625 1139 1685 1192 ἐν
1723 1149 1841 1202 ταῖς

165 1239 451 1298 μουσικαῖς
506 1233 874 1299 συμφωνίαις,
929 1230 1121 1298 ἡδεῖαν
1167 1228 1258 1282 καὶ
1305 1230 1552 1299 λιγυράν.
1629 1229 1844 1282 τούτων

166 1315 225 1370 δὲ
264 1320 324 1371 τὸ
364 1315 465 1387 μὲν
503 1320 559 1370 αἱ
603 1328 714 1371 τῶν
753 1318 1035 1388 ἁρμονιῶν
1074 1317 1344 1387 ἀκρίβειαι
1390 1325 1636 1386 ποιοῦσι,
1683 1319 1743 1370 τὸ
1785 1317 1833 1370 δ’

166 1408 221 1458 αῖ
275 1416 385 1459 τῶν
438 1408 770 1476 γραμμάτων
825 1407 1085 1475 δυνάμεις
1140 1408 1352 1468 οἰκείως
1415 1405 1652 1474 ἐχόντων
1703 1408 1841 1476 πρὸς

100 1513 142 1546 15
166 1496 374 1562 ἄλληλα
411 1503 529 1556 ταῖς
567 1496 703 1547 κατὰ
742 1496 870 1556 τοὺς
910 1497 1115 1562 νόμους
1155 1497 1545 1562 συμπαθείαις,
1584 1491 1722 1564 ὑπὲρ
1763 1490 1843 1547 ὧν

167 1581 349 1652 ἑτέρας
390 1581 682 1650 ἐπιστήμης
717 1582 822 1650 <ἡ>
853 1585 1078 1651 θεωρία.
1142 1580 1493 1650 ἐπιτρόχαλος
1533 1583 1601 1650 δή
1640 1603 1722 1645 τις
1760 1587 1842 1651 γί-

166 1690 315 1722 νεται
355 1668 444 1722 καὶ
483 1670 789 1738 καταφερὴς
827 1669 859 1736 ἡ
903 1670 1059 1738 ῥύσις
1098 1676 1192 1736 τῆς
1231 1668 1446 1737 λέξεως,
1488 1670 1666 1740 ὥσπερ
1707 1674 1842 1725 κατὰ

165 1766 410 1828 πρανοῦς
471 1760 745 1827 φερόμενα
807 1761 1013 1827 χωρίου
1082 1758 1292 1825 νάματα
1362 1758 1596 1826 μηδενὸς
1656 1759 1842 1823 αὐτοῖς

168 1847 612 1917 ἀντικρούοντος,
666 1845 755 1898 καὶ
803 1848 1016 1916 διαρρεῖ
1065 1846 1069 1914 Ι
1121 1847 1213 1898 διὰ
1261 1853 1354 1914 τῆς
1401 1846 1565 1914 ἀκοῆς
1610 1847 1783 1915 ἡδέως
1817 1862 1931 1900 1078
1990 1883 1994 1930 *4

102 1955 145 1986 20
167 1954 281 1997 πως
335 1934 424 1987 καὶ
478 1935 763 1996 ἀσπαστῶς
815 1932 979 1987 οὐδὲν
1023 1930 1190 2002 ἧττον
1235 1934 1266 2002 ἢ
1321 1936 1386 1987 τὰ
1441 1934 1515 1987 δι’
1556 1934 1699 2007 ᾠδῆς
1751 1935 1841 1989 καὶ
1991 1930 1994 1940 ’

168 2024 410 2093 ὀργάνου
441 2023 802 2091 μουσωθέντα
833 2024 1113 2093 κρούματα
1147 2022 1238 2075 καὶ
1274 2022 1422 2092 μέλη.
1478 2026 1556 2076 ἔτι
1588 2032 1682 2092 τῆς
1713 2039 1843 2077 συν-

167 2111 374 2173 θέσεως
423 2112 620 2179 ταύτης
673 2110 784 2163 έστὶ
838 2111 928 2164 καὶ
979 2113 1044 2164 τὰ
1096 2117 1244 2165 κῶλα
1299 2114 1492 2174 δεινῶς
1545 2115 1845 2182 ποιήμασιν

169 2199 392 2269 ἐμφερῆ,
424 2202 794 2268 μαλακόφωνα
824 2199 914 2252 καὶ
947 2205 1082 2268 λεῖα,
1113 2202 1255 2253 πολὺ
1286 2201 1347 2252 τὸ
1375 2203 1609 2271 κωτίλον
1633 2203 1843 2270 ἔχοντα,

289 2334 310 2371 1
340 2327 434 2383 μετ’
450 2328 593 2379 αὐτὰς
612 2329 849 2374 Reiskius:
877 2329 989 2386 μετὰ
1011 2330 1183 2381 ταύτας
1255 2335 1280 2373 3
1305 2328 1724 2386 καταλλήγουσαίΒ

169 2392 197 2429 4
229 2404 404 2437 τινοςος
434 2388 471 2429 Β
631 2394 655 2431 6
688 2389 1195 2445 προσάνναπαυόμεναι
1227 2390 1263 2432 Β
1415 2394 1439 2432 8
1475 2393 1774 2445 συσπαθῆναι
1805 2390 1843 2432 Β

171 2449 461 2501 συσταθῆναι
499 2446 674 2490 Usener
809 2453 834 2490 9
875 2452 1181 2504 συνηφᾶνθαι
1219 2449 1267 2490 Μ
1302 2450 1307 2504 l
1343 2447 1481 2503 μόρια
1512 2448 1580 2492 M:
1625 2448 1766 2504 μήρια
1803 2448 1842 2490 Β

172 2521 328 2559 μοιρια
351 2505 387 2546 Ρ
424 2507 428 2560 Ι
464 2511 542 2560 τῆς
573 2520 685 2559 περο
725 2513 805 2562 τῆς
843 2507 1062 2562 περιόδου
1090 2507 1127 2549 Β
1251 2512 1302 2550 11
1335 2514 1469 2550 τοῦτο
1502 2507 1583 2549 ΒΡ
1705 2511 1759 2549 13
1793 2506 1845 2549 αἱ

170 2564 280 2620 τῶν]
314 2563 466 2606 αὐτῶν
490 2563 526 2605 Β
562 2566 566 2618 Ι
603 2572 814 2609 ποιοῦσιν
846 2566 882 2607 Β
1005 2571 1059 2610 14
1091 2564 1368 2623 γραμμάτων
1400 2565 1598 2621 Krfiger:
1631 2564 1842 2621 πραγμά-

169 2638 260 2665 των
297 2625 300 2676 Ι
337 2622 503 2676 δύαμις
534 2622 569 2663 Β
607 2626 610 2678 Ι
651 2622 831 2667 οἰκείων
863 2625 900 2667 Β
1023 2629 1077 2668 15
1109 2624 1269 2683 κ[α]τὰ
1300 2639 1403 2668 cum
1433 2637 1508 2666 ras
1539 2624 1587 2665 M
1633 2623 1752 2667 κατὰ
1790 2625 1841 2667 τὸ

172 2680 312 2735 στόμα
345 2680 519 2723 Usener
612 2686 665 2723 16
706 2682 732 2737 ἡ
766 2683 858 2724 add
891 2684 1071 2740 Krtiger
1113 2686 1117 2740 1
1160 2681 1363 2739 θεωρίας
1392 2683 1428 2725 Ρ
1464 2685 1468 2738 Ι
1505 2681 1844 2739 [έ]πιτρόχαλος

171 2753 275 2782 cum
306 2752 379 2781 ras
414 2739 460 2780 M
576 2744 627 2781 18
663 2739 844 2794 νάματα
875 2741 1131 2798 Kiessling:
1166 2743 1348 2797 σώματα
1389 2743 1394 2798 Ι
1434 2742 1591 2791 αὐτοῖς
1607 2741 1675 2785 M:
1701 2743 1844 2798 αὐτῆς

170 2798 291 2840 BPv
380 2802 433 2839 19
459 2798 812 2852 ἀντικρούοντος
845 2799 1138 2857 Sylburgius:
1171 2800 1515 2855 ἀνακρούοντος
1634 2805 1687 2842 22
1730 2800 1841 2872 ἐστὶ]

170 2856 291 2900 ἐστὶν
331 2856 412 2898 ΒΡ
463 2859 467 2912 l
518 2858 617 2899 δειν
664 2858 723 2906 ὡς
770 2856 1054 2913 ὰποιήμασιν
1085 2861 1121 2902 Β
1177 2859 1275 2903 δεῖν
1308 2858 1591 2914 ἀποιήμασιν
1622 2859 1658 2900 Ρ
1709 2861 1842 2903 δεινα

168 2915 422 2971 ποιήμασιν
446 2915 493 2956 Μ
537 2914 667 2958 δεῖνα
701 2916 950 2971 ποιήμασιν
974 2933 1002 2960 v
