2004 3202
700 121 866 164 ΠΡΟΣ
897 121 1181 165 AMMAION
1670 123 1779 175 273

97 276 239 326 ματα
266 256 579 326 προσῆγεν.’
634 256 819 309 ἔπειτα
850 255 1168 324 διεξελθών,
1201 257 1302 310 ὅσα
1325 265 1443 319 τοῖς
1459 256 1780 326 Ἀθηναίοις

95 345 127 399 ὁ
170 347 443 408 Φίλιππος
489 345 731 398 ἐνεκάλει
779 346 872 399 διὰ
910 353 1005 414 τῆς
1044 345 1355 414 ἐπιστολῆς,
1402 353 1574 399 ταῦτα
1610 347 1779 400 πάλιν

94 435 230 486 κατὰ
275 431 424 498 λέξιν
468 433 808 502 ἐπιτίθησιν·
856 434 905 488 ‘6
947 430 1007 487 δὲ
1046 435 1216 503 δῆμος
1256 433 1494 496 ἀκούσας
1532 443 1627 504 τῆς
1667 434 1780 489 ἐπι-

97 526 294 590 στολῆς
337 520 429 575 καὶ
467 521 872 592 Δημοσθένους
915 523 1605 594 παρακαλεσαντος-ἀὐτὸν
1641 525 1778 595 πρὸς

91 611 194 664 τὸν
240 612 482 680 πόλεμον
526 610 618 664 καὶ
663 611 800 681 (vok)
845 615 1167 682 ψηφίσματα
1213 612 1527 682 γράψαντος
1574 611 1777 683 ἐχειρο-
1822 630 1844 662 5

92 701 290 768 τόνησε
334 700 436 768 τὴν
481 697 583 769 μὲν
629 703 833 770 στήλην
878 705 1139 754 καθελεῖν
1183 701 1286 769 τὴν
1329 699 1456 772 περὶ
1501 708 1597 769 τῆς
1641 703 1780 772 πρὸς

97 790 380 842 Φίλιππον
425 789 645 859 εἰρήνης
690 788 783 842 καὶ
823 791 1129 859 συμμαχίας
1169 794 1493 858 σταθεῖσαν,
1541 798 1679 853 ναῦς
1718 787 1779 843 δὲ

92 882 345 948 πληροῦν
374 875 466 930 καὶ
498 879 563 931 τὰ
595 879 734 931 ἄλλα
765 877 1011 948 ἐνεργεῖν
1041 879 1107 931 τὰ
1138 885 1237 931 τοῦ
1267 877 1547 948 πολέμου.’
1607 886 1779 932 ταῦτα

2 966 326 1037 742-γράψας
378 968 514 1020 κατὰ
571 969 930 1038 Θεόφραστον
984 968 1223 1036 ἄρχοντα
1273 966 1278 1034 Ι
1328 965 1640 1036 γεγονέναι,
1701 969 1778 1039 τῷ

0 1098 4 1102 .
92 1052 203 1124 μετ’
260 1054 474 1109 ἐκεῖνον
526 1054 759 1128 ἐνιαυτςῖ
814 1057 880 1108 τὰ
923 1053 1242 1126 πραχθέντα
1288 1057 1422 1124 μετὰ
1466 1056 1569 1124 τὴν
1614 1057 1778 1110 λύσιν
1802 1074 1845 1106 10

0 1210 9 1217 ,
91 1151 187 1212 τῆς
247 1145 468 1213 εἰρήνης
529 1143 616 1197 ἐπὶ
664 1146 1048 1214 Λυσιμαχίδου
1109 1145 1374 1214 ἄρχοντος
1433 1143 1775 1215 διεξέρχεται.

0 1262 4 1266 -
90 1234 248 1300 θήσω
290 1229 351 1285 δὲ
388 1231 480 1285 καὶ
519 1234 733 1286 τούτων
770 1233 910 1286 αὐτὰ
946 1234 1013 1286 τὰ
1047 1232 1470 1301 ἀναγκαιότατα·
1511 1233 1778 1302 εΛυσιμα-

0 1376 2 1378 ,
90 1322 249 1390 χίὸης
274 1318 591 1392 Ἀχαρνεύςτ
632 1319 720 1374 ἐπὶ
759 1322 961 1374 τούτου
998 1322 1064 1374 τὰ
1096 1318 1197 1390 μὲν
1228 1323 1362 1391 ἔργα
1393 1322 1460 1374 τὰ
1490 1320 1616 1392 περὶ
1647 1324 1778 1385 τοὺς

91 1412 425 1472 νεωσοίκους
476 1408 566 1462 καὶ
613 1411 715 1478 τὴν
761 1411 1109 1478 σκευοθήκην
1155 1409 1490 1478 ἀνεβάλοντο
1539 1411 1631 1462 διὰ
1677 1411 1776 1463 τὸν

87 1500 334 1567 πόλεμον
393 1500 493 1552 τὸν
552 1499 691 1569 πρὸς
748 1501 1050 1552 Φίλιππον·
1110 1500 1177 1552 τὰ
1231 1495 1293 1551 δὲ
1346 1500 1592 1569 χρήματα
1646 1497 1774 1567 ἐψη-
1799 1515 1842 1548 15

16 1638 20 1643 .
89 1589 327 1656 φίσαντο
380 1586 538 1641 πάντ’
593 1583 736 1640 εἶναι
790 1588 1150 1658 στρατιωτικὰ
1195 1585 1599 1656 Δημοσθένους
1643 1588 1774 1657 γρά-

59 1693 70 1703 ·
90 1684 310 1740 ψαντος.
376 1678 659 1730 Φιλίππου
698 1673 760 1729 δὲ
796 1677 1200 1744 καταλαβόντος
1222 1674 1507 1729 Ἐλάτειαν
1535 1674 1628 1729 καὶ
1658 1679 1774 1728 Κυ-

88 1765 271 1818 τίνιον
307 1763 398 1818 καὶ
437 1763 692 1835 πρέσβεις
728 1764 1042 1834 πέμψαντος
1081 1766 1159 1827 εἰς
1201 1767 1385 1833 Θήβας
1421 1785 1448 1814 *
1485 1768 1773 1819 Θετταλῶν

6 1867 18 1918 ἦ
91 1853 379 1906 Αἰνιάνων
418 1855 684 1907 Αἰτωλῶν
715 1855 991 1906 Δολόπων
1033 1857 1326 1921 Φθιωτῶν,
1358 1851 1672 1922 Ἀθηναίων
1711 1851 1773 1907 δὲ

15 1934 22 1943 ”
86 1943 226 1995 κατὰ
270 1942 369 1994 τὸν
415 1941 586 1994 αὐτὸν
627 1945 831 2012 χρόνον
867 1940 1123 2012 πρέσβεις
1160 1941 1605 1995 ἀποστειλάντων
1642 1945 1772 2006 τοὺς
1796 1961 1839 1993 20

11 2026 17 2083 ἶ
87 2029 217 2100 περὶ
248 2028 606 2099 Δημοσθένη,
637 2031 854 2093 τούτοις
885 2039 1188 2100 συμμαχεῖν
1219 2030 1595 2099 ἐψηφίσαντο.’
1660 2035 1771 2084 Φα-

4 2152 26 2169 ι
92 2126 261 2189 νεροῦ
301 2118 369 2187 δὴ
408 2121 700 2187 γεγονότος
738 2126 839 2172 τοῦ
878 2121 1101 2189 χρόνου,
1139 2117 1264 2171 καθ’
1298 2118 1365 2171 ὃν
1397 2120 1662 2187 εἰσῆλθον
1693 2121 1771 2182 εἰς

210 2268 236 2306 3
271 2269 324 2307 12
357 2263 662 2307 Philochorus
694 2263 724 2307 l.
751 2278 784 2307 S.

213 2402 234 2439 1
270 2396 471 2441 διελθὼν
506 2395 542 2440 Ο
636 2401 661 2439 2
693 2403 838 2439 ταῦτα
873 2432 881 2440 .
909 2431 918 2439 .
946 2431 955 2440 .
988 2401 1014 2439 3
1047 2395 1284 2453 ἐπιστολῆς
1315 2395 1479 2440 MBO:
1514 2410 1589 2440 om
1613 2396 1678 2439 Ps

8 2453 33 2525 i
90 2459 119 2497 4
141 2455 221 2499 καὶ
240 2455 316 2499 del
325 2455 523 2499 Weilius
542 2454 884 2514 ΙκαλέσαντοςΟ
900 2454 1088 2514 Ιαύτοὺς
1099 2455 1266 2499 Wolfio
1285 2457 1474 2499 auctore
1493 2455 1767 2512 Sylburgius

22 2556 28 2558 ,
152 2518 178 2557 5
202 2513 261 2558 τὰ
287 2515 381 2558 add
397 2514 597 2558 Weilius
690 2520 714 2558 6
740 2516 899 2558 καλεῖν
924 2513 960 2557 O
1053 2518 1079 2556 8
1105 2513 1220 2558 ἄλλα
1245 2549 1254 2558 .
1275 2550 1285 2558 .
1305 2549 1314 2558 .
1341 2519 1366 2558 9
1390 2513 1511 2559 κατὰ
1534 2514 1676 2559 iterat
1700 2515 1737 2557 B
1759 2515 1766 2574 Ι

21 2575 27 2578 ’
93 2570 270 2631 ἐνεργεῖ
292 2573 328 2617 Ο
452 2579 506 2617 10
540 2573 754 2632 ἐνιαυτῷ]
788 2573 838 2617 ἐν
871 2574 995 2632 αὐτῷ
1025 2573 1056 2616 h
1084 2575 1090 2630 Ι
1117 2576 1245 2618 λῦσιν
1269 2573 1318 2616 Μ
1440 2579 1492 2617 12
1526 2575 1679 2618 αὐτῶν
1709 2572 1769 2617 τὰ

92 2629 222 2677 libri:
262 2647 365 2676 con·
401 2633 619 2677 Reiskius
682 2632 730 2676 cf
758 2631 989 2688 Sauppius
1024 2632 1142 2677 Giitt.
1166 2634 1247 2691 yel.
1273 2646 1373 2677 anz.
1410 2637 1522 2676 1863
1553 2648 1584 2689 p
1611 2637 1694 2676 128
1713 2648 1767 2688 sq

212 2697 267 2735 14
298 2692 591 2749 σκευοθήκην
622 2692 660 2735 Β
689 2694 694 2747 Ι
722 2690 1027 2749 ἀνεβάλλοντο
1058 2692 1095 2734 Ρ
1195 2697 1249 2735 15
1280 2689 1474 2750 χρήματ’
1504 2706 1523 2735 s
1624 2696 1677 2735 17
1711 2696 1765 2735 18

93 2747 302 2795 κατίνιον
318 2750 414 2795 ΜΟ
502 2756 555 2795 18
573 2751 652 2795 καὶ
669 2752 812 2794 αὐτοῦ
832 2751 910 2795 καὶ
925 2749 1218 2795 intercidisse
1235 2753 1363 2808 puto,
1382 2750 1495 2807 μετὰ
1512 2750 1742 2825 Sauppius
1760 2753 1761 2767 ³

93 2812 314 2855 τετταλῶν
345 2811 450 2854 B¹P
509 2813 734 2854 θετταλον
766 2809 828 2852 132
946 2815 999 2854 21
1037 2809 1360 2867 δημοσθένους
1390 2811 1426 2853 Ρ
1462 2810 1467 2869 Ι
1503 2810 1764 2867 ἐψηφισατο

94 2863 224 2913 libri:
263 2882 364 2912 corr
394 2869 611 2913 Reiskius
673 2868 920 2913 Thebanos
953 2868 1069 2914 dicit}
1189 2875 1242 2913 21
1277 2874 1332 2912 22
1373 2869 1580 2925 φανερὸν
1611 2869 1647 2912 Ρ

94 2928 150 2967 22
183 2927 261 2986 δὴ]
294 2926 345 2972 δὲ
377 2943 398 2972 8
426 2930 432 2984 Ι
459 2935 540 2973 τοῦ
574 2942 648 2972 om
682 2927 718 2971 Ο

182 3009 292 3042 Dion.
315 3010 511 3043 nauem-n.
544 3011 587 3043 v.
1444 3006 1498 3044 18
