2004 3202
626 161 772 204 ΠΕΡΙ
802 160 1207 205 ΘΟΤΚΤΔΙΔΟΤ
1664 159 1773 211 379

87 295 205 366 γοι’
245 297 418 364 φησίν
457 294 633 358 ’ὄντες
671 293 842 359 δεξιοὶ
879 295 1170 365 κέκληνται
1203 295 1237 364 ’ἢ
1278 294 1511 364 ἀμαθεῖς
1549 294 1773 363 ἀγαθοί,

87 382 180 439 καὶ
217 390 294 456 τῷ
325 380 428 454 μὲν
458 385 833 454 αἰσχύνονται,
867 383 955 438 ἐπὶ
987 381 1049 438 δὲ
1079 391 1156 456 τῷ
1187 383 1564 452 ἀγάλλονται’·
1602 391 1773 437 ταῦτα

58 474 195 543 ,γὰρ
235 472 487 541 ἀγκύλως
524 469 627 542 μὲν
664 478 876 544 εἴρηται
921 471 1014 526 καὶ
1051 471 1319 543 βραχέως,
1371 471 1675 553 ἐνῆἀφανεῖ
1712 469 1774 525 δὲ

85 564 343 631 κείμενον
381 563 491 630 ἔχει
536 562 599 614 τὸ
639 564 1060 632 σημαινόμενον.
1114 562 1354 631 χαλεπὸν
1398 562 1504 631 γὰρ
1551 567 1772 630 μαθεῖν,

86 653 243 713 τίνας
281 651 351 719 δή
387 667 520 703 ποτε
557 660 676 704 νοεῖ
723 652 854 713 τοὺς
899 650 1134 720 ἀμαθεῖς
1178 670 1236 704 τε
1281 647 1373 703 καὶ
1413 649 1684 718 ἀγαθούς·
1723 655 1778 702 εἴ
1820 669 1840 698 5

85 759 146 793 τε
192 740 298 809 γὰρ
350 738 848 793 ἀντιδιαστέλλεται
893 740 1032 810 πρὸς
1077 741 1208 802 τοὺς
1253 739 1621 810 κακούργους,
1673 737 1774 791 οὐκ

86 826 159 880 ἂν
197 832 390 896 εἴησαν
422 827 656 897 ἀμαθεῖς
694 829 747 881 οἱ
778 829 851 897 μὴ
883 831 1061 882 κακοί·
1100 833 1156 880 εἰ’
1180 825 1229 880 τ’
1261 825 1350 880 ἐπὶ
1380 836 1493 880 τῶν
1523 826 1775 895 ἀνοήτων

85 914 179 969 καὶ
218 915 483 986 ἀφρόνων
527 919 719 986 τίθησι
769 918 900 979 τοὺς
945 916 1202 986 ἀμαθεῖς,
1253 917 1390 969 κατὰ
1435 919 1494 968 τί
1534 916 1605 984 δή
1642 933 1774 968 ποτε

83 1005 318 1068 τούτους
350 1004 600 1073 ἀγαθοὺς
622 1010 798 1071 καλεῖς
838 1003 947 1058 ρκαὶ
972 1012 1047 1077 τῷ
1071 1002 1174 1075 μὲν
1197 1005 1573 1074 αἰσχύνονται’
1605 1008 1772 1069 τίνες;

81 1094 297 1163 ἄδηλον
334 1095 439 1164 γὰρ
477 1097 716 1165 πότερον
753 1093 1056 1165 ἀμφότεροι
1095 1094 1128 1163 ἢ
1169 1095 1223 1148 οἱ
1263 1094 1512 1164 ἀμαθεῖς.
1562 1092 1671 1147 εἐπὶ
1711 1090 1773 1146 δὲ
1799 1116 1840 1145 ω

79 1189 162 1254 τῷ
209 1182 563 1251 ἀγάλλονται’
609 1183 900 1237 κάνταῦθα
945 1184 1170 1252 ἄδηλον,
1217 1187 1384 1246 τίνες·
1440 1185 1488 1236 εἰ
1526 1179 1628 1253 μὲν
1666 1185 1772 1252 γὰρ

39 1319 41 1322 .
84 1269 169 1324 ἐπ’
209 1270 538 1342 ἀμφοτέρων
574 1275 828 1341 τίθησιν,
875 1271 977 1326 οὐκ
1015 1275 1127 1342 ἔχει
1165 1280 1326 1326 νοῦν·
1374 1273 1500 1326 οὔτε
1538 1274 1643 1342 γὰρ
1685 1270 1772 1325 ε’πὶ

82 1368 203 1422 τοῖς
247 1361 578 1430 κακούργοις
624 1361 679 1413 οἱ
729 1359 935 1429 ἀγαθοὶ
989 1361 1322 1429 ἀγάλλονται
1369 1359 1482 1414 οὔτ’
1523 1360 1611 1414 ἐπὶ
1657 1370 1773 1424 τοῖς

85 1447 363 1517 ἀμαθέσιν
400 1450 454 1502 οἱ
491 1457 792 1520 κακοῦργοι
831 1450 1204 1519 αἰσχύνονται.

200 1534 376 1601 Οὗτος
422 1538 452 1592 ὁ
492 1540 767 1610 χαρακτὴρ
814 1546 910 1607 τῆς
963 1539 1214 1608 ἀσαφοῦς
1259 1537 1350 1591 καὶ
1399 1538 1772 1608 πεπλεγμένης
1789 1543 1860 1595 33

87 1625 295 1695 λέξεως,
335 1627 396 1680 έν
434 1619 469 1699 ᾗ
505 1630 712 1681 πλείων
750 1629 929 1681 ἔνεστι
967 1636 1063 1696 τῆς
1100 1626 1338 1692 θέλξεως
1376 1627 1408 1696 ἡ
1450 1631 1772 1693 σκοτίζουσα
1796 1649 1838 1679 16

57 1716 203 1783 4τὴν
234 1716 491 1770 διάνοιαν
522 1719 762 1786 ὄχλησις,
793 1715 895 1780 ἕως
920 1715 1115 1770 ἑκατὸν
1146 1716 1503 1787 ἐκμηκύνεται
1540 1715 1770 1787 στίξχων.

84 1806 243 1873 θήσω
299 1801 361 1857 δὲ
413 1803 504 1858 καὶ
557 1807 624 1858 τὰ
686 1804 806 1874 ἑξῆς
860 1805 1127 1875 οὐδεμίαν
1186 1808 1267 1859 ε”τι
1329 1804 1478 1869 λέξιν
1532 1804 1771 1875 ἐμαυτοῦ

83 1895 427 1963 προστιθείς·
497 1893 741 1946 (πάντων
792 1892 840 1947 δ’
895 1894 1081 1947 αὐτῶν
1141 1899 1322 1948 αἴτιον
1384 1893 1522 1964 ἀρχὴ
1582 1893 1615 1962 ἡ
1679 1895 1773 1947 διὰ

85 1981 408 2045 πλεονεξίαν
461 1980 551 2034 καὶ
606 1985 950 2052 φιλοτιμίαν,
1006 1982 1064 2036 ἐκ
1118 1981 1166 2035 δ’
1216 1983 1401 2036 αὐτῶν
1452 1981 1544 2036 καὶ
1599 1982 1654 2045 ἐς
1706 1983 1767 2036 τὸ
1795 2003 1838 2034 20

34 2090 38 2091 ⁷
86 2075 427 2140 φιλονεικεῖν
471 2070 893 2140 καθισταμένων
945 2072 1006 2124 τὸ
1061 2074 1373 2142 πρόθυμον.
1450 2073 1504 2125 οἱ
1557 2073 1662 2141 γὰρ
1710 2071 1772 2123 ἐν

83 2168 204 2222 ταῖς
233 2162 427 2213 πόλεσι
457 2160 808 2230 προστάντες,
839 2161 972 2229 μετὰ
1003 2159 1272 2229 ὀνόματος
1303 2158 1548 2230 ἑκάτεροι
1580 2160 1774 2230 εὐπρε-

84 2255 241 2316 ποῦς,
265 2249 520 2316 πλήθους
542 2267 599 2300 τε
626 2249 910 2317 ἰσονομίας
931 2253 1215 2316 πολιτικῆς
1238 2247 1329 2301 καὶ
1354 2248 1772 2319 ἀριστοκρατίας

87 2337 379 2406 σώφρονος
409 2338 750 2406 προτιμήσει,
782 2337 848 2389 τὰ
872 2333 974 2406 μὲν
1004 2338 1164 2390 κοινὰ
1189 2339 1333 2409 λόγῳ
1366 2338 1772 2407 θεραπεύοντες

85 2420 235 2479 ἆθλα
261 2424 573 2478 ἐποιοῦντο·
604 2424 768 2478 παντὶ
801 2422 862 2478 δὲ
892 2427 1075 2497 τρόπῳ
1101 2425 1492 2495 ἀγωνιζόμενοι
1518 2425 1771 2495 ἀλλήλων
1794 2446 1837 2478 25

207 2590 260 2629 19
295 2585 424 2628 Thue
451 2585 652 2639 11182‚8

205 2738 230 2775 2
262 2733 548 2791 αὐχύνονται
573 2733 608 2775 Ρ
788 2738 813 2776 5
846 2733 954 2784 τοὺς
984 2747 1041 2777 ex
1072 2747 1175 2778 corr
1206 2734 1337 2791 (v29?)
1362 2734 1410 2777 M
1568 2740 1594 2779 8
1625 2733 1768 2790 τίθνη

0 2782 1 2786 “
84 2792 193 2842 τοὺς
215 2807 271 2848 pr
293 2792 330 2835 P
394 2798 447 2836 10
473 2791 639 2847 ἄδηλοι
662 2806 717 2848 pr
740 2791 776 2835 P
869 2797 922 2836 15
954 2790 1278 2850 πεπληγμένης
1301 2793 1387 2836 ΜΡ
1419 2794 1502 2838 sed
1526 2811 1552 2851 γ
1577 2808 1674 2837 sser
1698 2794 1767 2836 Μ1

206 2856 259 2895 16
293 2849 511 2909 θέλξεως]
545 2848 706 2903 λέξεως
729 2850 856 2894 MPf
973 2857 1027 2896 18
1060 2853 1119 2909 δὴ
1150 2852 1293 2897 MPf:
1328 2866 1430 2897 corr
1460 2853 1722 2910 Kruegerus
1760 2854 1763 2907 ᾗ

86 2907 196 2954 οὐδὲ
230 2907 343 2966 μίαν
372 2911 613 2956 ferebatur
705 2914 759 2953 19
792 2910 910 2968 ἀρχὴ
942 2910 971 2968 ἡ
996 2911 1089 2955 MP
1102 2913 1163 2956 Θι
1195 2911 1224 2968 ἡ
1250 2912 1367 2969 ἀρχὴ
1400 2911 1428 2968 ἡ
1453 2911 1477 2954 f
1546 2917 1599 2955 22
1633 2909 1728 2966 μετ’
1751 2911 1774 2952 f

36 2983 37 2987 ¹
206 2973 262 3011 24
292 2970 647 3024 θεραπεύοντας
669 2969 705 3012 Ρ
