1958 3192
766 149 1126 193 „XXV—

113 286 439 356 Thucydidis
470 285 791 354 bombycino
825 287 1096 354 sumptum
1128 284 1395 353 inseritur,
1433 302 1622 353 nempe
1653 285 1797 337 uitae

112 374 408 428 Marcellini
447 377 502 426 et
539 374 814 443 anonymi,
861 372 1177 442 opusculum
1217 372 1468 441 Dionysii
1508 375 1561 425 et
1597 391 1795 442 παρεκ-

112 462 271 533 βολαὶ
318 465 572 534 χρήσιμοι
619 461 725 515 ἀπὸ
765 470 860 531 τῆς
896 461 1246 515 θουκυδίδου
1286 468 1611 531 συγγραφῆς
1650 458 1795 531 (sub-

115 553 355 622 sequitur
392 551 448 603 in
479 550 663 604 charta
694 568 825 603 saec.
849 549 952 603 XV
990 549 1255 602 rhetorica
1286 549 1353 601 ad
1383 542 1796 619 Alexandrum);

113 639 435 693 Bodleianus
474 639 844 708 bybliothecae
884 638 1175 691 Canonicae
1215 655 1291 708 gr.
1322 638 1392 690 48
1434 638 1630 691 saeculi
1667 637 1797 690 XIV

115 729 356 782 exeuntis
411 727 501 800 (cf.
552 728 781 798 catalogi
831 731 867 782 t.
907 725 988 780 III
1041 747 1090 796 p.
1134 726 1202 779 51
1239 725 1356 798 sq.).
1445 726 1641 780 saeculi
1693 726 1797 779 XV

116 820 242 870 sunt
273 817 478 871 codices
517 817 844 869 Parisienses
880 816 1022 870 1733
1062 819 1114 869 et
1148 815 1289 867 1736
1331 813 1412 886 (in
1449 818 1677 884 utroque
1708 815 1799 868 hic

115 905 327 958 libellus
359 905 659 974 Thucydidi
691 904 991 976 subicitur),
1028 903 1323 957 Tolosanus
1358 904 1465 956 802
1498 922 1528 955 a
1558 902 1798 956 Iohanne

115 994 298 1047 Rhoso
361 994 613 1063 scriptus,
672 993 964 1046 Vaticanus
1025 993 1157 1062 938,
1226 991 1619 1045 Ottobonianus
1675 993 1800 1062 211,

116 1081 392 1136 Palatinus
432 1082 524 1152 84,
571 1082 857 1134 Vrbinates
898 1082 994 1151 89,
1034 1083 1119 1150 91,
1159 1081 1252 1150 92,
1290 1081 1613 1133 Barberinus
1652 1079 1679 1133 I
1712 1080 1799 1151 95,

116 1170 502 1224 Laurentianus
554 1170 625 1239 pl.
658 1185 736 1222 Lx
770 1169 837 1221 16
893 1170 1042 1222 cuius
1095 1169 1437 1222 Marcellinus
1484 1170 1799 1223 coniunctus

119 1259 379 1328 originem
410 1259 623 1327 indicat,
656 1257 1108 1328 Cantabrigiensis
1139 1258 1283 1326 bybl.
1315 1257 1682 1311 uniuersitatis
1708 1257 1798 1330 (cf.

114 1347 169 1399 A
199 1347 458 1414 calculoque
501 1348 554 1414 of
594 1346 673 1399 the
710 1363 826 1399 mss.
859 1348 1132 1413 preserved
1165 1348 1226 1399 in
1264 1347 1344 1399 the
1383 1346 1580 1414 librar-vj
1625 1348 1688 1414 of
1717 1348 1797 1400 the

115 1435 395 1503 univer-sitq!
447 1436 509 1502 of
555 1434 859 1502 Gambridye
910 1438 947 1487 t.
978 1433 1062 1486 III
1114 1453 1164 1503 p.
1198 1432 1363 1505 691),
1412 1434 1801 1488 Escorialensis

117 1522 415 1576 Σ-Ι-12
467 1523 530 1576 cf.
576 1522 774 1576 Milleri
828 1522 1101 1592 catalogus
1149 1542 1199 1592 p.
1232 1522 1303 1575 58
1356 1523 1468 1576 cod.
1502 1522 1570 1575 68
1618 1523 1654 1575 f.
1687 1523 1801 1593 57¹,

116 1611 452 1681 Mosquensis
476 1612 620 1681 bybl.
646 1612 915 1681 synodalis
939 1611 1049 1664 510
1083 1610 1238 1683 (olim
1265 1610 1413 1683 217)
1447 1612 1644 1665 saeculi
1668 1611 1800 1664 XVI

118 1704 243 1753 sunt
287 1700 601 1754 Parisiensis
653 1721 703 1753 11.
747 1699 888 1753 1735
943 1704 996 1753 et
1034 1700 1370 1754 Monacensis
1425 1718 1503 1771 gr.
1546 1699 1666 1752 126.
1742 1700 1797 1751 111

117 1789 387 1842 codicibus
425 1789 779 1843 miscellaneis
819 1789 962 1859 quod
1000 1789 1228 1858 epistula
1267 1789 1428 1842 etiam
1468 1807 1589 1841 cum
1629 1788 1798 1842 diuer-

31 1943 34 1947 ,
119 1879 191 1931 818
223 1878 375 1930 libris
409 1878 764 1948 coniungitur,
794 1881 1082 1947 conparato
1116 1878 1294 1931 codice
1316 1877 1674 1947 Neapolitano
1708 1880 1802 1929 aut

46 1954 54 1964 ’
118 1966 379 2019 Vaticano
422 1967 563 2020 1302
603 1967 757 2019 facile
796 1966 1141 2036 intellegitur.
1219 1967 1293 2019 sic
1331 1966 1646 2019 Franciscus
1677 1965 1801 2018 Phi-

118 2055 330 2124 lelphus
372 2054 836 2124 Constantinopoli
875 2074 918 2108 a.
955 2055 1095 2108 1427
1136 2055 1192 2107 111
1231 2055 1409 2108 codice
1440 2054 1801 2107 Laurentiano

31 2181 34 2185 -
118 2143 214 2196 LX
249 2145 315 2197 18
355 2143 675 2213 Dionysium
715 2163 834 2196 cum
865 2143 1175 2197 Aristotelis
1216 2147 1270 2196 et
1298 2143 1648 2196 Anaximenis
1689 2146 1803 2195 arte

21 2237 26 2241 ’
118 2231 384 2285 rhetorica
429 2233 733 2302 conposuit,
782 2233 839 2285 in
886 2233 1065 2286 codice
1104 2233 1347 2285 Parisino
1388 2231 1532 2284 2755
1572 2230 1803 2283 Michael

123 2318 433 2389 Apostolius
492 2321 715 2374 eundem
768 2320 1156 2390 Hephaestioni
1217 2320 1508 2374 subiunxit.
1591 2319 1800 2372 Horum

31 2427 33 2430 ·
122 2409 362 2462 codicum
411 2410 723 2462 memoriam
770 2428 878 2462 non
925 2428 990 2462 ex
1027 2410 1144 2478 ipso
1185 2408 1475 2478 exemplari
1513 2407 1802 2460 Parisiensi

123 2497 214 2549 sed
252 2517 317 2550 ex
357 2498 584 2567 gemello
617 2498 955 2567 repetendam
999 2517 1112 2551 esse
1150 2497 1415 2550 Henricus
1455 2495 1803 2550 Schenkelius

123 2583 270 2638 Stud.
295 2585 524 2638 Vindob.
556 2585 610 2638 II
648 2605 697 2654 p.
731 2586 803 2638 24
835 2605 911 2655 sq.
952 2589 1224 2640 statuerat.
1257 2586 1583 2639 contrarium
1615 2602 1801 2636 uerum

123 2691 235 2726 esse
275 2678 337 2727 ut
368 2674 800 2743 demonstrarem,
839 2674 894 2726 in
925 2675 1201 2743 proecdosi
1231 2675 1448 2727 Bonnae
1484 2675 1623 2727 1889
1662 2672 1804 2724 edita

28 2813 44 2838 ξ
125 2761 348 2814 duorum
381 2763 620 2815 codicum
654 2761 862 2815 Schotti
888 2761 986 2835 (D)
1019 2767 1072 2816 et
1093 2763 1364 2831 Philelphi
1398 2761 1487 2833 (C)
1519 2762 1801 2814 lectionem

124 2849 386 2920 integram
433 2851 793 2919 adposueram.
873 2870 1013 2904 nunc
1059 2855 1343 2920 postquam
1390 2851 1502 2919 ipse
1542 2848 1803 2902 Schenke-

124 2937 228 2991 lius
267 2957 472 2991 mecum
520 2939 705 3008 sentit,
758 2939 886 2991 satis
925 2939 1090 2992 habui
1135 2958 1317 2991 eorum
1357 2938 1678 2990 mentionem
1726 2934 1802 2986 ibi
1854 2990 1861 2994 ⁸
