2004 3202
210 146 316 197 366
643 140 981 185 ΔΙΟΝΤΣΙΟΤ
1012 135 1476 180 ΑΛΙΚΑΡΝΑΣΕΩΣ

210 283 509 349 φαίνεσθαι
555 276 1089 345 καταφρονήσαντες,
1146 269 1332 336 ἐπειδὴ
1380 267 1482 321 οὐκ
1531 267 1705 329 εὐθὺς
1759 268 1881 331 ἄξια

211 376 304 436 τῆς
341 367 674 435 προσδοκίας
714 363 1105 426 ἐπεπόνθεσαν,
1143 357 1214 425 ’ἣν
1252 359 1414 425 ἔσχον
1451 356 1753 425 ὑπόληψιν,
1791 357 1881 410 ὅτε

210 465 428 524 πρῶτον
481 452 779 521 ἀπέβαινον
832 458 894 519 τῇ
949 448 1138 516 γνώμῃ
1200 443 1606 514 δεδουλωμένοι
1668 446 1741 508 ὡς
1795 444 1883 499 ἐπὶ

126 541 715 611 26Λακεδαιμονιόυς.’
791 533 1255 605 ὑπεξαιρουμένης
1295 530 1357 586 δὲ
1403 541 1498 602 τῆς
1541 541 1885 604 περιγραφῆς

168 655 187 683 ι’,
211 631 400 697 πάσης,
432 625 600 682 τᾶλλα
630 629 805 680 πάντα
839 626 1153 693 ὠνόμασταί
1179 642 1236 675 τε
1267 631 1382 684 τοῖς
1411 623 1884 692 προσφυεστάτοις

213 718 440 786 ὀνόμασι
495 716 583 769 καὶ
636 717 1010 783 περιείληπται
1064 720 1179 773 τοῖς
1245 709 1704 778 ἐπιτηδειοτάτοις
1758 725 1884 779 σχη-

211 814 513 874 ματισμοῖς,
553 804 743 873 ἀρετῆς
781 822 837 854 τε
878 787 1136 869 οὐδεμιᾶς
1169 800 1241 861 ὡς
1274 801 1447 852 εἰπεῖν
1480 799 1607 852 οὔτε
1638 803 1886 867 λεκτικῆς
1936 806 1942 830 '-

212 895 335 945 οὔτε
389 899 759 961 πραγματικῆς
813 890 1011 951 ἐνδεῶς
1058 891 1307 956 ἔσχηκεν·
1362 887 1426 949 ἃς
1479 884 1647 944 οὐδὲν
1693 886 1884 956 δέομαι
1966 873 1985 931 ἸᾸ

211 983 376 1033 πάλιν
415 980 848 1050 ἐξαριθμεῖσθαι.
1963 1043 1965 1046 ⁴

151 1098 188 1124 ιω
315 1068 408 1120 Ἐν
447 1067 507 1120 δὲ
552 1077 616 1138 τῇ
665 1066 869 1137 ἑβδόμῃ
916 1067 1103 1137 βύβλῳ
1152 1066 1252 1134 τὴν
1300 1065 1532 1134 ἐσχάτην
1577 1068 1888 1134 ναυμαχίαν

205 1157 514 1224 Ἀθηναίων
560 1155 650 1208 καὶ
690 1158 1055 1224 Συρακοσίων
1102 1154 1487 1223 ἀφηγούμενος
1538 1153 1712 1215 οὕτως
1750 1153 1886 1206 ὠνό-

209 1244 346 1313 μακέ
365 1265 421 1297 τε
445 1244 533 1297 καὶ
561 1244 878 1314 ἐσχημάτικε
902 1245 967 1296 τὰ
992 1243 1332 1312 πραχθέντα·
1365 1242 1414 1296 (ὁ
1439 1239 1500 1295 δὲ
1517 1240 1886 1311 Δημοσθένης

208 1331 297 1384 καὶ
347 1332 676 1402 ,Μένανδρος
725 1332 815 1385 καὶ
870 1333 1212 1401 Εὐθύδημος
1267 1327 1447 1402 (οὗτοι
1502 1332 1606 1401 γὰρ
1657 1329 1745 1384 ἐπὶ
1791 1332 1886 1392 τὰς

214 1429 343 1483 ναῦς
374 1431 483 1473 τῶν
514 1421 829 1490 Ἀθηναίων
861 1420 1154 1492 στρατηγοὶ
1189 1420 1482 1489 ἐπέβησαν)
1518 1421 1747 1490 άραντες
1776 1418 1884 1472 ἀπὸ

148 1535 185 1563 1.-
209 1517 307 1561 τοῦ
349 1508 555 1562 ἑαυτῶν
588 1510 960 1620 στρατοπέδου
993 1511 1165 1572 εὐθὺς
1198 1511 1394 1563 ἔπλεον
1423 1509 1561 1579 πρὸς
1591 1509 1652 1561 τὸ
1684 1511 1885 1576 ζευγμα
1960 1524 1983 1586 ‘f

210 1606 307 1650 τοῦ
333 1598 551 1667 λιμένος
581 1598 671 1651 καὶ
703 1601 800 1652 τὸν
830 1597 1282 1669 παραλειφθέντα
1313 1595 1642 1669 διέκΙπλουν,
1674 1598 1870 1665 βουλό-
1888 1608 1978 1649 875

210 1705 363 1753 μενοι
418 1689 715 1754 βιάσασθαι
771 1688 825 1750 ἐς
878 1689 938 1740 τὸ
988 1687 1102 1751 ἔξω.
1179 1686 1679 1756 προεξαναγόμενοι
1725 1682 1786 1737 δὲ
1834 1686 1886 1738 οἱ

213 1778 550 1842 Συρακόσιοι
589 1774 678 1828 καὶ
719 1778 770 1828 οἱ
822 1776 1089 1845 ξύμμαχοι
1136 1774 1300 1828 ναυσὶ
1347 1762 1751 1845 παραπλησίαις
1789 1775 1887 1826 τὸν

216 1861 457 1930 ἀριθμὸν
481 1863 570 1915 καὶ
601 1867 870 1934 πρότερον
893 1866 1027 1917 κατά
1056 1884 1114 1918 τε
1138 1866 1237 1917 τὸν
1261 1866 1500 1917 ἔκπλουν
1530 1862 1681 1933 μέρει
1705 1861 1888 1914 αὐτῶν

149 1978 189 2003 211·
215 1947 526 2016 ἐφύλασσον
572 1951 661 2004 καὶ
707 1955 840 2006 κατὰ
886 1955 983 2006 τὸν
1031 1955 1201 2007 ἄλλον
1246 1954 1428 2025 κύκλῳ
1479 1950 1700 2021 λιμένα,
1740 1951 1886 2012 ὅπως
1938 1965 1950 2002 3

212 2041 558 2106 πανταχόθεν
597 2041 704 2108 ἅμα
742 2044 1138 2110 προσπίπτοιεν
1184 2051 1298 2104 τοῖς
1336 2040 1675 2108 Ἀθηναίοις·
1725 2037 1814 2091 καὶ
1855 2038 1884 2092 ὁ
1932 2055 1939 2065 “

212 2125 364 2187 πεζὸς
403 2126 589 2189 αὐτοῖς
628 2130 736 2197 ἅμα
774 2132 1128 2199 παρεβοήθει,
1168 2123 1303 2201 ᾗπερ
1351 2128 1441 2182 καὶ
1481 2130 1537 2181 αἱ
1575 2136 1701 2196 νῆες
1739 2130 1884 2180 κατί-

215 2226 396 2279 σχυον.
472 2212 641 2283 ἦρχον
681 2215 740 2269 δὲ
778 2226 876 2270 τοῦ
916 2227 1179 2271 ναυτικοῦ
1222 2227 1338 2281 τοῖς
1377 2219 1747 2288 Συρακοσίοις
1786 2219 1884 2267 Σι-

215 2301 376 2361 κανὸς
415 2299 515 2369 μὲν
552 2302 641 2355 καὶ
672 2303 1030 2375 Ἀγάθαρχος,
1069 2306 1229 2378 κέρας
1262 2305 1513 2376 ἑκάτερος
1543 2312 1643 2357 τοῦ
1681 2304 1885 2366 παντὸς

336 2479 388 2514 10
420 2474 545 2516 'l‘}1u‹·
573 2476 654 2518 VH
681 2483 734 2520 (39
768 2481 982 2522 extr—72
1015 2480 1104 2524 init
1219 2485 1272 2523 12
1305 2481 1391 2524 VH
1414 2485 1469 2523 69
1593 2484 1646 2523 17
1678 2493 1702 2522 (3
1729 2482 1784 2522 70

338 2627 360 2660 :3
396 2620 536 2676 ὑπολτ
548 2633 578 2667 1!
569 2639 627 2664 ιν
661 2624 847 2667 delebat
879 2626 1129 2683 heiskius}
1124 2627 1252 2685 Ιὸτε]
1286 2626 1355 2671 ὅτι
1375 2628 1414 2670 Ρ
1577 2631 1603 2668 3
1637 2622 1886 2683 ἐπέβαινον
1946 2620 1958 2623 ’

224 2677 325 2720 uei
320 2677 434 2720 kius
559 2686 609 2722 10
642 2679 779 2739 βίβλω
813 2683 904 2725 MP
909 2684 951 2737 ‚f
1039 2691 1090 2728 11
1120 2684 1500 2741 Συρακουσίωνῖ
1573 2689 1628 2728 15
1659 2684 1710 2728 τὸ
1744 2697 1819 2727 om
1848 2682 1885 2726 P

340 2740 390 2778 17
426 2739 851 2795 προεξαγαγόμεναι
880 2744 919 2783 Θ
1098 2750 1151 2788 18
1186 2745 1452 2799 συρακόσιοι
1471 2744 1564 2787 MP
1597 2756 1744 2798 aeque
1776 2755 1884 2785 con-

220 2798 395 2838 stanter
429 2810 481 2838 ac
516 2799 872 2851 Evpanoz‘r‘mozf
1046 2807 1101 2845 20
1133 2804 1322 2861 κύκλ[ω]
1355 2818 1459 2847 eum
1490 2802 1634 2846 litura
1665 2802 1715 2845 M

221 2859 267 2895 21
299 2853 630 2908 προσπίπτοιεν
726 2863 778 2899 22
805 2857 899 2912 ἅμα
922 2873 994 2901 om
1009 2861 1077 2902 Ml
1107 2863 1111 2917 Ι
1139 2862 1443 2917 προσπίπτοις
1467 2861 1517 2906 ἐν
1535 2862 1570 2904 Ρ
1653 2865 1708 2904 22
1734 2876 1884 2915 παρα-

220 2929 394 2986 βοηθοῖ
424 2932 565 2985 ζ-θιῑ
593 2929 697 2972 libri
724 2930 951 2987 plerique)
978 2935 1017 2975 Θ
1046 2936 1050 2990 Ι
1078 2934 1193 2990 ἤπερ
1218 2936 1253 2977 Ρ
1282 2938 1288 2992 Ι
1315 2933 1574 2992 κατίσχοιεν
1599 2934 1670 2978 f&
1700 2935 1824 2976 reefie
