2004 3202
802 165 1224 209 ΔΗΜΟΣΘΕΝΗΣ
1741 166 1775 218 2
1783 168 1808 218 1
1819 169 1843 218 1

175 299 510 370 φωνηέντων
545 302 743 370 χρόνος
788 298 989 370 ἑτέρων
1017 303 1332 371 παρεμβολῇ
1366 302 1698 370 γραμμάτων
1728 302 1850 370 ἡμι-

91 405 205 444 1070
238 392 440 460 φώνων
472 389 930 460 ἀναπληροῦσθαι
962 390 1282 458 δυνάμενος.
1324 388 1329 460 Ι
1379 398 1542 442 τοῦτο
1574 388 1625 441 δ’
1648 389 1748 441 οὐκ
1783 389 1853 442 ἂν

178 480 419 548 ἐγίγνετο
465 479 539 547 μὴ
589 485 795 546 σιωπῆς
848 498 998 540 τινος
1051 477 1344 546 ἀξιολόγου
1390 478 1740 555 διειργούσης
1787 480 1851 530 τὰ

176 570 462 637 φωνήεντα
517 565 609 619 ἀπ’
650 566 914 634 ἀλλήλων.
998 575 1218 636 πρῶτον
1269 563 1372 635 μὲν
1418 567 1486 634 δὴ
1540 574 1703 618 τοῦτο
1757 573 1852 633 τῆς

174 657 438 727 ἁρμονίας
476 656 674 722 ταύτης
714 653 862 707 ἐστὶν
896 656 1095 724 ἰδίωμα
1126 655 1198 717 ὡς
1230 653 1318 707 ἐπὶ
1350 655 1410 707 τὸ
1442 655 1600 708 πολύ.
1661 653 1851 724 ἕτερον
1898 673 1918 705 5

174 742 234 797 δὲ
279 751 558 797 τοιοῦτον·
609 743 885 804 ἀνακοπὰς
923 741 1013 795 καὶ
1053 742 1511 813 ἀντιστηριγμοὺς
1551 744 1852 812 λαμβάνειν

172 831 261 886 καὶ
316 833 651 902 τραχύτητας
706 831 766 884 ἐν
819 840 938 893 ταῖς
1000 836 1338 900 συμπλοκαῖς
1399 841 1511 884 τῶν
1564 832 1852 901 ὀνομάτων

173 921 581 995 ἐπιστυφούσας
606 922 734 988 ’τὴν
787 919 959 987 ἀκοὴν
1011 919 1185 990 ἡσυχῇ
1247 920 1519 989 βούλεται.
1605 920 1851 973 ἐνταῦθα

170 994 338 1063 πάλιν
384 1010 417 1077 ἡ
471 1019 582 1062 τῶν
627 1009 868 1078 ἀφώνων
915 1028 972 1061 τε
1025 1007 1116 1061 καὶ
1169 1008 1474 1078 ἡμιφώνων
1518 1010 1852 1078 γραμμάτων

172 1099 407 1167 δύναμις
453 1099 622 1165 αἰτία,
670 1095 823 1150 ὁπότ’
862 1096 932 1149 ἂν
977 1099 1043 1150 τὰ
1090 1099 1328 1165 λήγοντα
1373 1107 1484 1150 τῶν
1528 1096 1852 1166 ἡγουμένων
1876 1115 1918 1148 ιο

171 1189 381 1256 μορίων
413 1180 446 1257 ἧ
477 1187 822 1256 γράμματα..
856 1193 1008 1247 ,τοῖς
1038 1184 1367 1253 ἡγουμένοις
1391 1185 1510 1254 [ὡς]
1536 1182 1708 1254 μηδεν
1741 1196 1853 1238 τῶν

172 1274 588 1344 ἐπιφερομένων
640 1276 773 1343 μήτε
835 1225 1272 1342 συναλείφεσθαι
1332 1276 1464 1342 μήτε
1526 1280 1852 1342 συγχεῖσθαι

169 1364 343 1432 φύσιν
381 1365 489 1433 ἔχῃ.
563 1364 707 1415 πολὺ
754 1364 857 1431 γὰρ
908 1363 976 1430 δὴ
1023 1363 1083 1414 τὸ
1131 1362 1432 1414 ἀντίτυπον
1472 1361 1532 1414 ἐν
1571 1371 1687 1424 ταῖς
1725 1363 1851 1415 τού-

168 1471 278 1503 των
318 1453 618 1519 συμβολαῖς
663 1453 897 1518 γίνεται,
946 1451 1126 1519 ὥσπερ
1166 1470 1228 1518 γε
1273 1449 1364 1502 καὶ
1413 1449 1473 1502 ἐν
1513 1450 1699 1513 αὐτοῖς
1735 1460 1853 1514 τοῖς

168 1539 451 1608 ὀνόμασιν,
492 1539 625 1591 ὅταν
657 1538 713 1591 ἐκ
745 1548 855 1591 τῶν
886 1540 1275 1607 τραχυνόντων
1305 1539 1407 1606 τὴν
1446 1540 1640 1607 φωνὴν
1678 1559 1848 1610 γραμ-
1874 1556 1916 1589 15

169 1629 354 1696 μάτων
386 1628 441 1680 αἱ
479 1628 812 1696 καλούμεναι
853 1625 1121 1695 συλλαβαὶ
1162 1632 1488 1680 συντεθῶσι.
1550 1632 1754 1696 πολλῆς
1789 1627 1855 1681 δέ

82 1730 191 1768 1071
226 1736 377 1778 τινος
409 1715 652 1769 ἐνταῦθα
683 1717 768 1769 δεῖ
797 1723 893 1784 τῆς
954 1717 1270 1784 τεχνήσεως,
1306 1716 1399 1768 ἵνα
1430 1716 1502 1784 μὴ
1534 1719 1851 1785 κακόφωνοι

168 1801 303 1873 μηδὲ
350 1803 535 1872 ἀηδεῖς
579 1802 716 1873 μηδὲ
761 1806 935 1872 ἄλλην
981 1806 1107 1857 τινὰ
1152 1806 1380 1873 ὄχλησιν
1420 1804 1844 1874 ἐπενεγκάμεναι

167 1902 285 1954 ταῖς
316 1892 504 1955 ἀκοαῖς
535 1893 786 1945 λάθωσιν
823 1893 879 1945 αἱ
910 1901 1159 1946 τοιαῦται
1191 1896 1460 1961 συζυγίαι,
1486 1893 1602 1947 ἀλλ’
1629 1893 1844 1965 ἐπανθῇ

167 2001 250 2043 τις
273 1980 463 2043 αὐταῖς
493 1988 659 2049 χνοῦς
682 1980 1042 2051 ἀρχαιοπινὴς
1071 1979 1162 2034 καὶ
1193 1982 1350 2052 χάρις
1374 1981 1645 2050 ἀβίαστος.
1692 1982 1847 2052 ἀρκεῖ
1870 2001 1915 2031 20

167 2068 290 2139 γάρ,
330 2070 403 2131 ὡς
442 2068 502 2122 ἐν
540 2070 714 2122 εἰδόσι
754 2067 1029 2137 λέγοντας,
1062 2070 1146 2122 ὅτι
1177 2070 1352 2138 φύσιν
1385 2072 1494 2138 ἔχει
1533 2068 1707 2139 μηδὲν
1736 2080 1848 2123 τῶν

168 2159 487 2211 σπουδαίων
526 2157 782 2227 ῥημάτων
828 2158 1062 2227 ἄμοιρον
1108 2158 1252 2227 ὥρας
1298 2154 1440 2211 εἶναι
1486 2157 1575 2210 καὶ
1627 2159 1848 2227 χάριτος

169 2248 328 2313 ἰδίας,
367 2254 634 2299 τοσοῦτον
670 2247 845 2315 μόνον
884 2247 1071 2299 εἰπεῖν.

280 2334 340 2387 ἐν
374 2332 475 2404 μὲν
513 2335 580 2402 δὴ
619 2342 734 2396 τοῖς
772 2333 1075 2402 ἐλαχίστοις
1112 2354 1169 2387 τε
1206 2332 1297 2387 καὶ
1338 2336 1706 2404 στοιχειώδεσι
1745 2355 1840 2404 μο-
1860 2334 1931 2387 39

167 2426 310 2493 ρίοις
347 2431 442 2491 τῆς
482 2421 673 2486 λε’ξεως
710 2429 880 2475 ταῦτα
918 2424 1284 2491 χαρακτηρικὰ
1315 2430 1408 2490 τῆς
1446 2423 1664 2493 πρώτης
1696 2421 1846 2476 ἐστὶν
1871 2440 1913 2473 25

285 2618 311 2655 6
350 2612 730 2668 ἀντιστηρισμοὺς
770 2611 804 2653 Ρ
950 2615 972 2654 7
1011 2611 1267 2669 τραχύτητα
1306 2611 1388 2655 ΒΡ
1524 2617 1550 2655 9
1589 2611 1844 2668 ἡμιφώνων

169 2671 464 2728 Sylburgius·
506 2670 731 2744 ἑμφώνων
764 2669 856 2712 ΜΒ
912 2669 1129 2726 ἐμφύνων
1160 2670 1197 2714 Ρ
1347 2676 1399 2713 11
1434 2669 1610 2728 μηρίων
1641 2671 1678 2714 Β
1721 2675 1726 2727 Ι
1777 2671 1844 2714 la-

169 2744 336 2774 cunam
380 2728 632 2785 indicauit‚
680 2730 740 2779 ὡς
787 2727 978 2772 seclusit
1023 2729 1198 2774 Usener
1387 2735 1440 2773 12
1489 2733 1760 2788 συνχεῑσθαι
1806 2729 1843 2771 Β

169 2792 469 2847 συγχρεῖσθαι
499 2788 535 2832 Ρ
657 2792 713 2831 14
751 2785 1147 2861 (λαμβανομένων)
1180 2790 1426 2856 συμβολαῖς
1456 2790 1493 2832 Ρ
1535 2792 1541 2846 Ι
1583 2797 1679 2840 τοῖς
1710 2803 1784 2833 om
1816 2803 1844 2830 v

278 2852 331 2891 17
365 2847 644 2904 κακόφωνοι)
676 2844 783 2903 μηδ’
814 2844 956 2903 ἀηδες
988 2846 1262 2905 Sylburgius
1294 2863 1323 2891 v
1445 2853 1500 2892 18
1541 2846 1845 2905 ἐνεγκάμεναι

169 2905 206 2947 Β
244 2906 293 2949 in
322 2909 476 2962 textu,
507 2907 581 2951 Pv
706 2910 758 2949 19
799 2920 858 2948 an
891 2912 1134 2962 φανῶσινῗ
1240 2911 1295 2950 20
1326 2908 1484 2965 χνοῦς]
1526 2915 1663 2963 γνοῦς
1694 2907 1776 2948 ΒΡ

170 2968 224 3006 21
259 2964 431 3010 εἰδόσιν
455 2943 537 3008 ΒΡ

1494 3037 1578 3080 14*
