2004 3202
169 138 278 191 340
591 140 932 183 ΔΙΟΝΥΣΙΟΤ
963 139 1432 192 ΑΛΙΚΑΡΝΑΣΕΩΣ

170 274 271 327 ὅσα
315 275 448 343 μετὰ
493 275 591 327 τὸν
645 275 922 344 Περσικὸν
974 275 1216 341 πόλεμον
1269 271 1370 335 ἕως
1417 281 1516 326 τοῦ
1565 277 1851 326 Πελοπον-

169 370 435 430 νησιακοῦ
461 361 835 432 διεπράξαντο,
859 361 1249 429 κεφαλαιωδῶς
1278 359 1368 414 καὶ
1402 361 1766 432 ἐπιτροχάδην
1792 361 1853 415 ἐν

171 451 454 504 ἐλάττοσιν
491 450 524 519 ἢ
564 452 944 511 πεντακοσίοις
984 452 1202 518 στίχοις.
1265 449 1640 519 ἀναμνησθεὶς
1679 448 1727 503 δ’
1768 451 1850 503 ’ὅτι

168 541 406 609 πρότερα
458 548 569 591 τῶν
622 541 1019 608 Κερκυραϊκῶν
1072 534 1142 606 ἦν
1195 537 1286 590 καὶ
1341 538 1442 591 οὐκ
1496 537 1585 591 ἀπ’
1627 537 1853 592 ἐκείνων

126 650 146 683 5
172 630 332 696 ἔλαβε
376 629 478 696 τὴν
524 627 698 697 ἀρχὴν
737 626 765 679 ὁ
813 628 1050 695 πόλεμος
1089 625 1204 678 ἀλλ’
1246 626 1350 679 ἀπὸ
1397 628 1634 695 τούτων,
1681 634 1852 680 ταῦτα

168 717 336 768 πάλιν
366 718 501 768 κατὰ
533 714 681 778 λέξιν
719 715 947 785 γράφει·
987 715 1139 783 (μετα
1170 722 1341 767 ταῦτα
1377 712 1437 767 δὲ
1468 716 1571 784 ἤδη
1606 719 1851 783 γίγνεται

170 804 236 856 οὐ
290 808 514 866 πολλοῖς
567 805 747 855 ἔτεσιν
801 789 1036 874 ὕστερον
1085 804 1151 856 τὰ
1203 802 1590 874 προειρημένα,
1643 805 1710 857 τά
1758 801 1848 875 τεΙ

169 893 521 962 Κερκυραϊκὰ
566 889 657 944 καὶ
711 893 778 944 τὰ
824 893 1224 944 Ποτιδαιατικὰ
1268 891 1359 944 καὶ
1415 893 1516 945 ὅσα
1546 895 1836 962 ,πρόφασις
1854 908 1938 948 835

169 983 332 1034 τοῦδε
385 989 484 1034 τοῦ
540 979 785 1049 πολέμου
847 979 1090 1049 κατέστη.
1181 988 1352 1033 ταῦτα
1405 978 1466 1033 δὲ
1518 982 1696 1034 πάντα
1751 982 1852 1035 ὅσα

107 1093 148 1123 10
173 1069 411 1139 ἔπραξαν
458 1070 510 1122 οἱ
536 1068 799 1137 ”Ἐλληνες
845 1071 983 1140 πρός
1028 1089 1086 1122 τε
1125 1069 1398 1138 ἀλλήλους
1443 1068 1534 1122 καὶ
1579 1071 1717 1141 πρὸς
1754 1071 1852 1123 τὸν

169 1159 468 1229 βάρβαρον,
503 1157 756 1226 ἐγένοντο
784 1157 844 1210 ἐν
868 1160 1011 1211 ἔτεσι
1034 1159 1371 1226 πεντήκοντα
1395 1159 1629 1227 μάλιστα
1651 1157 1850 1228 μεταξὺ

167 1254 262 1315 τῆς
299 1267 357 1299 τε
397 1245 605 1318 Ξέρξου
644 1246 1041 1317 ἀναχωρήσεως
1079 1245 1169 1299 καὶ
1212 1254 1306 1314 τῆς
1345 1246 1512 1317 ἀρχῆς
1550 1247 1714 1300 τοῦδε
1751 1254 1851 1299 τοῦ

167 1334 429 1404 πολέμου·
486 1335 547 1388 ἐν
594 1328 677 1397 οἷς
732 1336 785 1388 οἱ
824 1333 1114 1403 Ἀθηναῖοι
1168 1337 1270 1403 τήν
1322 1355 1380 1388 τε
1433 1335 1607 1406 ἀρχὴν
1661 1335 1852 1405 ἐγκρα-

168 1423 427 1494 τεστέραν
464 1425 863 1492 κατεστήσαντο
915 1423 1006 1476 καὶ
1053 1422 1211 1477 αὐτοὶ
1252 1422 1339 1476 ἐπὶ
1386 1423 1524 1493 μέγα
1571 1423 1852 1493 ἐχώρησαν

103 1534 145 1566 15
170 1513 480 1581 δυνάμεως,
522 1514 574 1565 οἱ
615 1509 676 1564 δὲ
715 1514 1145 1581 Λακεδαιμόνιοι
1191 1514 1517 1581 αἰσθόμενοι
1558 1513 1683 1565 οὔτε
1724 1511 1851 1565 ἐκώ-

168 1604 323 1669 λυον,
377 1602 425 1653 εἰ
471 1602 542 1669 μὴ
597 1599 685 1653 ἐπὶ
731 1602 931 1671 βραχύ,
985 1601 1257 1669 ἡσύχαζόν
1317 1621 1373 1653 τε
1423 1602 1483 1653 τὸ
1530 1600 1699 1654 πλέον
1751 1608 1861 1676 τοῦ,

167 1691 400 1758 χρόνου,
456 1691 608 1751 ὄντες
662 1686 764 1757 μὲν
815 1688 907 1741 καὶ
959 1690 1065 1759 πρὸ
1120 1697 1219 1742 τοῦ
1274 1690 1345 1757 μὴ
1393 1697 1571 1757 ταχεῖς
1619 1688 1672 1751 ἐς
1719 1691 1849 1751 τοὺς

168 1776 455 1846 πολέμους,
487 1776 556 1845 ἢν
588 1778 658 1845 μὴ
693 1777 1119 1852 ἀναχκάζωνται,
1150 1780 1271 1830 τότε
1304 1776 1369 1829 δέ
1395 1797 1447 1830 τι
1471 1776 1562 1829 καὶ
1593 1776 1852 1846 πολέμοις

170 1867 390 1928 οἰκείοις
430 1865 818 1935 ἐξειργόμενοι·
865 1867 1009 1934 πλὴν
1047 1866 1079 1934 ἡ
1121 1867 1354 1935 δύναμις
1393 1875 1503 1918 τῶν
1533 1864 1850 1933 Ἀθηναίων

104 1977 146 2008 20
169 1963 356 2023 σαφῶς
402 1953 562 2024 ᾔρετο
601 1953 692 2006 καὶ
738 1961 833 2022 τῆς
881 1957 1187 2023 συμμαχίας
1234 1954 1416 2007 αὐτῶν
1462 1955 1681 2022 ἥπτετο·
1728 1956 1849 2006 τότε

1990 514 1999 755 st-Q-——st--w-
1991 493 1994 501 -
1994 421 1997 435 1.

1978 1391 1987 1648 Ι

1978 1652 1983 1718 z

1976 1720 1983 1814 Ι

1974 1821 1981 1888 Ι

1971 1894 1980 1996 Ι

289 2118 313 2156 6
346 2113 475 2157 Thuc
498 2114 519 2156 I
545 2118 627 2157 118

288 2236 312 2273 2
348 2230 655 2289 ἐπιτροχάδην
679 2231 718 2275 f:
753 2230 828 2274 ἐπὶ
859 2229 1127 2288 κεφαλαίων
1157 2230 1389 2289 τροχάδην
1414 2231 1508 2274 ΜΡ
1600 2235 1625 2274 3
1657 2229 1685 2287 ἢ
1717 2230 1850 2274 ἑπτα-

171 2288 344 2340 κοσίοις
376 2289 550 2333 Birbius
582 2292 858 2336 Buchwesen
888 2306 918 2346 p
946 2295 1028 2334 199
1202 2296 1228 2334 8
1261 2291 1341 2335 καὶ
1373 2290 1582 2348 [μεταξὺ]
1613 2289 1671 2333 τὰ
1694 2290 1715 2332 f
1740 2292 1745 2346 Ι
1773 2289 1849 2348 τὰ]

170 2364 336 2392 ταποτι
362 2349 437 2392 del
461 2364 516 2404 pr
540 2349 575 2392 P
696 2354 721 2392 9
755 2347 806 2392 δὲ
838 2350 1081 2406 ξύμπαντα
1112 2349 1136 2391 f
1143 2352 1182 2394 Θ
1305 2355 1358 2392 10
1390 2350 1471 2394 καὶ
1501 2350 1616 2405 πρὸς
1646 2349 1739 2392 ΜΡ
1771 2350 1851 2393 καὶ

173 2407 325 2465 [πρὸς]
351 2408 389 2452 f:
423 2408 503 2451 καὶ
537 2410 576 2452 Θ
740 2413 792 2450 11
827 2407 1040 2466 ἐγένοντο
1073 2409 1185 2454 MP:
1227 2405 1406 2464 ἐγένετο
1439 2408 1509 2453 f&
1537 2410 1541 2466 Ι
1569 2405 1850 2452 πεντέκοντα

170 2480 224 2521 pr
249 2466 282 2507 P
427 2471 480 2508 12
514 2474 593 2523 τῆς
624 2482 672 2510 τε
705 2466 849 2510 etiam
880 2467 1167 2523 Thucydidis
1199 2467 1309 2511 libri
1340 2466 1445 2523 CG,
1479 2467 1622 2511 ceteri
1652 2474 1732 2523 τῆς

174 2530 227 2567 13
263 2523 588 2579 ἐκρατεστέραν
619 2525 654 2567 Ρ
786 2531 841 2569 14
871 2525 1207 2581 κατεστήσαντο
1238 2526 1336 2582 τρὶς
1368 2524 1503 2570 ἐννέα
1534 2526 1569 2568 Ρ
1600 2525 1633 2568 h
1657 2539 1681 2569 e
1706 2526 1850 2569 uerba

171 2598 201 2638 p
236 2587 335 2637 340,
357 2587 410 2624 14
443 2583 521 2627 καὶ
553 2584 688 2627 αὐτοὶ
720 2599 864 2640 usque
906 2586 966 2629 ad
1007 2600 1037 2641 p
1071 2590 1168 2641 342,
1204 2590 1257 2628 16
1297 2587 1475 2629 πολλῶν
1516 2583 1585 2628 ὅτι
1623 2585 1709 2628 hoc
1747 2585 1848 2628 loco

173 2640 343 2696 omisit,
376 2641 498 2684 infra
529 2657 559 2697 p
585 2647 684 2698 344,
704 2649 756 2686 21
791 2643 913 2687 inter
943 2644 1147 2687 mediam.
1176 2657 1339 2688 uocem
1369 2642 1713 2702 διεφΙΙθάρησαν
1743 2658 1849 2687 con-

171 2700 298 2743 locat
412 2706 464 2743 16
498 2700 723 2771 ἡσύχαζόν
755 2703 821 2760 τε]
847 2702 1149 2760 ἡσυχάζοντες
1179 2703 1203 2745 f
1298 2708 1351 2746 17
1376 2709 1529 2759 ταχεῖς
1551 2701 1665 2746 MP:
1697 2709 1850 2759 ταχεῖς

174 2757 295 2803 ἰέναι
320 2759 343 2800 f
351 2761 390 2803 Θ
483 2764 535 2802 18
568 2757 627 2814 ὴν
659 2760 719 2815 μὴ
752 2761 1104 2817 ἀναγκάζωνται
1135 2762 1228 2804 ΜΡ
1266 2775 1370 2804 cum
1401 2760 1685 2816 Thucydidis
1716 2760 1848 2804 libris

174 2816 277 2862 CG:
319 2817 359 2861 εἰ
397 2818 457 2873 μὴ
500 2817 834 2874 ἀναγκάζοιντο
876 2819 947 2863 f&
990 2822 994 2877 Ι
1037 2819 1137 2864 τότε
1169 2820 1282 2865 MP:
1315 2820 1366 2864 τὸ
1398 2819 1469 2864 f&
1511 2821 1516 2876 Ι
1559 2821 1620 2878 τι]
1653 2836 1723 2863 τοι
1755 2819 1790 2861 Ρ

176 2882 229 2919 19
263 2874 458 2977 ἐκείνοΐις
490 2876 525 2919 Ρ
568 2878 572 2933 Ι
615 2877 735 2932 πλὴν
769 2877 880 2921 MP:
921 2879 1031 2933 πρὶν
1063 2880 1119 2935 δὴ
1153 2879 1224 2923 f&
1359 2883 1415 2921 20
1447 2876 1703 2935 ξυμμαχίας
1733 2877 1804 2922 f&
1838 2877 1843 2936 Ι

174 2935 372 2992 ἥπτοντο
436 2937 475 2980 Θ
