2004 3202
181 116 206 166 1
217 115 285 167 36
603 116 944 159 ΔΙΟΝΤΣΙΟΤ
975 115 1444 157 ΑΑῙΚΑΡΝΑΣΕΩΣ

179 251 444 319 λαμβάνει
482 251 542 303 τὸ
584 257 919 319 συγκροῦσαι
959 250 1024 301 τὰ
1064 250 1352 317 φωνήεντα
1383 258 1494 302 τῶν
1525 251 1860 320 γραμμάτων

179 338 254 391 δι’
317 338 599 407 εὐλαβείας
661 335 721 391 δὲ
781 346 1015 390 ποιεῖται
1082 337 1143 389 τὸ
1205 339 1520 407 χρήσασθαί
1576 358 1687 391 τινι
1749 348 1860 392 τῶν

179 430 580 498 τραχυνόντων.
644 427 829 478 διώκει
855 424 905 477 δ’
932 413 989 476 ἐκ
1012 425 1216 487 παντὸς
1239 428 1448 495 τρόπου
1472 427 1573 495 τὴν
1596 428 1862 497 περίοδον

182 514 312 569 οὐδὲ
351 516 556 584 ταύτην
595 514 940 585 στρογγύλην
977 511 1067 565 καὶ
1106 515 1323 582 πυκνὴν
1354 514 1468 568 ἀλλ’
1504 515 1863 584 ὑπαγωγικήν

137 623 158 653 t>
183 626 307 659 τινα
345 604 434 657 καὶ
473 609 735 657 πλατεῖαν
773 601 862 654 καὶ
901 603 1141 664 πολλοὺς
1180 601 1446 671 ἀγκῶνας,
1486 605 1667 674 ὥσπερ
1705 605 1758 657 οἱ
1789 605 1862 672 μὴ

183 693 300 746 κατ’
333 694 553 755 εὐθείας
587 690 801 761 ῥέοντες
825 688 1058 759 ποταμοὶ
1082 699 1358 759 ποιοῦσιν,
1390 691 1862 762 ἐγκολπιζομένην.

184 790 354 835 ταῦτα
415 780 599 850 μέντοι
660 783 903 849 πολλαχῇ
966 778 1308 850 μακροτέραν
1367 800 1424 833 τε
1487 780 1659 849 αὐτὴν
1718 790 1865 834 ποιεῖ

185 868 663 938 κάναληθεστέραν
702 867 890 936 ἀπαθῆ
930 887 987 920 τε
1025 866 1115 920 καὶ
1155 869 1442 938 (ἄψυχον)
1493 868 1582 943 καὶ
1621 887 1863 938 πανηγυ-

187 960 347 1029 ρικὴν
400 962 608 1027 μᾶλλον
653 956 686 1024 ἢ
742 956 1059 1024 ἐναγώνιον.
1143 965 1259 1019 τοῖς
1314 954 1374 1010 δὲ
1427 959 1866 1028 παραδείγμασιν

123 1064 166 1095 10
190 1048 382 1115 ὀλίγον
420 1047 668 1115 ὕστερον,
709 1046 842 1098 ὅταν
881 1045 910 1099 ὁ
949 1047 1140 1116 καιρὸς
1179 1045 1396 1116 ἀπαιτῇ,
1435 1049 1718 1116 χρήσομαι.

129 1140 163 1192 5
298 1135 329 1202 ἡ
371 1132 429 1187 δὲ
470 1135 537 1202 δὴ
579 1135 906 1202 Πλατωνικὴ
948 1135 1230 1196 διάλεκτος
1275 1135 1532 1203 βούλεται
1578 1131 1679 1203 μὲν
1726 1131 1867 1188 εἶναι

187 1222 276 1275 καὶ
317 1222 451 1290 αὐτὴ
498 1230 670 1291 μῖγμα
715 1221 985 1292 ἑκατέρων
1023 1232 1133 1275 τῶν
1172 1225 1552 1293 χαρακτήρων,
1600 1231 1698 1276 τοῦ
1742 1223 1746 1294 Ι
1789 1243 1847 1276 τε
1872 1237 1957 1276 965
1991 1223 1995 1263 ss

187 1312 404 1379 ὑψηλοῦ
458 1309 548 1363 καὶ
598 1312 814 1379 ἰσχνοῦ,
869 1312 1118 1381 καθάπερ
1175 1315 1390 1382 εἴρηταί
1435 1332 1527 1381 μοι
1581 1314 1869 1382 πρότερον,

187 1399 397 1468 πέφυκε
422 1398 473 1452 δ’
501 1399 600 1468 οὐχ
626 1399 827 1468 ὁμοίως
851 1401 988 1469 πρὸς
1008 1399 1354 1470 ἀμφοτέρους
1378 1403 1506 1462 τοὺς
1530 1407 1871 1470 χαρακτῆρας

125 1507 166 1539 15
191 1488 432 1557 εὐτυχής.
510 1489 642 1541 ὅταν
691 1485 792 1556 μὲν
847 1484 951 1540 οὖν
1004 1489 1105 1556 τὴν
1161 1490 1354 1557 ἰσχνὴν
1407 1487 1496 1541 καὶ
1552 1488 1726 1557 ἀφελῆ
1780 1487 1870 1541 καὶ

191 1577 456 1644 ἀποίητον
511 1575 800 1646 ἐπιτηδεύῃ
849 1577 1080 1646 φράσιν,
1137 1575 1372 1639 ἐκτόπως
1419 1577 1575 1645 ἡδεῖά
1623 1577 1734 1630 ἐστι
1758 1575 1872 1629 ,καὶ

193 1667 603 1735 φιλάνθρωπος.
681 1666 900 1734 καθαρὰ
951 1667 1054 1734 γὰρ
1103 1664 1466 1734 ἀποχρώντως
1519 1668 1728 1733 γίνεται
1782 1664 1873 1718 καὶ

193 1755 440 1821 διαυγής,
473 1754 653 1823 ὥσπερ
686 1754 751 1805 τὰ
776 1752 1181 1821 διαφανέστατα
1205 1763 1315 1806 τῶν
1340 1755 1613 1823 ναμάτων,
1646 1753 1875 1824 ἀκριβής

194 1862 249 1895 τε
281 1840 371 1894 καὶ
405 1842 570 1909 λεπτὴ
602 1840 731 1911 παρ’
755 1841 1021 1908 ἡντινοῦν
1051 1840 1241 1912 ἑτέραν
1272 1852 1383 1895 τῶν
1416 1842 1539 1911 [εἰς]
1573 1843 1674 1910 τὴν
1701 1842 1875 1910 αὐτὴν

127 1946 168 1978 20
196 1932 484 1984 διάλεκτον
523 1929 910 2000 εἰργασμένων.
979 1932 1079 1998 τήν
1117 1951 1174 1984 τε
1211 1933 1502 1999 κοινότητα
1541 1931 1725 1984 διώκει
1764 1940 1875 1983 τῶν

196 2020 482 2087 ὀνομάτων
519 2017 609 2071 καὶ
648 2020 748 2086 τὴν
788 2021 1093 2087 σαφήνειαν
1125 2019 1293 2087 ἀσκεῖ,
1332 2021 1506 2088 πάσης
1536 2020 1875 2088 ὑπεριδοῦσα

317 2214 337 2250 1
366 2207 415 2251 τὸ
443 2222 603 2263 συγκρι
627 2208 677 2252 τὸ
704 2215 983 2265 συγκροῦσαι
1006 2209 1042 2251 Ρ
1134 2213 1162 2251 4
1192 2209 1364 2265 ταύτην
1388 2208 1472 2265 τὴν
1489 2209 1526 2251 Β
1611 2213 1635 2252 6
1661 2215 1876 2253 ποιοῦσιν

199 2266 273 2310 del
299 2266 479 2323 Krfiger
507 2269 511 2323 Ι
542 2265 925 2323 ἐγκολπιζομένην
950 2267 998 2310 Μ
1027 2267 1068 2310 ci
1093 2267 1389 2324 Sylburgius:
1424 2265 1813 2324 ἐγκαλπιζομένην
1838 2267 1876 2310 Β

199 2323 617 2381 ἐγκαλοπιζομένην
648 2326 684 2368 Ρ
747 2325 1201 2383 ἐγκαλλωπιζομένην
1233 2343 1262 2371 v
1383 2330 1408 2369 8
1445 2324 1878 2427 κάναληθεστέρανέ

198 2385 278 2427 καὶ
308 2383 625 2440 ἀληθεστέραν
650 2385 790 2428 ΜΒΡ
846 2387 927 2429 sed
958 2384 1339 2442 ἀναληθεστέραν
1364 2385 1413 2428 in
1437 2400 1516 2441 mg
1543 2386 1680 2428 rubro
1706 2385 1743 2427 B
1797 2401 1856 2428 κα

198 2441 546 2497 ἀναλθεστέραν
579 2443 942 2499 Capperonerius
998 2443 1025 2501 ἢ
1059 2442 1375 2501 ἀληθεστέραν
1406 2443 1643 2500 Kiessling
1678 2446 1683 2501 Ι
1718 2458 1764 2486 τε
1798 2443 1877 2487 καὶ

199 2501 273 2544 lae
290 2501 330 2543 X
355 2501 434 2544 litt
450 2502 497 2543 M
544 2517 589 2544 τε
614 2502 686 2544 lac
705 2502 811 2546 VIII
836 2503 914 2546 litt
938 2504 989 2558 B,
1022 2503 1095 2547 lac
1119 2503 1311 2547 XXXIII
1335 2503 1430 2547 fere
1455 2502 1534 2546 litt
1558 2503 1614 2546 P:
1641 2501 1878 2558 suppleuit

202 2559 408 2603 Sadaeus
439 2562 443 2616 Ι
471 2560 551 2604 καὶ
583 2563 691 2604 ante
716 2563 1040 2619 πανηγυρικὴν
1066 2577 1141 2606 om
1165 2563 1212 2606 M
1297 2566 1322 2604 9
1349 2561 1604 2618 ἐναγώνιον
1628 2561 1697 2616 Μ,
1723 2561 1759 2603 Β
1777 2576 1876 2616 mg:

203 2618 425 2675 ἐγκώνιον
460 2619 540 2661 ΒΡ
656 2624 710 2663 10
750 2620 939 2664 ἀπαιτεῖ
971 2621 1006 2663 Ρ
1123 2627 1173 2666 11
1216 2635 1335 2677 quae
1375 2622 1592 2664 secuntur
1630 2633 1776 2675 usque
1817 2620 1878 2662 ad

202 2692 234 2734 p
263 2681 360 2732 139,
387 2682 465 2732 21,
506 2678 667 2721 eadem
709 2681 894 2722 exstant
932 2681 1192 2735 paullulum
1230 2679 1414 2723 uariata
1452 2679 1502 2722 in
1541 2692 1597 2735 ep
1637 2679 1699 2722 ad
1733 2679 1879 2751 Pomp

203 2751 234 2792 p
262 2740 344 2779 758
363 2736 404 2778 R
423 2750 507 2791 sqq
533 2739 607 2792 (Δ)
714 2743 765 2780 12
799 2739 960 2795 μῖγμα]
994 2741 1158 2796 δεῖγμα
1190 2745 1232 2783 Δ
1325 2743 1377 2782 13
1409 2738 1578 2794 ὑψιλοῢ
1611 2738 1646 2780 Ρ
1741 2742 1795 2780 14
1827 2738 1878 2780 δε

204 2795 331 2838 ΒΡΔ
375 2797 380 2851 Ι
423 2793 697 2851 ἀμφοτέρων
723 2796 759 2838 Β
869 2803 921 2839 15
956 2795 1009 2841 οὗ
1043 2799 1077 2841 Ρ
1121 2801 1126 2856 Ι
1170 2798 1301 2856 ἰσχὴν
1325 2797 1407 2840 BP
1515 2802 1567 2840 17
1600 2812 1648 2840 τε
1681 2795 1767 2853 γὰρ
1801 2801 1880 2840 AV

326 2858 379 2897 18
413 2852 660 2910 ναγμάτων
685 2855 720 2897 Ρ
770 2854 988 2910 σωμάτων
1013 2863 1054 2900 Λ
1147 2862 1200 2900 19
1232 2856 1396 2913 ἥντινα
1430 2852 1514 2899 οὖν
1545 2854 1595 2898 in
1625 2853 1775 2911 ἡντιν’
1795 2851 1880 2899 οὖν

207 2926 308 2956 corr
340 2913 478 2956 rubro
504 2913 550 2955 M
594 2915 598 2968 Ι
642 2913 725 2969 τὴν
752 2920 812 2958 A:
848 2914 911 2965 εἰς
942 2915 1026 2971 τὴν
1050 2916 1189 2958 ΜΒΡ
1292 2920 1344 2958 21
1379 2915 1690 2969 ὑπεριδοῦσαν
1721 2914 1790 2957 Μ1
