1958 3192
716 141 1100 186 -ΧΧΧῙ-

67 280 159 336 καὶ
196 282 263 334 τὰ
293 278 719 376 ἀφυστερίζοντά
748 296 859 332 που
881 282 992 331 κτλ.
1023 277 1084 329 ie.
1116 275 1253 329 liber
1291 276 1354 328 de
1377 275 1754 329 Demosthene.

71 371 128 424 in
201 369 469 438 superiore
533 367 772 437 margine
830 366 916 419 uir
974 365 1160 418 doctus
1176 363 1195 394 ¹
1254 365 1384 417 haec
1455 364 1753 417 adnotavit:

70 457 179 512 Sic
217 460 299 510 est
335 456 526 509 titulus
566 456 622 508 in
661 454 888 524 epistola
926 454 992 507 ad
1022 452 1116 506 Cn.
1146 453 1478 522 Pompeium.
1539 471 1605 505 ex
1643 453 1752 505 fine

70 546 368 601 coniectum
417 548 521 614 est,
570 544 789 596 titulum
835 543 1000 596 fuisse
1044 540 1171 612 περὶ
1215 550 1311 611 τῆς
1350 541 1596 611 λεκτικῆς
1641 543 1752 595 δει-

70 637 295 703 νότητος
331 642 431 687 τοῦ
469 631 878 703 δημοσθένους,
930 631 1023 684 ubi
1062 631 1222 684 etiam
1269 630 1434 683 alium
1478 630 1753 699 promittit

70 721 196 793 περὶ
234 730 328 791 τῆς
357 729 744 792 πραγματικῆς.
843 720 899 772 id
946 720 1088 790 quod
1141 719 1303 772 etiam
1358 738 1423 772 ex
1477 719 1752 788 ἀνακεφα-

72 813 294 866 λαιώσει
333 810 620 880 colligitur,
660 828 794 879 quae
826 809 918 862 fol.
986 808 1162 878 posita
1200 811 1294 861 est.
1370 806 1434 860 In
1471 807 1609 861 libro
1643 807 1752 860 Du-

73 900 230 954 dithii
269 900 527 968 scriptum
569 902 664 967 est,
708 898 886 951 nescio
933 897 1082 950 cuius
1128 915 1315 949 manu:
1367 896 1751 967 Fragmentum

70 989 319 1058 Dionysii
363 987 758 1040 Halicarnassei
805 987 869 1038 de
907 985 1104 1039 Atticis
1142 985 1493 1055 Rhetoribus,‚
1547 1005 1641 1039 seu
1687 986 1754 1038 de

72 1077 261 1130 formis
300 1076 590 1129 orationis’.
667 1075 732 1127 ad
770 1076 931 1127 finem
969 1075 1057 1127 hic
1101 1074 1237 1127 liber
1287 1074 1498 1127 ducitur
1535 1075 1570 1127 f.
1615 1075 1751 1127 179Υ

75 1165 232 1236 (179v
270 1163 471 1235 uacat),
521 1163 762 1233 sequitur
798 1163 835 1215 f.
878 1163 1230 1216 mor—188*
1276 1166 1435 1232 caput
1481 1163 1545 1216 de
1583 1162 1753 1231 Isaeo,

74 1254 318 1322 deinceps
356 1253 392 1305 f.
435 1251 566 1304 1891
604 1252 651 1303 ‘e
691 1251 806 1303 uita
843 1251 1113 1304 Dinarchi.
1149 1250 1156 1322 Ι
1190 1251 1271 1304 De
1317 1251 1586 1320 hyperide.
1662 1272 1751 1306 πι-

75 1349 298 1395 στοῦται
352 1340 419 1394 οὐ
458 1338 574 1392 κατ’
645 1338 937 1409 ἐνθύμημα
981 1343 1092 1392 κτλ.
1156 1338 1230 1410 (p.
1277 1339 1408 1408 305,
1435 1339 1501 1392 15
1541 1340 1592 1392 h.
1633 1340 1754 1411 ed),

73 1429 297 1498 denique
335 1428 371 1480 f.
413 1427 761 1481 1902—206v
805 1428 1060 1480 iudicium
1100 1427 1164 1480 de
1203 1427 1512 1497 Thucydide
1559 1429 1681 1482 inde
1722 1449 1754 1481 a

70 1538 122 1589 p.
154 1517 276 1587 363,
298 1517 335 1569 4
374 1516 703 1585 ἐκδηλότατα
743 1513 828 1585 δὲ,
884 1535 989 1585 qua
1034 1516 1098 1569 de
1135 1535 1193 1569 re
1233 1517 1415 1569 statim
1454 1536 1504 1586 p.
1543 1517 1753 1570 XXXII

74 1607 292 1660 dicetur.

181 1695 386 1748 Eodem
440 1694 661 1748 consilio
715 1695 772 1747 in
817 1694 929 1747 cod.
975 1694 1265 1747 Parisiensi
1308 1695 1450 1747 1800
1497 1695 1660 1748 chart.
1713 1715 1752 1748 s,

20 1830 36 1858 .·
71 1783 202 1838 XVI
242 1782 332 1855 (C)
372 1783 629 1852 epistulae
668 1784 735 1836 ad
771 1783 1086 1852 Pompeium
1133 1787 1186 1836 et
1224 1784 1291 1836 ad
1327 1782 1646 1836 Ammaeum
1686 1804 1753 1837 ex

72 1873 232 1926 tertio
270 1872 527 1925 librorum
565 1890 757 1942 genere
795 1876 1038 1941 sumptae
1084 1875 1136 1925 et
1173 1872 1299 1924 libri
1346 1873 1409 1924 de
1449 1874 1753 1926 oratoribus

73 1961 306 2030 antiquis
329 1961 490 2030 primi
520 1961 890 2030 prohoemium
922 1979 1042 2014 cum
1073 1962 1261 2030 primis
1293 1961 1356 2014 de
1379 1961 1542 2030 Lysia
1572 1963 1754 2016 uerbis

75 2048 266 2119 (usque
304 2050 372 2102 ad
409 2069 458 2118 p.
492 2050 540 2119 8,
564 2048 622 2120 5)
663 2050 1061 2120 coniunguntur
1091 2050 1154 2103 ie.
1194 2068 1255 2102 ea
1286 2069 1419 2119 quae
1457 2055 1645 2120 postea
1683 2051 1753 2104 H.

16 2151 17 2154 ’
51 2135 375 2207 ,Stephanus
427 2138 631 2207 primus
685 2136 895 2191 edidit.²
981 2137 1124 2200 Quos
1172 2137 1492 2208 Sylburgius
1539 2140 1752 2193 demum

74 2225 265 2279 adiecit
312 2226 480 2279 libros
519 2227 582 2279 de
621 2227 980 2280 Demosthene
1027 2230 1080 2279 et
1126 2227 1189 2279 de
1228 2226 1537 2295 Thucydide
1587 2228 1752 2281 codex

73 2312 386 2368 Parisiensis
429 2315 570 2368 1745
621 2315 1016 2384 conprehendit.
1077 2315 1300 2368 Librum
1340 2317 1403 2369 de
1442 2316 1754 2385 Thucydide

77 2402 248 2455 solum
298 2404 462 2456 codex
501 2404 793 2457 Vaticanus
844 2404 985 2470 1000
1023 2404 1188 2457 chart.
1240 2423 1278 2457 s.
1317 2403 1447 2457 XVI
1496 2409 1550 2457 et
1587 2406 1752 2460 codex

76 2489 400 2544 Barberinus
439 2491 493 2544 II
525 2493 594 2545 98
635 2493 800 2545 chart.
841 2510 880 2544 s.
919 2492 1022 2545 XV
1062 2490 1161 2564 (‘?),
1207 2511 1364 2562 quem
1405 2492 1753 2548 Schenkelius

75 2577 111 2632 l.
149 2598 188 2632 s.
227 2600 276 2649 p.
316 2581 384 2632 27
420 2600 497 2650 sq.
537 2581 810 2649 describit,
864 2584 1086 2650 uterque
1125 2600 1230 2651 quo
1270 2580 1657 2636 Ambrosianus
1695 2584 1753 2636 M

76 2667 235 2722 titulo
267 2671 346 2722 ἔτι
376 2668 502 2738 περὶ
532 2670 880 2723 θουκυδίδου
903 2670 1243 2739 πλατύτερον
1273 2670 1602 2741 insignitum,
1634 2690 1754 2725 con-

197 2805 218 2841 1
252 2800 380 2842 Idem
413 2800 473 2842 ad
504 2799 696 2843 titulum
729 2799 948 2855 adposuit
981 2799 1177 2844 ‘Desunt
1206 2800 1390 2844 multa’.

194 2876 218 2914 2
250 2872 373 2915 Nam
412 2873 617 2929 epitoma
654 2873 879 2917 librorum
918 2874 975 2917 de
1006 2874 1271 2918 imitatione
1311 2888 1365 2918 ex
1399 2874 1491 2918 alio
1524 2874 1651 2918 fonte
1683 2889 1752 2918 re-

75 2945 279 2999 petenda
311 2948 422 2989 erat.
