1958 3192
805 143 1122 186 „xv—

122 285 332 338 iunctos
370 282 492 335 illos
525 281 653 334 olim
684 279 850 332 fuisse
874 278 1162 346 eodemque
1195 276 1376 329 ordine
1407 275 1613 344 positos
1643 275 1803 327 fidem

120 373 253 426 facit
291 371 433 441 quod
469 370 606 422 liber
645 369 707 421 de
746 366 1054 436 Thucydide
1093 365 1382 434 inscriptus
1429 366 1511 416 est
1559 366 1638 416 ἔτι
1678 362 1805 434 περὶ

121 461 472 514 θουκυδίὸου
532 458 888 527 πλατύτερον.
972 454 1064 507 sed
1107 453 1268 506 latuit
1322 455 1590 506 auctorem
1650 451 1805 503 illum

121 548 351 618 epistula
389 547 452 600 de
490 545 817 615 Thucydidis
856 543 1127 596 idiomatis
1174 541 1394 611 perinde
1419 543 1591 610 atque
1630 543 1807 593 cetera

122 655 256 707 quae
294 637 349 688 in
389 635 632 704 exemplo
671 632 959 686 Parisiensi
995 631 1263 701 leguntur.

230 723 482 793 Exempli
521 723 781 792 deperditi
825 721 1110 775 lectionem
1147 723 1208 772 ut
1239 719 1620 787 instauremus,
1673 717 1806 770 haec

123 813 430 884 apographa
459 815 670 882 praesto
703 814 850 863 sunt:
886 810 912 862 1
948 810 1113 863 codex
1135 807 1595 861 Ambrosianus
1627 806 1676 859 D
1698 806 1802 858 119

122 921 235 971 sup.
269 901 399 973 (M),
452 901 580 954 olim
621 898 839 970 Georgii
868 898 1105 952 Merulae
1136 897 1509 966 Alexandrini,
1556 895 1805 964 deinceps

123 990 443 1059 Hieronymi
482 988 664 1042 Calchi
702 986 1163 1041 Mediolanensis.1
1230 987 1287 1040 in
1325 986 1509 1039 charta
1547 985 1637 1038 ille
1675 985 1806 1037 leui-

124 1082 248 1148 gata
309 1079 438 1131 satis
493 1078 776 1148 diligenter
837 1095 896 1130 ac
948 1076 1116 1129 nitide
1170 1075 1399 1144 scriptus
1454 1077 1535 1127 est
1587 1075 1809 1127 ineunte

123 1166 332 1219 saeculo
370 1166 488 1220 XV.
527 1166 641 1219 eius
678 1165 1003 1235 praestantia
1041 1164 1142 1218 etsi
1172 1183 1280 1217 non
1317 1167 1468 1216 tanta
1506 1166 1588 1216 est
1625 1166 1686 1215 ut
1725 1180 1803 1215 ce-

122 1255 252 1306 teris
284 1254 606 1324 apographis
639 1272 813 1307 carere
843 1253 1126 1322 possimUS,
1164 1256 1342 1305 tamen
1381 1271 1443 1305 ea
1478 1252 1708 1304 maxime
1746 1270 1807 1303 re

123 1343 336 1412 eminet,
375 1342 517 1411 quod
553 1342 699 1395 locos
739 1341 970 1410 exempli
1005 1341 1216 1394 hiantes
1260 1341 1655 1394 accuratissime
1695 1358 1803 1392 om-

120 1431 271 1483 nium
311 1431 594 1500 expressit,
647 1430 937 1483 tenendum
982 1433 1163 1482 tamen
1213 1433 1294 1482 est
1347 1429 1627 1481 librarium
1681 1447 1802 1497 sup·

19 1508 26 1555 ἶ
119 1519 343 1588 plendae
366 1519 586 1572 lacunae
610 1519 874 1572 incertum
899 1518 1153 1571 maluisse
1177 1518 1531 1570 fenestrarum
1556 1517 1806 1586 amplitu-

123 1609 244 1661 dine
298 1626 514 1678 peccare
575 1627 735 1677 quam
798 1607 1094 1678 exiguitate
1149 1610 1242 1659 aut
1303 1606 1604 1659 omissione.
1695 1607 1807 1658 iota

122 1700 331 1749 mutum
384 1697 494 1750 fere
554 1715 819 1766 nusquam
881 1696 1163 1764 scribitur,
1226 1695 1386 1748 lectio
1452 1695 1662 1748 conlato
1725 1714 1805 1747 ar-

124 1785 350 1854 chetypo
406 1786 682 1838 emendata
741 1785 902 1838 rubro
963 1785 1018 1837 in
1075 1785 1315 1854 margine
1370 1784 1614 1836 adnotari
1667 1784 1809 1837 solet

125 1874 476 1944 similiterque
538 1874 857 1944 aliquotiens
927 1873 1129 1927 scholia
1194 1874 1594 1943 adscribuntur3
1663 1874 1805 1926 idem

124 1966 411 2032 corrector,
455 1967 517 2015 ut
571 1963 863 2016 sententiae
908 1963 1069 2015 finem
1116 1963 1395 2032 indicaret,
1445 1963 1805 2016 distinctionis

121 2054 278 2103 notae
332 2069 487 2120 saepe
535 2055 792 2121 punctum
846 2052 1007 2104 rubro
1062 2051 1323 2120 adposuit.
1398 2051 1582 2103 insunt
1634 2052 1690 2104 in
1741 2069 1803 2103 eo

120 2138 260 2192 libro
312 2140 348 2192 f.
385 2141 583 2192 1—421
620 2140 870 2209 Dionysii
917 2141 980 2193 de
1028 2141 1261 2210 antiquis
1316 2140 1617 2193 oratoribus
1666 2140 1805 2192 liber

122 2229 327 2296 primus
365 2229 400 2281 f.
432 2228 700 2282 42V-—51V
732 2229 990 2297 ἐπεστολή
1029 2229 1091 2281 ie.
1124 2229 1354 2298 epistula
1392 2230 1457 2281 ad
1487 2229 1804 2298 Pompeium

125 2315 409 2370 Geminum
469 2318 504 2370 f.
566 2317 831 2370 {HV—94r
889 2317 1025 2369 liber
1088 2317 1150 2370 de
1200 2317 1531 2387 Thucydide,
1585 2318 1640 2370 in
1696 2336 1803 2387 quo

124 2405 158 2457 f.
199 2407 290 2459 66Γ
328 2424 486 2458 uersu
525 2407 754 2459 secundo
794 2410 917 2476 post
954 2406 1118 2459 uerba
1157 2404 1288 2459 οὐδὲ
1326 2415 1432 2475 γῆν
1472 2393 1557 2475 φῧ
1583 2407 1675 2459 filo
1716 2407 1803 2459 ab·

36 2591 37 2594 ’
123 2579 151 2622 l.
180 2595 212 2623 s.
246 2595 289 2636 p.
316 2584 372 2624 43
399 2595 463 2636 sq.
496 2581 706 2625 iudicare
736 2581 888 2625 uideo.
953 2582 1226 2626 temerarius
1259 2581 1383 2626 enim
1405 2582 1521 2625 mihi
1553 2582 1729 2637 uidear,
1764 2583 1803 2625 si

38 2657 41 2661 “
124 2666 179 2696 ex
210 2667 400 2698 numero
430 2655 711 2712 paginarum
743 2669 863 2710 quae
902 2655 951 2699 in
982 2656 1290 2700 Ambrosiano
1329 2659 1504 2699 uacant
1543 2656 1599 2700 de
1638 2656 1801 2712 ampli-

122 2727 284 2771 tudine
315 2727 511 2772 lacunae
543 2729 856 2773 coniecturam
887 2730 1099 2787 ceperim.

244 2806 266 2844 l
299 2801 594 2859 praescripta
633 2803 784 2847 edidit
815 2803 1151 2848 Herwerdenus
1185 2805 1245 2847 ad
1269 2804 1401 2848 Dion.
1437 2803 1660 2861 epistolas
1701 2803 1800 2845 crit.

121 2875 217 2918 tres
246 2890 291 2931 p.
326 2875 367 2918 V
411 2878 458 2919 et
490 2876 695 2920 Sadaeus
736 2877 764 2921 1.
801 2892 833 2921 s.
868 2893 910 2933 p.
943 2882 1014 2922 42.
1076 2878 1212 2934 plura
1257 2879 1337 2933 qui
1384 2878 1440 2922 de
1481 2877 1638 2922 codice
1685 2876 1802 2919 scire

124 2948 294 3004 cupiet,
327 2949 467 2992 adeat
499 2950 667 2994 Sadaei
700 2951 1058 3008 descriptionem
1088 2966 1131 3007 p.
1165 2956 1351 2995 42—55.
