2004 3202
139 663 159 695 5

115 1106 157 1138 10

116 1548 157 1579 15

113 1990 156 2022 20

189 152 294 203 174
357 182 359 184 -
601 155 943 197 ΔΙΟΝΤΣΙΟΤ
973 155 1439 196 ΑΛΙΚΑΡΝΑΣΕΩΣ

183 289 360 341 πολλὰ
406 290 546 357 ἔχων
592 290 791 342 εἰπεῖν·
846 286 964 341 ἀλλ’
1006 288 1135 356 ὅσης
1187 288 1387 351 πάντες
1433 288 1592 358 ὁρᾶτε
1641 287 1864 358 ἐρημίας

185 376 570 446 ἐπειλημμένοι
636 376 726 429 καὶ
790 377 1244 444 Λακεδαιμονίων
1311 373 1412 445 μὲν
1481 376 1862 445 ἀπολωλότων,

188 464 462 534 Θηὶβαίων
500 465 548 518 δ’
588 465 837 534 ἀσχόλων
884 466 1079 532 ὄντων,
1125 474 1235 517 τῶν
1274 463 1322 517 δ’
1362 466 1545 518 ἄλλων
1585 465 1813 528 οὐδενὸς
1838 479 1951 518 1018

185 555 343 616 ὄντος
376 553 635 624 ἀξιόχρεω
667 552 791 622 περὶ
831 562 942 606 τῶν
971 556 1256 623 πρωτείων
1286 553 1421 622 ὑμῖν
1453 553 1700 623 ἀντᾶραι,
1741 552 1864 617 ἐξὸν

183 642 316 711 ἡμῖν
353 642 443 695 καὶ
482 645 546 695 τὰ
585 642 816 712 ἡμέτερα
852 641 1035 694 αὐτῶν
1066 641 1326 711 ἀσφαλῶς
1357 644 1503 711 ἔχειν
1533 641 1623 694 καὶ
1656 644 1720 695 τὰ
1753 652 1863 695 τῶν

185 733 366 784 ἄλλων
424 733 607 784 δίκαια
668 730 986 803 βραβεύειν,
1048 729 1461 800 ἀπεστερήμεθα
1522 727 1622 799 μὲν
1683 732 1862 801 χώρας

184 821 408 888 οἰκείας,
469 823 637 873 πλείω
693 818 744 871 δ’
790 819 822 887 ἢ
878 821 1025 888 χίλια
1082 818 1173 871 καὶ
1233 821 1563 872 πεντακόσια
1623 820 1861 872 τάλαντα

183 909 538 978 ἀνηλώκαμεν
591 910 668 970 εἰς
722 905 889 961 οὐδὲν
938 906 1085 976 δέον,
1141 907 1238 970 οὓς
1288 905 1350 960 δὲ
1405 907 1464 960 ἐν
1515 915 1589 979 τῷ
1642 907 1859 979 πολέμῳ

183 999 499 1066 συμμάχους
546 996 912 1068 ἐκτησάμεθα,
969 999 1187 1067 εἰρήνης
1234 997 1400 1065 οὔσης
1450 995 1862 1049 ἀπολωλέκασιν

184 1083 361 1153 οὗτοι,
403 1085 607 1155 ἐχθρὸν
646 1084 693 1138 δ’
728 1084 811 1154 ἐφ’
847 1085 986 1154 ἡμᾶς
1025 1085 1225 1148 αὐτοὺς
1264 1090 1590 1154 τηλικοῦτον
1628 1085 1861 1152 ἠσκήκα-

181 1195 294 1242 μεν.
364 1196 395 1242 η
436 1175 696 1280 φρασάτω
744 1194 826 1236 τις
875 1173 994 1243 ἐμοι
1039 1176 1354 1245 παρελθών,
1400 1176 1580 1227 πόθεν
1619 1175 1862 1226 άλλοθεν

183 1264 404 1332 ἰσχυρὸς
443 1262 671 1330 γέγονεν
709 1284 742 1331 η
781 1262 906 1332 παρ’
937 1262 1093 1332 ἡμῶν
1124 1262 1308 1316 αὐτῶν
1340 1263 1368 1316 ὁ
1399 1266 1693 1327 Φίλιππος;
1733 1261 1853 1315 ἀλλ’

181 1348 222 1403 ὦ
263 1360 363 1403 τᾶν
403 1353 450 1404 εἰ
488 1359 659 1404 ταῦτα
697 1352 938 1420 φαύλως,
978 1353 1043 1404 τά
1081 1371 1142 1419 γε
1184 1351 1243 1404 ἐν
1282 1351 1417 1421 αὐτῇ
1458 1359 1521 1422 τῇ
1560 1353 1715 1404 πόλει
1755 1359 1861 1403 νῦν

182 1442 409 1509 ἄμεινον
447 1442 570 1508 έ.χει
645 1439 735 1492 καὶ
775 1443 831 1492 τί
867 1439 937 1492 ἂν
976 1441 1150 1492 εἰπεῖν
1188 1460 1270 1502 τις
1309 1442 1424 1508 ἔχοι
1462 1441 1557 1501 τὰς
1597 1439 1859 1505 ἐπάλξεις,

183 1530 245 1591 ἃς
290 1538 585 1597 κονιῶμεν,
640 1527 731 1581 καὶ
777 1530 872 1590 τὰς
917 1528 1106 1596 ὁδούς,
1162 1528 1224 1590 ἃς
1271 1528 1714 1596 ἐπισκευάζομεν,
1767 1526 1857 1597 καὶ

178 1620 383 1687 κρήνας
428 1616 518 1670 καὶ
566 1618 788 1687 λήρους;
836 1615 1179 1684 ἀποβλέψατε
1218 1617 1285 1684 δὴ
1332 1617 1468 1686 πρὸς
1516 1619 1643 1678 τοὺς
1689 1624 1858 1669 ταῦτα

179 1705 663 1775 πολιτευομένους,
716 1701 793 1757 ὧν
841 1708 898 1757 οἳ
943 1702 1044 1774 μὲν
1091 1705 1148 1757 ἐκ
1193 1715 1423 1774 πτωχῶν
1469 1705 1725 1758 πλούσιοι
1771 1725 1857 1772 γε-

179 1797 427 1862 γόνασιν,
468 1797 524 1847 οἳ
556 1793 603 1846 δ’
630 1793 681 1857 ἐξ
716 1793 929 1857 ἀδόξων
961 1796 1187 1862 ἔντιμοι,
1227 1796 1366 1846 ἔνιοι
1398 1790 1459 1846 δὲ
1491 1795 1585 1856 τὰς
1619 1794 1626 1862 Ι
1663 1795 1806 1856 ἰδίας
1831 1807 1945 1846 1019

180 1884 355 1944 οἰκίας
402 1891 511 1935 τῶν
558 1884 837 1951 δημοσίων
881 1883 1330 1951 οἰκοδομημάτων
1378 1881 1704 1952 σεμνοτέρας
1749 1884 1855 1935 εἰσὶ

180 1970 685 2039 κατεσκευασμένοι,
718 1971 826 2042 ὅσῳ
860 1968 920 2023 δὲ
952 1972 1017 2023 τά
1048 1978 1143 2038 τῆς
1172 1973 1381 2033 πόλεως
1414 1970 1612 2024 ἐλάττω
1646 1970 1855 2039 γέγονε,

179 2061 420 2131 τοσούτῳ
460 2061 525 2112 τὰ
564 2060 775 2112 τούτων
814 2059 1053 2127 ηὔξηται.
1116 2063 1173 2111 τί
1208 2060 1274 2127 δὴ
1315 2060 1374 2111 τὸ
1415 2060 1638 2113 πάντων
1675 2065 1855 2113 αι”τιον

179 2149 412 2211 τούτων;
460 2146 549 2200 καὶ
596 2150 653 2200 τί
689 2149 756 2215 δή
802 2147 923 2200 ποτ’
956 2145 1100 2216 εἶχεν
1139 2149 1352 2200 ἅπαντα
1389 2153 1566 2210 καλῶς
1604 2150 1724 2201 τότε
1763 2147 1853 2201 καὶ

178 2245 283 2288 νῦν
323 2236 422 2288 οὐκ
463 2237 669 2305 ὀρθῶςς
710 2237 793 2289 ὅτι
832 2238 892 2288 τὸ
933 2233 1034 2305 μὲν
1071 2246 1290 2306 πρῶτον
1327 2235 1417 2288 καὶ
1458 2237 1854 2303 στρατεύεσθαι

177 2330 394 2393 τολμῶν
440 2324 602 2386 αὐτὸς
649 2324 677 2376 ὁ
727 2326 896 2393 δῆμος
944 2327 1209 2393 δεσπότης
1259 2334 1368 2377 τῶν
1413 2325 1854 2394 πολιτευομένων

299 2548 319 2583 1
356 2540 481 2584 πόλλ’
513 2540 572 2586 ἂν
604 2542 643 2583 D
687 2545 691 2598 Ι
735 2542 937 2594 ἅπαντες
968 2543 1007 2586 D
1129 2549 1156 2587 4
1197 2542 1301 2596 ἐξὸν
1334 2541 1379 2586 δ’
1408 2557 1437 2586 v
1559 2547 1583 2585 6
1617 2541 1852 2598 ἐτηστερή-

179 2603 302 2655 μεθα
343 2600 402 2642 Βι
441 2600 489 2642 in
527 2616 606 2657 mg
737 2606 759 2644 7
801 2601 919 2646 πλέω
951 2603 987 2645 Ρ
1117 2607 1142 2645 8
1182 2601 1227 2646 δ’
1263 2602 1341 2645 VD
1472 2605 1526 2643 10
1565 2601 1850 2673 ἠσκήκαμεν]

179 2659 443 2714 κάσήσαμεν
482 2659 518 2702 Β
581 2674 783 2715 σηκαιιεν
831 2661 993 2705 addito
1037 2679 1064 2705 κ
1111 2675 1249 2717 super
1287 2675 1312 2703 6
1350 2661 1386 2702 Ρ
1537 2664 1591 2701 12
1611 2657 1849 2732 γέγονεν]

179 2716 671 2774 γέννενΡΙὸοωΙ)
765 2716 1440 2793 13ὦτ’ἂνἭΜΙγάγεΒΡ
1491 2716 1730 2774 τοίγ’νΙ)

181 2781 234 2819 14
266 2775 326 2820 ἂν
350 2776 489 2820 DM2:
523 2777 580 2832 δὴ
614 2777 812 2821 ΜῙΒΡν
907 2784 959 2822 15
990 2779 1118 2835 prius
1151 2778 1226 2836 ἃς]
1259 2777 1318 2828 ὣς
1341 2777 1377 2819 Β
1471 2781 1524 2819 16
1558 2777 1753 2832 κλήρους
1776 2778 1850 2821 Pv

299 2840 350 2878 17
384 2831 467 2892 ὧν]
501 2836 560 2886 ὡς
590 2836 664 2878 Pv
757 2842 809 2878 19
844 2837 1166 2910 οἰκομημάτων
1190 2839 1225 2880 Ρ
1327 2841 1382 2879 ‘20
1413 2834 1746 2891 κατευασμένοι
1777 2837 1812 2879 Ρ
1841 2837 1847 2895 Ι

179 2894 348 2939 ἐλάσσω
366 2894 541 2938 MBPv
634 2900 686 2937 21
714 2895 897 2951 ευξηται
916 2897 950 2938 Ρ
1042 2902 1095 2940 22
1122 2895 1151 2939 ἃ
1176 2894 1363 2940 πάντων
1389 2894 1573 2939 άπαντα
1591 2895 1627 2936 Β
1662 2894 1848 2939 άπαντα

179 2950 270 3012 εἶχε
301 2954 340 2996 D

1983 1847 2004 2048 ἕἱ

1981 2086 1989 2185 ἐ
