2004 3202
69 1219 90 1257 1

0 1086 10 1143 ,ε

0 1193 11 1275 Ξ

0 1278 20 1458 ,ἓ

0 1548 14 1567 ³.

7 2444 14 2456 ·
11 2383 27 2406 ι,
7 2296 19 2345 ν»-
0 1804 28 2272 άμὛω-σηηὲηψήῆω

54 1158 99 1190 fr.

242 657 460 716 LIBRI
497 656 556 716 II
603 656 707 716 DE
757 656 1133 726 ANTIQVIS
1181 656 1676 717 ORATORIBVS

743 775 1175 845 RELIQVIAE

670 998 758 1045 DE
799 997 1251 1047 DEMOSTHENE

955 1109 976 1152 Ι

235 1200 502 1253 ΤΖΕΤΖΑΕ
551 1200 791 1254 scholion
838 1201 893 1253 in
941 1200 1176 1254 Crameri
1224 1201 1401 1253 anecd.
1441 1199 1609 1253 Oxon.
1648 1199 1797 1254 12.OE

125 1310 173 1358 p.
207 1290 329 1357 367,
365 1289 394 1340 7
435 1290 737 1352 Διονύσιος
775 1289 804 1343 ὁ
837 1288 1293 1359 Ἁλικαρνασσεὺς
1332 1292 1524 1359 φησίν·
1568 1290 1798 1358 ἁγνεύ-

124 1398 262 1432 εται
299 1379 367 1430 τὸ
407 1380 609 1446 στόμα
647 1384 730 1449 τῷ
769 1377 1200 1446 Δημοσθένει.

243 1478 480 1522 sublatum
510 1478 709 1522 fortasse
742 1492 798 1522 ex
829 1477 946 1534 loco,
978 1478 1061 1522 ubi
1088 1478 1415 1523 Demosthenis
1447 1474 1568 1536 ἦθος
1600 1481 1647 1523 et
1676 1479 1796 1523 ueri-

124 1553 238 1598 tatis
271 1553 478 1597 studium
509 1552 815 1596 tractabatur.

732 1737 821 1784 DE
860 1736 1151 1785 AESCHJN
1155 1737 1193 1784 E

925 1848 997 1891 Π*

238 1938 535 1990 SCHOLION
582 1936 860 1990 Aeschinis
909 1957 982 1991 or.
1014 1938 1095 1992 HI
1130 1941 1157 1990 1
1208 1941 1309 2008 τὴν
1352 1938 1652 2010 παράταξιν
1699 1941 1797 2009 ὅση

127 2026 410 2094 γεγένηται
441 2046 490 2095 p.
517 2026 623 2079 315
643 2025 762 2078 Sch.
796 2028 946 2080 δοκεῖ
977 2024 1038 2080 δὲ
1069 2029 1472 2097 τραγικώτερον
1497 2034 1798 2097 κεχρῆσθαι

127 2115 300 2177 εὐθὺς
355 2114 415 2167 ἐν
460 2114 597 2185 ἀρχῇ
645 2123 707 2185 τῇ
755 2122 1059 2186 μεταφορᾷ,
1112 2117 1539 2185 πολιτικώτερον
1584 2114 1644 2169 δὲ
1689 2117 1797 2170 ὑπὸ

128 2202 529 2272 Δημοσθένους
561 2205 815 2274 εἰρῆσθαι
847 2205 907 2256 τὸ
941 2204 1072 2256 αὐτὸ
1106 2206 1283 2273 νόημα
1314 2204 1375 2256 ἐν
1405 2211 1480 2275 τῷ
1511 2212 1604 2272 τῆς
1626 2224 1798 2276 παρα-

126 2295 414 2362 πρεσβείας
453 2292 626 2354 εὐθὺς
666 2291 726 2344 ἐν
765 2291 919 2362 ἀρχῇ,
960 2295 1086 2360 ἔχον
1117 2292 1290 2355 οὕτως
1322 2293 1440 2361 (ὅση
1472 2292 1590 2362 μέν,
1629 2291 1671 2347 ὦ
1705 2296 1798 2346 ἄν-

129 2381 253 2450 δρες
283 2379 589 2449 Ἀθηναῖοι,
630 2381 841 2447 σπουδὴ
881 2379 970 2432 καὶ
1001 2384 1338 2450 παραγγελία
1369 2381 1580 2449 γε’γονε’
1612 2380 1700 2434 καὶ
1733 2384 1798 2435 τὰ

128 2467 260 2537 ἑξῆς-

238 2561 610 2628 argumentum
651 2577 725 2610 or.
758 2556 836 2609 III
876 2577 925 2626 p.
957 2557 1063 2610 352
1080 2557 1142 2610 R.
1190 2557 1458 2627 μέμψαιτο
1506 2557 1554 2610 δ’
1602 2561 1671 2611 ἄν
1717 2581 1798 2622 τις

129 2646 189 2698 τὸ
234 2649 529 2715 προοίμιον
575 2647 647 2708 ὡς
692 2646 954 2715 τραγικὸν
998 2645 1086 2699 καὶ
1133 2648 1388 2715 περιττὸν
1432 2646 1521 2700 καὶ
1562 2647 1796 2720 ἐπιλόγῳ

129 2739 338 2801 μᾶλλον
377 2734 566 2797 ἐοικός.

239 2822 480 2875 scholion
518 2823 644 2875 ibid.
676 2842 726 2891 p.
752 2823 858 2875 353
875 2821 938 2874 R.
978 2823 1078 2892 ὅρα
1117 2821 1177 2876 δὲ
1208 2834 1322 2886 πῶς
1355 2823 1674 2892 ἐπιλογικῶς
1705 2827 1798 2895 ἤρ-

131 2907 255 2971 ξατο
288 2910 392 2963 ἀπὸ
417 2914 743 2981 συνηγόρων
768 2910 1017 2979 ἐκβολῆς,
1049 2913 1223 2981 ὥςπερ
1248 2911 1338 2964 καὶ
1364 2912 1392 2965 ὁ
1418 2912 1796 2981 Δημοσθένης.
