2004 3202
186 133 257 185 84
605 130 946 175 ΔΙΟΝΥΣΙΟΤ
977 126 1445 172 ΑΛΙΚΑΡΝΑΣΕΩΣ

178 535 564 601 φροντίζομεν·
618 531 679 582 ἓν
726 530 829 597 γὰρ
877 526 1209 589 ἀκούσαντες
1253 527 1538 594 γνώσεσθε
1590 523 1680 579 καὶ
1730 524 1855 596 περὶ

134 644 151 670 s.
177 630 287 673 τῶν
318 621 520 673 ἄλλων
554 620 626 681 ὡς
656 618 905 671 θανάτου
936 622 1032 683 τῆς
1063 617 1250 683 ζημίας
1282 614 1638 684 ἐπικειμένης,
1670 616 1741 683 ἤν
1774 634 1857 677 τις

112 1083 153 1112 1‘)

178 708 291 780 ἁλῷ
344 709 604 774 δεκάζων,
662 707 669 775 Ι
724 707 853 767 τοὺς
907 711 1068 756 τοῦτο
1127 704 1485 774 φανερώτατα
1536 710 1834 766 ποιοῦντας
1859 717 1950 757 575·

177 798 511 866 στρατηγοὺς
534 798 958 864 χειροτονοῦμεν
980 789 1071 844 καὶ
1096 792 1195 844 τὸν
1216 795 1506 855 πλείστους
1531 793 1855 862 διαφθεῖραι

176 883 489 952 δυνηθέντα
535 892 645 935 τῶν
688 886 930 934 πολιτῶν
975 887 1179 933 τοῦτον
1222 878 1308 932 ἐπὶ
1354 881 1420 933 τὰ
1470 879 1697 949 μέγιστα
1744 889 1856 933 τῶν

175 973 506 1042 πραγμάτων
566 973 917 1038 καθίσταμεν.
1003 969 1403 1033 σπουδάζοντες
1456 965 1518 1021 δὲ
1569 967 1694 1038 περὶ
1755 970 1855 1037 τὴν

175 1063 456 1113 πολιτείαν
503 1058 602 1128 οὐχ
654 1054 819 1126 ἧττον
865 1056 899 1126 ἢ
945 1055 1071 1128 περὶ
1118 1057 1219 1125 τὴν
1267 1060 1542 1127 σωτηρίαν
1588 1057 1718 1125 ὅλης
1761 1065 1856 1125 τῆς

174 1150 381 1210 πόλεως
441 1145 531 1199 καὶ
592 1147 694 1215 τὴν
754 1145 1129 1216 δημοκρατίαν
1190 1147 1395 1208 εἰδότες
1457 1144 1518 1198 ἐν
1578 1142 1679 1214 μὲν
1738 1153 1856 1208 ταῖς

174 1235 422 1305 ἡσυχίαις
459 1234 549 1288 καὶ
588 1243 708 1297 ταῖς
743 1234 1068 1304 ἀσφαλείαις
1098 1232 1406 1303 αὐξομένην
1443 1232 1533 1286 καὶ
1566 1232 1856 1303 διαμένον·

175 1339 292 1392 σαν,
334 1323 394 1376 ἐν
432 1321 492 1376 δὲ
532 1331 648 1386 τοῖς
685 1322 946 1392 πολέμοις
985 1320 1072 1385 δὶς
1109 1323 1214 1391 ἤδη
1253 1327 1679 1391 καταλυθεῖσαν,
1718 1323 1855 1393 πρὸς

173 1410 273 1481 μὲν
309 1414 438 1474 τοὺς
476 1419 570 1480 τῆς
610 1413 830 1481 εἰρήνης
863 1410 1275 1480 ἐπιθυμοῦντας
1307 1411 1380 1473 ὡς
1410 1411 1548 1480 πρὸς
1579 1410 1855 1481 ὀλιγαρχι-

133 1503 305 1563 .’»κοὺς
358 1503 519 1562 ὄντας
572 1501 854 1562 δυσκόλως
907 1501 1127 1568 ἔχομεν,
1181 1500 1310 1561 τοὺς
1357 1495 1418 1551 δὲ
1463 1499 1562 1551 τὸν
1613 1502 1855 1568 πόλεμον
1906 1532 1909 1534 -

174 1589 495 1657 ἀγαπῶντας
549 1589 621 1650 ὡς
678 1595 773 1656 τῆς
834 1589 1202 1657 δημοκρατίας
1260 1586 1598 1657 κηδομένους
1658 1589 1855 1650 εὔνους

174 1674 316 1730 εἶναι
347 1680 649 1746 νομίζομεν.
714 1676 1091 1747 ἐμπειρότατοι
1117 1672 1178 1729 δὲ
1201 1677 1384 1744 λόγων
1405 1674 1496 1728 καὶ
1521 1677 1855 1746 πραγμάτων

175 1766 328 1827 ὄντες
367 1765 539 1828 οὕτως
577 1765 878 1833 ἀλογίστως
917 1767 1136 1834 ἔχομεν,
1183 1765 1321 1817 ὥστε
1358 1763 1483 1834 περὶ
1523 1773 1635 1817 τῶν
1673 1764 1855 1817 αὐτῶν

175 1861 268 1921 τῆς
322 1853 486 1921 αὐτῆς
539 1853 740 1923 ἡμέρας
783 1853 869 1907 ὀὐ
933 1853 1102 1906 ταύτὰ
1163 1853 1537 1922 γινώσκομεν,
1604 1851 1722 1906 ἀλλ’
1776 1847 1855 1906 ὧν

108 1963 129 1992 2
173 1938 307 2009 πρὶν
345 1942 421 2003 εἰς
459 1942 559 2010 τὴν
595 1941 884 2010 ἐκκλησίαν
916 1941 1186 2010 ἀναβῆναι
1217 1949 1646 2011 κατηγοροῦμεν,
1684 1948 1855 1993 ταῦτα

288 2163 316 2202 4
348 2158 491 2203 uerba.
516 2159 665 2203 ἓν-6
690 2158 895 2213 δεκάζων
922 2159 1090 2204 desunt
1113 2161 1163 2203 in
1186 2159 1234 2202 M
1259 2158 1413 2216 spatio
1439 2159 1565 2203 circa
1591 2158 1718 2202 XXV
1741 2157 1776 2201 11
1801 2161 1850 2202 eb

173 2216 306 2260 unius
332 2232 490 2261 uersus
516 2218 685 2275 integri
710 2218 743 2275 (i
764 2232 788 2263 e
813 2218 1142 2262 XLIII—XLV
1157 2218 1209 2275 ll)
1242 2218 1422 2274 relicto,
1446 2217 1561 2262 item
1586 2217 1622 2260 B
1647 2227 1847 2262 uacuum

172 2275 316 2320 habet
345 2277 486 2320 trium
516 2291 732 2321 uersuum
763 2278 980 2334 spaffium,
1014 2277 1183 2322 deinde
1214 2277 1264 2320 in
1295 2292 1374 2334 mg
1406 2276 1516 2322 ὅσον
1550 2273 1703 2332 οἱμὲν
1727 2274 1845 2331 ὑπὲρ

173 2335 338 2391 ταύτης
370 2334 670 2391 φροντίζομεν
701 2335 784 2381 ἐὰν
816 2336 902 2392 γὰρ
934 2337 1218 2388 ἀκούσαντες
1241 2337 1496 2393 γνούσεσθε
1521 2335 1602 2380 καὶ
1626 2334 1732 2390 περὶ
1756 2342 1848 2379 τῶν

175 2392 333 2436 ἄλλων.
388 2393 498 2437 ὥστε
529 2394 743 2439 θανάτου
774 2402 854 2451 τῆς
885 2394 1046 2452 ζημίας
1078 2393 1369 2452 ἐπικειμένης
1401 2393 1450 2438 εἴ
1472 2410 1541 2445 τις
1572 2393 1666 2452 ἁλῷ
1691 2391 1742 2438 δὲ
1768 2394 1848 2438 καὶ

174 2453 260 2503 ζῶν
291 2452 397 2502 τοὺς
433 2459 567 2496 τοῦτο
608 2455 911 2509 φανερώτατα
950 2461 1202 2506 ποιοῦντας
1243 2457 1248 2511 Ι
1293 2453 1362 2512 ἓν]
1396 2452 1480 2498 ἐὰν
1511 2452 1639 2496 FPB
1731 2453 1848 2509 γνώ-

176 2513 318 2566 σησθε
352 2510 384 2551 F
477 2516 502 2553 5
534 2511 681 2555 ἄλλων
712 2512 746 2554 F
779 2527 938 2557 rasura
979 2527 1118 2570 supra
1149 2531 1184 2558 ω
1215 2513 1343 2558 facta
1377 2514 1383 2569 Ι
1418 2512 1497 2569 ὡς]
1531 2509 1643 2555 ὥστε
1720 2511 1803 2554 ΒΡ
1840 2512 1845 2570 3

174 2567 233 2624 ἢν
260 2569 324 2612 Is:
358 2569 398 2612 εἰ
424 2569 502 2611 ΡΒ
551 2569 634 2614 ἐὰν
659 2570 691 2612 F
784 2576 808 2613 6
842 2571 1045 2625 δεκάζων
1069 2572 1133 2618 Is:
1159 2569 1211 2616 δὲ
1235 2571 1315 2617 καὶ
1340 2573 1426 2624 ζῶν
1452 2570 1579 2613 FBP
1606 2571 1612 2627 Ι
1640 2570 1719 2614 καὶ
1743 2571 1849 2621 τοὺς

177 2626 270 2670 ΜΒ
303 2627 351 2670 in
383 2631 527 2683 textu,
554 2629 587 2671 P
680 2634 703 2671 7
737 2638 1088 2687 χειροτονοῦμεν
1119 2631 1169 2674 Μ
1201 2630 1281 2675 sed
1314 2637 1368 2674 οῦ
1402 2642 1458 2673 ex
1490 2631 1767 2684 correctura,
1801 2632 1853 2673 ut

176 2686 364 2729 uidetur
390 2687 396 2741 Ι
423 2687 501 2729 καὶ
525 2694 615 2731 τῶν
636 2686 693 2729 F¹
784 2692 810 2731 8
834 2696 925 2733 τῶν
948 2693 1146 2735 πολιτῶν
1170 2686 1439 2745 δυνηθέντα
1464 2687 1507 2731 Is
1536 2690 1542 2743 Ι
1568 2694 1780 2732 τοιοῦτον
1803 2688 1852 2731 Μ

298 2750 348 2788 11
382 2744 722 2800 δημοκρατείαν
747 2745 838 2789 FM
881 2746 1241 2808 δημοκρατ[ί]αν
1265 2749 1301 2791 Ρ
1325 2761 1430 2790 cum
1453 2759 1528 2790 ras
1623 2751 1676 2790 12
1709 2746 1852 2799 αὐξα-

178 2800 378 2859 νομένην
419 2804 461 2847 Is
591 2810 643 2848 16
683 2806 979 2864 ἀγαπῶντας]
1020 2815 1271 2857 ποιοῦντας
1308 2805 1385 2850 uel
1424 2804 1734 2861 ἐμποιοῦντας
1763 2805 1807 2850 Is
1846 2806 1848 2851 ἶ

178 2861 514 2918 δημοκρατείας
545 2862 679 2906 FMP
772 2868 825 2906 19
859 2866 912 2908 οὐ
945 2866 1040 2910 add
1070 2866 1130 2908 F²
1160 2866 1210 2909 in
1238 2865 1328 2909 fine
1360 2877 1521 2908 uersus
1557 2866 1564 2921 Ι
1599 2862 1762 2922 ταύτὰ]
1797 2861 1850 2909 οὗ

175 2921 233 2964 τὰ
265 2921 323 2963 F1
350 2924 356 2979 Ι
385 2923 694 2978 γιγνώσκομεν
726 2922 767 2965 Is
797 2925 802 2978 Ι
831 2918 895 2967 ὧν
926 2922 1008 2979 μὲν
1041 2925 1083 2968 Is
1175 2928 1231 2968 20
1263 2923 1413 2981 π[ρὶν]
1446 2937 1553 2966 cum
1583 2926 1658 2966 raJs
1683 2922 1743 2966 F²
