1958 3192
785 137 1125 181 —XIX—

119 292 219 345 ego
259 274 387 328 olim
426 275 482 326 in
519 273 850 327 Fleckeiseni
889 272 1066 326 annali
1107 273 1248 326 1873
1287 291 1337 342 p.
1374 273 1477 325 149
1518 273 1643 343 dixi,
1681 277 1796 326 tum

12 351 15 354 ‚
118 363 465 417 Schenkelius
518 362 552 415 l.
601 381 639 415 S.
693 382 743 431 p.
793 361 863 415 29
919 362 1317 415 demonstrauit.
1421 362 1683 431 discrepat
1736 381 1797 415 eo

116 453 259 522 quod
312 451 494 505 iudicii
545 451 608 504 de
661 450 995 526 Thucydide,
1056 450 1204 503 cuius
1258 450 1467 502 initium
1527 451 1604 502 ibi
1655 468 1797 508 nunc

115 560 164 611 p.
205 541 327 611 347,
351 541 388 592 4
433 559 464 592 a
507 540 702 593 litteris
750 538 971 609 ξάμενοι
1015 539 1100 609 fit,
1155 539 1683 608 quaternio'primus
1731 540 1796 591 si-

116 629 331 699 mulque
370 629 416 681 is
456 629 732 698 quaternio
775 628 867 698 qui
913 628 1072 680 finem
1110 627 1271 680 huius
1323 630 1374 679 et
1412 627 1626 680 initium
1670 627 1797 680 libri

116 719 182 771 de
221 717 580 771 Demosthene
619 716 1067 786 complectebatur
1106 716 1310 785 desunt,
1350 716 1414 768 cf.
1448 715 1795 769 Schenkelius

114 825 163 876 p.
213 806 297 859 30.
388 804 649 875 Dionysio
705 805 1041 859 subiciuntur
1088 804 1299 858 Aeliani
1353 805 1502 857 uaria
1554 805 1794 874 historia,

115 898 361 963 excerpta
405 894 717 947 Heraclidae
767 894 976 947 Pontici
1023 911 1156 963 quae
1201 896 1484 962 uocantur,
1534 893 1793 962 epistulae

114 983 430 1036 Philostrati
469 983 787 1052 quindecim,
827 981 1212 1051 Theophylacti
1256 982 1403 1034 duae.

227 1071 259 1123 3
294 1070 470 1124 Codex
501 1071 897 1123 Parisiensis
928 1070 1296 1139 bybliothecae
1328 1070 1526 1123 nation.
1553 1087 1629 1140 gr.
1653 1071 1795 1124 1742

120 1160 283 1214 chart.
323 1160 532 1213 saeculo
570 1158 672 1212 XV
724 1162 947 1212 exeunte
993 1163 1084 1212 aut
1128 1157 1258 1212 XVI
1301 1159 1516 1211 ineunte
1565 1160 1794 1228 scriptus

114 1247 206 1319 (B)
240 1248 474 1301 continet
505 1248 700 1299 amisso
733 1250 911 1300 tamen
943 1247 1139 1300 iudicio
1173 1247 1235 1299 de
1267 1246 1575 1316 Thucydide
1607 1249 1790 1301 eadem

114 1337 296 1390 eodem
336 1336 518 1388 ordine
558 1353 691 1404 quae
723 1334 1124 1388 Ambrosianus
1181 1335 1385 1388 duabus
1426 1340 1635 1389 constat
1674 1356 1792 1406 par-

23 1442 29 1450 ·
114 1426 258 1478 tibus
296 1424 450 1477 ualde
489 1423 727 1476 diuersis
811 1423 1009 1476 librum
1048 1423 1074 1476 I
1114 1424 1176 1476 de
1217 1424 1452 1492 antiquis
1492 1426 1793 1478 oratoribus

16 1504 18 1506 ¹
112 1514 172 1584 (f.
214 1511 287 1584 1¹)
327 1516 382 1566 et
418 1511 702 1581 epistulam
742 1512 809 1564 ad
846 1511 1160 1581 Pompeium
1200 1509 1259 1583 (f.
1298 1511 1590 1583 49v—601)
1629 1532 1791 1568 manu

31 1652 34 1653 γ
112 1606 252 1655 tersa
277 1619 335 1654 ac
359 1601 528 1654 nitida
557 1601 807 1653 librarius
840 1601 968 1653 satis
1002 1601 1228 1670 diligens
1261 1601 1489 1670 scripsit,
1521 1601 1790 1655 fasciculis

19 2156 53 2844 &mmm-cv
20 2054 38 2125 s>
18 1772 42 2021 was-«mn..-

114 1708 240 1743 usus
281 1708 405 1763 sane
443 1708 550 1742 non
587 1690 822 1742 usitatis:
873 1689 1116 1742 seniones
1163 1689 1295 1742 duos
1335 1688 1564 1761 (1—24)
1606 1691 1788 1759 quinio

112 1779 310 1847 excipit
363 1782 415 1831 et
470 1779 746 1848 quaternio
801 1796 908 1830 uno
962 1777 1091 1831 folio
1147 1779 1453 1831 decurtatus
1508 1777 1792 1851 (35—41),

114 1871 363 1920 secuntur
415 1867 519 1919 duo
575 1867 816 1920 seniones
869 1864 1159 1938 (42-65)3
1219 1870 1343 1936 post
1403 1867 1437 1918 f.
1479 1866 1579 1936 60,
1641 1868 1789 1920 cuius

114 1956 300 2025 quinto
355 1973 512 2008 uersu
565 1958 744 2008 textus
798 1955 1005 2024 finitur,
1059 1956 1292 2024 quinque
1343 1955 1474 2008 folia
1526 1956 1790 2026 scriptura

111 2048 315 2097 uacant.
401 2043 620 2097 alteram
680 2047 885 2113 partem
948 2044 1121 2096 scriba
1181 2043 1328 2096 rudis
1390 2062 1549 2112 scopa
1607 2046 1788 2114 potius

111 2150 269 2202 quam
309 2132 510 2186 calamo
548 2132 788 2185 exarauit
826 2133 976 2202 isque
1015 2135 1125 2184 tam
1163 2132 1527 2202 neglegenter,
1565 2137 1626 2185 ut
1663 2153 1789 2185 nau-
1867 2164 1871 2167 ·

112 2239 252 2274 seam
291 2221 452 2274 faciat
488 2221 731 2274 lectionis
771 2220 1177 2289 discrepantiam
1227 2223 1280 2272 et
1333 2221 1570 2273 enotanti
1610 2225 1662 2273 et
1702 2222 1788 2274 ad-

111 2310 330 2363 notanti.
385 2310 622 2362 continet
659 2329 721 2362 ea
759 2309 956 2362 librum
997 2309 1059 2362 de
1090 2309 1450 2362 Demosthene
1490 2309 1523 2361 f.
1550 2309 1654 2379 66¹3
1693 2311 1786 2363 ubi

113 2399 271 2467 primi
311 2401 563 2467 quattuor
607 2416 795 2451 uersus
842 2397 1104 2466 scriptura
1148 2401 1361 2467 uacant,
1415 2397 1471 2449 in
1517 2399 1787 2467 superiore

110 2487 347 2556 margine
386 2486 551 2538 minio
591 2486 849 2555 scriptum
883 2489 964 2538 est
1000 2487 1348 2539 θουκυδίδου
1390 2488 1654 2555 ἔκφρασις
1691 2495 1787 2556 τῆς

111 2576 345 2638 στάσεως
383 2581 495 2627 τῶν
532 2576 900 2645 κερκυραίων,
948 2577 1001 2626 et
1039 2574 1321 2642 epistulam
1362 2574 1428 2626 ad
1465 2573 1782 2650 Ammaeum

110 2667 420 2733 argumento
460 2663 793 2716 coniunctam
832 2662 867 2713 f.
911 2662 1273 2732 128v—135V,
1314 2681 1447 2732 quae
1486 2663 1780 2715 ternionem

110 2755 163 2803 et
215 2755 335 2804 octo
391 2751 763 2820 quaterniones
820 2748 1034 2821 (β’-ι’,
1087 2750 1337 2803 nimirum
1380 2749 1419 2815 ζ’
1459 2751 1533 2802 ibi
1574 2754 1782 2803 sextum

113 2838 332 2910 indicat)
373 2839 624 2891 efficiunt.
680 2842 916 2891 extrema
947 2838 1204 2907 epistulae
1243 2857 1364 2907 pars
1398 2857 1516 2891 cum
1557 2839 1797 2891 interiis-·

36 2926 44 2978 ἶ
111 2929 204 2994 set,
243 2927 401 2978 tertia
437 2945 624 2979 manus
663 2945 794 2979 saec.
820 2925 950 2978 XVI
990 2927 1118 2978 satis
1150 2927 1319 2979 nitida
1358 2927 1619 2979 defectum
1661 2945 1778 2994 sup-

23 3038 50 3192 ἐ

1452 3025 1515 3067 b*
