2004 3202
147 120 251 172 134
567 122 907 165 AIONTEIOT
938 120 1404 162 ΑΑ1ΚΑΡΝΑΣΕΩΣ

139 263 378 325 παροῦσι
416 254 506 308 καὶ
547 259 789 324 νομίζειν
828 257 972 323 ἔχειν
1009 273 1061 306 τι
1100 261 1372 322 τοιοῦτον,
1419 254 1491 316 ὡς
1529 251 1701 322 μηδὲν
1739 255 1818 307 ἔτι

141 352 395 396 τοιοῦτον
434 346 610 408 ἔσται;
665 353 883 413 πρῶτον
921 339 1021 411 μὲν
1061 336 1164 394 οὗν
1209 343 1338 403 τοὺς
1384 340 1820 411 διαφερομένους

140 433 278 501 πρὸς
317 431 589 500 ἀλλήλους
627 431 716 484 καὶ
756 441 864 484 τῶν
905 430 1153 499 ῥητόρων
1190 428 1281 482 καὶ
1319 439 1430 483 τῶν
1469 431 1653 483 ἄλλων
1687 430 1819 484 ἀπο-

141 502 298 583 δείξω
333 540 393 587 γε
428 522 575 590 παρὰ
607 523 775 587 λόγον
806 520 1151 580 πεπονθότας
1188 519 1326 588 πρὸς
1357 518 1645 588 ἀλλήλους,
1687 519 1818 589 ὅπερ

97 623 118 656 5
140 607 348 677 ἀνάγκη
411 611 539 671 τοὺς
601 611 734 661 ἄνευ
794 608 1013 676 γνώμης
1074 611 1500 675 φιλονικοῦντας
1563 609 1818 676 πάσχειν·

140 698 382 766 οἰόμενοι
422 699 524 766 γὰρ
566 695 787 748 ἐναντία
822 694 1003 763 λέγειν
1035 694 1292 763 ἀλλήλοις
1323 695 1424 748 οὐκ
1456 697 1819 749 αἰσθάνονται

139 787 204 838 τά
252 786 389 838 αὐτὰ
435 786 763 855 πράττοντες
816 780 947 837 οὐδὲ
993 785 1091 836 τὸν
1137 793 1247 836 τῶν
1299 782 1498 854 ἑτέρων
1545 787 1714 852 λόγον
1761 784 1820 837 ἐν

139 882 214 945 τῷ
254 873 495 944 σφετέρῳ
537 876 679 943 λόγῳ
722 872 928 925 ἐνόντα.
999 871 1279 936 σκέψασθε
1317 873 1422 942 γὰρ
1463 871 1515 936 ἐξ
1544 872 1745 944 ἀρχῆς,
1787 873 1819 925 ἃ

140 966 395 1030 ζητοῦσιν
448 961 706 1031 ἑκάτεροι.
789 970 1010 1031 πρῶτον
1055 957 1157 1029 μὲν
1209 960 1242 1028 ἡ
1294 961 1520 1030 πάτριος
1573 965 1821 1014 πολιτεία

77 1066 118 1097 10
140 1052 381 1119 ταραχὴν
420 1049 605 1111 αὐτοῖς
644 1048 866 1119 παρέχει
919 1047 1087 1120 ῥᾴστη
1135 1055 1459 1117 γνωσθῆναι
1505 1047 1595 1101 καὶ
1642 1069 1820 1103 κοινο-

139 1140 269 1206 τάτη
310 1147 423 1200 τοῖς
459 1141 708 1200 πολίταις
748 1134 887 1190 οὖσα
932 1146 1115 1190 πᾶσιν.
1187 1137 1362 1191 ὁπόσα
1408 1134 1509 1206 μὲν
1554 1133 1657 1190 οὗν
1703 1137 1821 1191 ε’πέ-

137 1246 290 1279 κεινα
329 1233 422 1294 τῆς
466 1226 727 1296 ἡμετέρας
773 1227 992 1295 γνώμης
1039 1225 1205 1294 ἐστίν,
1255 1227 1294 1295 †
1339 1225 1564 1279 ἀκούειν
1611 1225 1819 1295 ἀνάγκη

139 1312 318 1382 λέγειν
354 1315 357 1383 fl
393 1325 504 1368 τῶν
542 1314 937 1386 παλαιοτέρων,
982 1315 1156 1368 ὁπόσα
1196 1313 1247 1367 δ’
1288 1313 1444 1367 αὐτοὶ
1485 1314 1705 1368 ἐπεῖδον
1745 1317 1797 1368 οἱ
1823 1327 1906 1367 962

137 1404 514 1473 πρεσβύτεροι,
547 1411 716 1456 ταῦτα
741 1400 801 1456 δὲ
825 1404 972 1472 παρὰ
995 1412 1107 1455 τῶν
1130 1404 1359 1456 εἰδότων
1390 1404 1818 1456 πυνθάνεσθαι.’

74 1506 114 1538 15
137 1493 361 1559 τοιαύτη
401 1489 503 1560 μὲν
553 1488 655 1544 οὗν
701 1512 783 1554 τις
820 1491 852 1559 ἡ
898 1492 1308 1561 Θρασυμάχειος
1356 1489 1635 1560 ἑρμηνεία,
1682 1490 1816 1560 μέση

137 1589 257 1633 τοῖν
304 1582 459 1633 δυεῖν
506 1579 594 1632 καὶ
643 1581 904 1649 εὔκρατος
955 1578 1045 1632 καὶ
1101 1581 1178 1641 εἰς
1227 1578 1644 1649 <ἀμφο>τέρους
1691 1582 1818 1643 τοὺς

138 1675 477 1738 χαρακτῆρας
516 1668 802 1737 ἐπίκαιρον
840 1668 1153 1737 ἀφετήριον.
1621 1741 1626 1744 μ

80 1756 116 1808 4
249 1757 318 1824 <ἡ
365 1754 425 1808 δὲ
464 1755 845 1826 Ἰσο>κράτους
892 1755 1056 1823 λέξις,
1112 1756 1171 1818 ὃς
1225 1754 1483 1825 μέγιστον
1533 1758 1706 1825 ὄνομα
1759 1756 1819 1809 έν

138 1854 252 1906 τοῖς
284 1844 546 1913 ”Ἐλλησιν
586 1845 878 1912 <έκτήσατο
919 1844 1005 1898 ἐπὶ
1045 1846 1274 1915 σοφίᾳ>,
1322 1845 1507 1912 ἀγῶνα
1554 1842 1654 1914 μὲν
1694 1843 1810 1898 οὔτ’

73 1950 116 1981 20
139 1935 285 1986 ἴδιον
333 1935 457 1986 οὔτε
503 1934 769 2001 δημόσιον
816 1932 1017 1986 οὐδένα
1063 1933 1315 2000 <πώποτε
1361 1933 1596 2003 τάνδρὸς
1642 1933 1818 2002 ἀγω->

258 2097 280 2135 1
321 2095 427 2148 post
468 2090 667 2148 νομίζειν
705 2092 755 2135 111
794 2093 829 2135 P
885 2091 1078 2136 εἴωθεν·
1119 2091 1162 2136 τί
1201 2094 1319 2149 δῆτα
1359 2093 1503 2136 uerba
1541 2095 1817 2150 repetuntur

256 2156 281 2194 2
313 2158 526 2195 τοιοῦτον
560 2151 635 2195 del
667 2152 842 2195 Usener
954 2158 981 2195 4
1013 2150 1142 2206 παρὰ
1174 2151 1311 2208 λόγον
1343 2152 1538 2196 Usener:
1579 2150 1818 2209 προλέγων

257 2215 282 2253 5
322 2213 702 2282 φιλονεικοῦντας
740 2211 833 2254 ΜΒ
986 2216 1009 2254 7
1049 2209 1269 2266 πράττειν
1309 2209 1588 2266 πράττοντες
1625 2211 1700 2255 Pv

139 2273 165 2310 8
199 2267 399 2328 σφετέρῳ
437 2269 603 2314 Cobet:
646 2267 780 2329 ἑτέρῳ
812 2270 951 2313 MBP
1008 2269 1057 2314 ἐν
1088 2274 1150 2328 τῷ
1188 2278 1279 2314 τῶν
1313 2267 1479 2344 ἑτέρων
1513 2270 1666 2314 deleto
1699 2269 1817 2328 λόγῳ

140 2327 272 2370 Blass
309 2330 314 2385 Ι
350 2326 617 2384 σκέψασθαι
641 2329 722 2371 ΒΡ
817 2334 870 2372 10
902 2327 1044 2388 ρᾴστη
1075 2315 1371 2403 Sylburgius:
1404 2326 1577 2388 ρ’άστην
1612 2330 1617 2387 Ι
1653 2345 1817 2374 κοινω-

139 2384 250 2442 τάτη
283 2386 331 2428 Μ
424 2393 474 2430 11
512 2385 726 2431 ἐπέκεινα
757 2375 995 2432 Reiskifis:
1029 2386 1220 2432 ἐκείνων
1314 2393 1366 2432 12
1400 2389 1601 2461 γνώμης]
1635 2387 1816 2458 μνήμης

142 2444 372 2500 Sauppius
412 2448 416 2501 Ι
461 2446 637 2490 conieci
669 2447 788 2504 ἀκοῇ
829 2463 912 2503 μεν
946 2447 1013 2503 (cf
1047 2447 1241 2503 Thuoyd
1272 2447 1293 2490 I
1325 2451 1395 2501 23,
1421 2451 1447 2489 3
1485 2445 1544 2489 τὰ
1575 2461 1622 2489 τε
1654 2445 1816 2501 πρότε-

142 2519 234 2603 ρον1
255 2504 373 2561 ἀκοῇ
406 2504 643 2560 λεγόμενα)
685 2519 763 2548 seu
804 2506 952 2562 ἀκοὴν
985 2505 1166 2562 ἀνάγκη
1199 2504 1347 2562 λέγειν
1379 2512 1469 2549 τῶν
1501 2503 1817 2559 παλαιοτέρων

142 2561 234 2635 (pel
238 2564 290 2605 ut
342 2563 491 2619 ἀκοὴν
542 2567 796 2614 τεθνεῶτος
844 2566 896 2608 οὐ
945 2567 1111 2617 ζῶντος
1157 2571 1404 2637 μαρτυρεῖν
1451 2563 1815 2619 Demosthenes).

140 2621 331 2664 ἀκούειν
371 2621 551 2694 ἀνάγκη
593 2622 817 2678 λεγόντων
856 2631 945 2667 τῶν
984 2621 1300 2679 παλαιοτέρων
1339 2621 1555 2667 Reiskius
1617 2622 1817 2666 ἀκούον-

140 2696 222 2730 τας
246 2682 299 2735 (Ῥ)
331 2679 510 2737 ἀνάγκη
543 2679 690 2737 λέγειν
723 2689 811 2725 τῶν
844 2681 1160 2738 παλαιοτέρων
1191 2682 1325 2726 Blass
1431 2687 1483 2724 15
1518 2679 1627 2737 μέση
1661 2689 1757 2732 τοῖς
1780 2682 1816 2724 Β

263 2743 314 2782 16
347 2740 472 2797 δυ[εῑ
494 2758 518 2783 ν
551 2754 654 2782 eum
686 2754 760 2783 ras
793 2741 839 2782 M
883 2743 887 2796 Ι
930 2741 1003 2784 lac
1027 2742 1092 2786 IV
1122 2741 1203 2785 litt
1230 2741 1298 2796 M,
1332 2740 1416 2783 XII
1443 2739 1494 2795 B,
1526 2739 1610 2782 XV
1638 2739 1734 2784 fere
1759 2741 1815 2785 P:

141 2797 377 2853 suppleuit
409 2741 623 2855 Sbeurg'
612 2799 681 2841 ius
788 2803 840 2841 18
874 2799 945 2842 lac
978 2800 1018 2842 X
1049 2800 1128 2844 litt
1159 2800 1227 2855 M,
1261 2777 1346 2842 XII
1377 2798 1473 2842 fere
1505 2798 1562 2853 B,
1603 2798 1816 2842 XXXVII

141 2855 236 2899 fere
268 2857 324 2901 P:
366 2857 601 2914 suppleuit
634 2857 906 2914 Sylburgius
1022 2865 1075 2902 19
1104 2856 1243 2915 Ελλη
1277 2872 1379 2901 cum
1411 2857 1484 2901 lac
1509 2835 1614 2900 XXI
1647 2857 1726 2902 litt:
1754 2858 1816 2914 Μ,

133 2911 347 2971 Ἕλλησιν
380 2930 483 2959 cum
515 2916 585 2959 lae
608 2916 694 2959 VII
727 2915 805 2959 litt
832 2917 883 2971 B,
917 2917 1106 2960 XXXVI
1137 2917 1231 2961 fere
1264 2916 1342 2960 litt
1374 2917 1430 2961 P
1464 2915 1677 2972 suppleui
