<?xml version="1.0" encoding="UTF-8"?>
<!DOCTYPE html PUBLIC "-//W3C//DTD XHTML 1.0 Transitional//EN"
    "http://www.w3.org/TR/xhtml1/DTD/xhtml1-transitional.dtd">
<html xmlns="http://www.w3.org/1999/xhtml" xml:lang="en" lang="en">
 <head>
  <title>
</title>
<meta http-equiv="Content-Type" content="text/html;charset=utf-8" />
  <meta name='ocr-system' content='tesseract 3.04.00' />
  <meta name='ocr-capabilities' content='ocr_page ocr_carea ocr_par ocr_line ocrx_word'/>
</head>
<body>
  <div class='ocr_page' id='page_1' title='image "./quaeexstant05dionuoft_0219.png"; bbox 0 0 2004 3202; ppageno 0'>
   <div class='ocr_carea' id='block_1_1' title="bbox 792 177 1838 234">
    <p class='ocr_par' dir='ltr' id='par_1_1' title="bbox 792 177 1838 234">
     <span class='ocr_line' id='line_1_1' title="bbox 792 177 1838 234; baseline 0.001 -13"><span class='ocrx_word' id='word_1_1' title='bbox 792 177 1215 222; x_wconf 78' lang='grc' dir='ltr'>ΔΗΜΟΣΘΕΝΗΣ</span> <span class='ocrx_word' id='word_1_2' title='bbox 1736 181 1838 234; x_wconf 79' lang='lat'><em>169</em></span> 
     </span>
    </p>
   </div>
   <div class='ocr_carea' id='block_1_2' title="bbox 163 299 1910 826">
    <p class='ocr_par' dir='ltr' id='par_1_2' title="bbox 163 299 1910 826">
     <span class='ocr_line' id='line_1_2' title="bbox 164 299 1842 383; baseline 0.002 -18"><span class='ocrx_word' id='word_1_3' title='bbox 164 312 507 382; x_wconf 81' lang='grc' dir='ltr'><em>τευξόμεθα’.</em></span> <span class='ocrx_word' id='word_1_4' title='bbox 582 311 674 366; x_wconf 86' lang='grc' dir='ltr'><em>καὶ</em></span> <span class='ocrx_word' id='word_1_5' title='bbox 723 313 755 382; x_wconf 82' lang='grc' dir='ltr'><em>ἡ</em></span> <span class='ocrx_word' id='word_1_6' title='bbox 806 316 939 383; x_wconf 82' lang='grc' dir='ltr'><em>μετὰ</em></span> <span class='ocrx_word' id='word_1_7' title='bbox 993 299 1163 367; x_wconf 76' lang='grc' dir='ltr'><em>ταῦτα</em></span> <span class='ocrx_word' id='word_1_8' title='bbox 1217 313 1438 367; x_wconf 79' lang='grc' dir='ltr'><em>διάνοια</em></span> <span class='ocrx_word' id='word_1_9' title='bbox 1477 313 1732 377; x_wconf 78' lang='grc' dir='ltr'><em>’πλατέως</em></span> <span class='ocrx_word' id='word_1_10' title='bbox 1785 337 1842 369; x_wconf 88' lang='grc' dir='ltr'><em>τε</em></span> 
     </span>
     <span class='ocr_line' id='line_1_3' title="bbox 164 400 1842 473; baseline 0.002 -20"><span class='ocrx_word' id='word_1_11' title='bbox 164 406 373 470; x_wconf 79' lang='grc' dir='ltr'><em>εἴρηται</em></span> <span class='ocrx_word' id='word_1_12' title='bbox 422 400 513 454; x_wconf 85' lang='grc' dir='ltr'><em>καὶ</em></span> <span class='ocrx_word' id='word_1_13' title='bbox 561 401 966 473; x_wconf 86' lang='grc' dir='ltr'><em>ἀσυγκρότητός</em></span> <span class='ocrx_word' id='word_1_14' title='bbox 1006 402 1181 455; x_wconf 85' lang='grc' dir='ltr'><em>ἐστιν·</em></span> <span class='ocrx_word' id='word_1_15' title='bbox 1221 402 1300 455; x_wconf 65' lang='lat'><em>‘02‘</em></span> <span class='ocrx_word' id='word_1_16' title='bbox 1342 409 1611 455; x_wconf 82' lang='grc' dir='ltr'><em>τοσοῦτον</em></span> <span class='ocrx_word' id='word_1_17' title='bbox 1649 403 1842 457; x_wconf 86' lang='grc' dir='ltr'><em>ἀπολε-</em></span> 
     </span>
     <span class='ocr_line' id='line_1_4' title="bbox 164 488 1832 568; baseline 0.001 -26"><span class='ocrx_word' id='word_1_18' title='bbox 164 491 432 559; x_wconf 86' lang='grc' dir='ltr'><em>λείμμεθα</em></span> <span class='ocrx_word' id='word_1_19' title='bbox 470 488 560 543; x_wconf 83' lang='grc' dir='ltr'><em>καὶ</em></span> <span class='ocrx_word' id='word_1_20' title='bbox 599 499 718 553; x_wconf 90' lang='grc' dir='ltr'><em>ταῖς</em></span> <span class='ocrx_word' id='word_1_21' title='bbox 757 492 1031 554; x_wconf 80' lang='grc' dir='ltr'><em>διανοίαις</em></span> <span class='ocrx_word' id='word_1_22' title='bbox 1067 488 1158 544; x_wconf 86' lang='grc' dir='ltr'><em>καὶ</em></span> <span class='ocrx_word' id='word_1_23' title='bbox 1196 499 1310 553; x_wconf 88' lang='grc' dir='ltr'><em>τοῖς</em></span> <span class='ocrx_word' id='word_1_24' title='bbox 1350 492 1532 568; x_wconf 71' lang='grc' dir='ltr'><em>ἔργοις</em></span> <span class='ocrx_word' id='word_1_25' title='bbox 1570 500 1680 543; x_wconf 84' lang='grc' dir='ltr'><em>τῶν</em></span> <span class='ocrx_word' id='word_1_26' title='bbox 1718 491 1832 544; x_wconf 85' lang='grc' dir='ltr'><em>κατ’</em></span> 
     </span>
     <span class='ocr_line' id='line_1_5' title="bbox 164 575 1842 649; baseline 0.001 -19"><span class='ocrx_word' id='word_1_27' title='bbox 164 577 376 631; x_wconf 84' lang='grc' dir='ltr'><em>ἐκεῖνον</em></span> <span class='ocrx_word' id='word_1_28' title='bbox 415 579 513 631; x_wconf 89' lang='grc' dir='ltr'><em>τὸν</em></span> <span class='ocrx_word' id='word_1_29' title='bbox 551 581 756 649; x_wconf 90' lang='grc' dir='ltr'><em>χρόνον</em></span> <span class='ocrx_word' id='word_1_30' title='bbox 794 578 1124 649; x_wconf 80' lang='grc' dir='ltr'><em>γενομένων,</em></span> <span class='ocrx_word' id='word_1_31' title='bbox 1169 579 1303 633; x_wconf 83' lang='grc' dir='ltr'><em>ὅσον</em></span> <span class='ocrx_word' id='word_1_32' title='bbox 1342 575 1534 648; x_wconf 76' lang='grc' dir='ltr'><em>οἳμὲν</em></span> <span class='ocrx_word' id='word_1_33' title='bbox 1571 576 1709 649; x_wconf 76' lang='grc' dir='ltr'><em>ὑπὲρ</em></span> <span class='ocrx_word' id='word_1_34' title='bbox 1749 588 1842 648; x_wconf 87' lang='grc' dir='ltr'><em>τῆς</em></span> 
     </span>
     <span class='ocr_line' id='line_1_6' title="bbox 163 667 1910 738; baseline 0.001 -18"><span class='ocrx_word' id='word_1_35' title='bbox 163 676 274 720; x_wconf 83' lang='grc' dir='ltr'><em>τῶν</em></span> <span class='ocrx_word' id='word_1_36' title='bbox 305 667 585 736; x_wconf 77' lang='grc' dir='ltr'><em>Ἑλλήνων</em></span> <span class='ocrx_word' id='word_1_37' title='bbox 625 667 944 738; x_wconf 82' lang='grc' dir='ltr'><em>ἐλευθερίας</em></span> <span class='ocrx_word' id='word_1_38' title='bbox 981 671 1082 737; x_wconf 85' lang='grc' dir='ltr'><em>τήν</em></span> <span class='ocrx_word' id='word_1_39' title='bbox 1119 688 1176 721; x_wconf 91' lang='grc' dir='ltr'><em>τε</em></span> <span class='ocrx_word' id='word_1_40' title='bbox 1214 668 1453 738; x_wconf 77' lang='grc' dir='ltr'><em>πατρίδα</em></span> <span class='ocrx_word' id='word_1_41' title='bbox 1491 668 1593 736; x_wconf 82' lang='grc' dir='ltr'><em>τὴν</em></span> <span class='ocrx_word' id='word_1_42' title='bbox 1633 667 1842 722; x_wconf 84' lang='grc' dir='ltr'><em>ἑαυτῶν</em></span> <span class='ocrx_word' id='word_1_43' title='bbox 1889 688 1910 722; x_wconf 88' lang='lat'>5</span> 
     </span>
     <span class='ocr_line' id='line_1_7' title="bbox 163 755 1843 826; baseline 0 -17"><span class='ocrx_word' id='word_1_44' title='bbox 163 755 406 810; x_wconf 82' lang='grc' dir='ltr'><em>ἐκλιπεῖν</em></span> <span class='ocrx_word' id='word_1_45' title='bbox 453 755 758 826; x_wconf 79' lang='grc' dir='ltr'><em>ἐτόλμησαν</em></span> <span class='ocrx_word' id='word_1_46' title='bbox 801 755 892 809; x_wconf 89' lang='grc' dir='ltr'><em>καὶ</em></span> <span class='ocrx_word' id='word_1_47' title='bbox 939 759 1236 826; x_wconf 89' lang='grc' dir='ltr'><em>μαχόμενοι</em></span> <span class='ocrx_word' id='word_1_48' title='bbox 1289 755 1380 809; x_wconf 88' lang='grc' dir='ltr'><em>καὶ</em></span> <span class='ocrx_word' id='word_1_49' title='bbox 1435 764 1843 826; x_wconf 81' lang='grc' dir='ltr'><em>ναυμαχοῦντες</em></span> 
     </span>
    </p>
   </div>
   <div class='ocr_carea' id='block_1_3' title="bbox 77 842 1843 916">
    <p class='ocr_par' dir='ltr' id='par_1_3' title="bbox 77 842 1843 916">
     <span class='ocr_line' id='line_1_8' title="bbox 77 842 1843 916; baseline 0 -19"><span class='ocrx_word' id='word_1_50' title='bbox 77 858 187 897; x_wconf 90' lang='grc'>1011</span> <span class='ocrx_word' id='word_1_51' title='bbox 214 847 343 908; x_wconf 89' lang='grc' dir='ltr'><em>τοὺς</em></span> <span class='ocrx_word' id='word_1_52' title='bbox 382 846 698 915; x_wconf 78' lang='grc' dir='ltr'><em>βαρβάρους</em></span> <span class='ocrx_word' id='word_1_53' title='bbox 738 845 1037 914; x_wconf 85' lang='grc' dir='ltr'><em>ένίκησαν’.</em></span> <span class='ocrx_word' id='word_1_54' title='bbox 1101 844 1226 913; x_wconf 81' lang='grc' dir='ltr'><em>ἐξῆν</em></span> <span class='ocrx_word' id='word_1_55' title='bbox 1264 844 1330 899; x_wconf 89' lang='grc' dir='ltr'><em>δέ</em></span> <span class='ocrx_word' id='word_1_56' title='bbox 1362 864 1424 913; x_wconf 89' lang='grc' dir='ltr'><em>γε</em></span> <span class='ocrx_word' id='word_1_57' title='bbox 1470 842 1476 916; x_wconf 90' lang='grc' dir='ltr'>Ι</span> <span class='ocrx_word' id='word_1_58' title='bbox 1523 845 1690 914; x_wconf 81' lang='grc' dir='ltr'><em>αὐτῆς</em></span> <span class='ocrx_word' id='word_1_59' title='bbox 1731 844 1843 898; x_wconf 83' lang='grc' dir='ltr'><em>ἐπι-</em></span> 
     </span>
    </p>
   </div>
   <div class='ocr_carea' id='block_1_4' title="bbox 160 932 1931 2333">
    <p class='ocr_par' dir='ltr' id='par_1_4' title="bbox 160 932 1931 2333">
     <span class='ocr_line' id='line_1_9' title="bbox 163 932 1841 1006; baseline 0 -20"><span class='ocrx_word' id='word_1_60' title='bbox 163 932 392 1003; x_wconf 83' lang='grc' dir='ltr'><em>στρέψαι</em></span> <span class='ocrx_word' id='word_1_61' title='bbox 445 934 506 987; x_wconf 90' lang='grc' dir='ltr'><em>τὸ</em></span> <span class='ocrx_word' id='word_1_62' title='bbox 561 935 764 997; x_wconf 77' lang='grc' dir='ltr'><em>πλάτος</em></span> <span class='ocrx_word' id='word_1_63' title='bbox 815 933 988 997; x_wconf 78' lang='grc' dir='ltr'><em>οὕτως</em></span> <span class='ocrx_word' id='word_1_64' title='bbox 1039 933 1415 1001; x_wconf 79' lang='grc' dir='ltr'><em>ἐξενέγκαντα·</em></span> <span class='ocrx_word' id='word_1_65' title='bbox 1471 934 1550 986; x_wconf 71' lang='lat'><em>‘02¹</em></span> <span class='ocrx_word' id='word_1_66' title='bbox 1598 934 1841 1006; x_wconf 80' lang='grc' dir='ltr'><em>τοσούτῳ</em></span> 
     </span>
     <span class='ocr_line' id='line_1_10' title="bbox 162 1019 1841 1093; baseline 0 -18"><span class='ocrx_word' id='word_1_67' title='bbox 162 1026 381 1091; x_wconf 87' lang='grc' dir='ltr'><em>χείρους</em></span> <span class='ocrx_word' id='word_1_68' title='bbox 429 1019 590 1092; x_wconf 73' lang='grc' dir='ltr'><em>ἐσμὲν</em></span> <span class='ocrx_word' id='word_1_69' title='bbox 627 1032 739 1076; x_wconf 84' lang='grc' dir='ltr'><em>τῶν</em></span> <span class='ocrx_word' id='word_1_70' title='bbox 783 1025 1092 1093; x_wconf 88' lang='grc' dir='ltr'><em>προγόνων,</em></span> <span class='ocrx_word' id='word_1_71' title='bbox 1141 1024 1274 1076; x_wconf 85' lang='grc' dir='ltr'><em>ὅσον</em></span> <span class='ocrx_word' id='word_1_72' title='bbox 1314 1025 1371 1076; x_wconf 85' lang='grc' dir='ltr'><em>οἳ</em></span> <span class='ocrx_word' id='word_1_73' title='bbox 1412 1019 1513 1091; x_wconf 77' lang='grc' dir='ltr'><em>μὲν</em></span> <span class='ocrx_word' id='word_1_74' title='bbox 1558 1019 1696 1093; x_wconf 77' lang='grc' dir='ltr'><em>ὑπὲρ</em></span> <span class='ocrx_word' id='word_1_75' title='bbox 1743 1031 1841 1076; x_wconf 88' lang='grc' dir='ltr'><em>τοῦ</em></span> 
     </span>
     <span class='ocr_line' id='line_1_11' title="bbox 164 1109 1908 1182; baseline 0.001 -19"><span class='ocrx_word' id='word_1_76' title='bbox 164 1121 335 1164; x_wconf 84' lang='grc' dir='ltr'><em>σῶσαι</em></span> <span class='ocrx_word' id='word_1_77' title='bbox 373 1113 504 1174; x_wconf 85' lang='grc' dir='ltr'><em>τοὺς</em></span> <span class='ocrx_word' id='word_1_78' title='bbox 527 1110 798 1180; x_wconf 63' lang='grc' dir='ltr'><em>’Έλληνας</em></span> <span class='ocrx_word' id='word_1_79' title='bbox 836 1114 938 1180; x_wconf 87' lang='grc' dir='ltr'><em>τήν</em></span> <span class='ocrx_word' id='word_1_80' title='bbox 975 1132 1032 1164; x_wconf 90' lang='grc' dir='ltr'><em>τε</em></span> <span class='ocrx_word' id='word_1_81' title='bbox 1070 1113 1308 1182; x_wconf 88' lang='grc' dir='ltr'><em>πατρίδα</em></span> <span class='ocrx_word' id='word_1_82' title='bbox 1346 1111 1448 1179; x_wconf 86' lang='grc' dir='ltr'><em>τὴν</em></span> <span class='ocrx_word' id='word_1_83' title='bbox 1487 1109 1697 1163; x_wconf 81' lang='grc' dir='ltr'><em>ἑαυτῶν</em></span> <span class='ocrx_word' id='word_1_84' title='bbox 1736 1109 1842 1174; x_wconf 81' lang='grc' dir='ltr'><em>ε’ξέ-</em></span> <span class='ocrx_word' id='word_1_85' title='bbox 1867 1133 1908 1165; x_wconf 91' lang='lat'><em>10</em></span> 
     </span>
     <span class='ocr_line' id='line_1_12' title="bbox 163 1198 1842 1270; baseline -0.001 -18"><span class='ocrx_word' id='word_1_86' title='bbox 163 1204 328 1252; x_wconf 90' lang='grc' dir='ltr'><em>λιπον</em></span> <span class='ocrx_word' id='word_1_87' title='bbox 365 1198 455 1252; x_wconf 82' lang='grc' dir='ltr'><em>καὶ</em></span> <span class='ocrx_word' id='word_1_88' title='bbox 501 1203 798 1270; x_wconf 90' lang='grc' dir='ltr'><em>μαχόμενοι</em></span> <span class='ocrx_word' id='word_1_89' title='bbox 843 1202 981 1270; x_wconf 88' lang='grc' dir='ltr'><em>πρὸς</em></span> <span class='ocrx_word' id='word_1_90' title='bbox 1019 1202 1148 1263; x_wconf 88' lang='grc' dir='ltr'><em>τοὺς</em></span> <span class='ocrx_word' id='word_1_91' title='bbox 1187 1200 1502 1270; x_wconf 84' lang='grc' dir='ltr'><em>βαρβάρους</em></span> <span class='ocrx_word' id='word_1_92' title='bbox 1541 1199 1842 1268; x_wconf 81' lang='grc' dir='ltr'><em>ἐνίκησαν’.</em></span> 
     </span>
     <span class='ocr_line' id='line_1_13' title="bbox 162 1278 1841 1358; baseline -0.001 -18"><span class='ocrx_word' id='word_1_93' title='bbox 162 1278 331 1358; x_wconf 85' lang='grc' dir='ltr'><em>μυρία</em></span> <span class='ocrx_word' id='word_1_94' title='bbox 369 1287 460 1341; x_wconf 84' lang='grc' dir='ltr'><em>καὶ</em></span> <span class='ocrx_word' id='word_1_95' title='bbox 499 1289 698 1357; x_wconf 81' lang='grc' dir='ltr'><em>ταύτης</em></span> <span class='ocrx_word' id='word_1_96' title='bbox 738 1287 851 1341; x_wconf 79' lang='grc' dir='ltr'><em>ἐστὶ</em></span> <span class='ocrx_word' id='word_1_97' title='bbox 891 1292 1081 1357; x_wconf 86' lang='grc' dir='ltr'><em>λαβεῖν</em></span> <span class='ocrx_word' id='word_1_98' title='bbox 1111 1296 1206 1357; x_wconf 85' lang='grc' dir='ltr'><em>τῆς</em></span> <span class='ocrx_word' id='word_1_99' title='bbox 1241 1288 1533 1350; x_wconf 82' lang='grc' dir='ltr'><em>ἀσθενείας</em></span> <span class='ocrx_word' id='word_1_100' title='bbox 1566 1289 1841 1356; x_wconf 89' lang='grc' dir='ltr'><em>δείγματα.</em></span> 
     </span>
     <span class='ocr_line' id='line_1_14' title="bbox 162 1370 1841 1448; baseline 0 -19"><span class='ocrx_word' id='word_1_101' title='bbox 162 1375 261 1440; x_wconf 83' lang='grc' dir='ltr'><em>ἔξω</em></span> <span class='ocrx_word' id='word_1_102' title='bbox 302 1378 407 1446; x_wconf 80' lang='grc' dir='ltr'><em>γὰρ</em></span> <span class='ocrx_word' id='word_1_103' title='bbox 447 1377 652 1444; x_wconf 82' lang='grc' dir='ltr'><em>ὀλίγων</em></span> <span class='ocrx_word' id='word_1_104' title='bbox 682 1386 868 1445; x_wconf 85' lang='grc' dir='ltr'><em>τινῶν,</em></span> <span class='ocrx_word' id='word_1_105' title='bbox 910 1370 992 1440; x_wconf 82' lang='grc' dir='ltr'><em>οἷς</em></span> <span class='ocrx_word' id='word_1_106' title='bbox 1029 1377 1130 1430; x_wconf 87' lang='grc' dir='ltr'><em>οὐκ</em></span> <span class='ocrx_word' id='word_1_107' title='bbox 1170 1377 1228 1430; x_wconf 84' lang='grc' dir='ltr'><em>ἐκ</em></span> <span class='ocrx_word' id='word_1_108' title='bbox 1265 1380 1530 1448; x_wconf 87' lang='grc' dir='ltr'><em>προνοίας</em></span> <span class='ocrx_word' id='word_1_109' title='bbox 1567 1380 1778 1445; x_wconf 87' lang='grc' dir='ltr'><em>μᾶλλον</em></span> <span class='ocrx_word' id='word_1_110' title='bbox 1809 1375 1841 1444; x_wconf 82' lang='grc' dir='ltr'>ἢ</span> 
     </span>
     <span class='ocr_line' id='line_1_15' title="bbox 160 1461 1894 1535; baseline 0 -18"><span class='ocrx_word' id='word_1_111' title='bbox 160 1463 278 1517; x_wconf 85' lang='grc' dir='ltr'><em>κατ’</em></span> <span class='ocrx_word' id='word_1_112' title='bbox 306 1465 714 1535; x_wconf 90' lang='grc' dir='ltr'><em>αὐτοματισμὸν</em></span> <span class='ocrx_word' id='word_1_113' title='bbox 753 1465 1058 1535; x_wconf 86' lang='grc' dir='ltr'><em>συμβέβηκε</em></span> <span class='ocrx_word' id='word_1_114' title='bbox 1097 1467 1158 1518; x_wconf 92' lang='grc' dir='ltr'><em>τὸ</em></span> <span class='ocrx_word' id='word_1_115' title='bbox 1200 1466 1634 1535; x_wconf 74' lang='grc' dir='ltr'><em>συνεστράφθαι,</em></span> <span class='ocrx_word' id='word_1_116' title='bbox 1673 1461 1843 1518; x_wconf 81' lang='grc' dir='ltr'><em>τᾶλλα</em></span> <span class='ocrx_word' id='word_1_117' title='bbox 1891 1513 1894 1516; x_wconf 91' lang='grc'>.</span> 
     </span>
     <span class='ocr_line' id='line_1_16' title="bbox 163 1552 1909 1622; baseline 0.001 -16"><span class='ocrx_word' id='word_1_118' title='bbox 163 1552 223 1606; x_wconf 83' lang='grc' dir='ltr'><em>ἐν</em></span> <span class='ocrx_word' id='word_1_119' title='bbox 260 1555 452 1607; x_wconf 90' lang='grc' dir='ltr'><em>πλάτει</em></span> <span class='ocrx_word' id='word_1_120' title='bbox 491 1552 717 1622; x_wconf 89' lang='grc' dir='ltr'><em>λέγεται.</em></span> <span class='ocrx_word' id='word_1_121' title='bbox 1867 1574 1909 1607; x_wconf 89' lang='lat'><em>15</em></span> 
     </span>
     <span class='ocr_line' id='line_1_17' title="bbox 274 1639 1931 1712; baseline 0.003 -18"><span class='ocrx_word' id='word_1_122' title='bbox 274 1643 470 1705; x_wconf 78' lang='grc' dir='ltr'><em>ἄτονος</em></span> <span class='ocrx_word' id='word_1_123' title='bbox 508 1639 570 1695; x_wconf 78' lang='grc' dir='ltr'><em>δὲ</em></span> <span class='ocrx_word' id='word_1_124' title='bbox 609 1643 676 1710; x_wconf 90' lang='grc' dir='ltr'><em>δὴ</em></span> <span class='ocrx_word' id='word_1_125' title='bbox 723 1640 814 1695; x_wconf 84' lang='grc' dir='ltr'><em>καὶ</em></span> <span class='ocrx_word' id='word_1_126' title='bbox 861 1644 1031 1711; x_wconf 80' lang='grc' dir='ltr'><em>λαβὰς</em></span> <span class='ocrx_word' id='word_1_127' title='bbox 1071 1642 1137 1695; x_wconf 88' lang='grc' dir='ltr'><em>οὐ</em></span> <span class='ocrx_word' id='word_1_128' title='bbox 1179 1644 1439 1712; x_wconf 83' lang='grc' dir='ltr'><em>κραταιὰς</em></span> <span class='ocrx_word' id='word_1_129' title='bbox 1486 1645 1686 1712; x_wconf 84' lang='grc' dir='ltr'><em>ἔχουσα</em></span> <span class='ocrx_word' id='word_1_130' title='bbox 1730 1646 1931 1706; x_wconf 83' lang='grc' dir='ltr'><em>πῶς20</em></span> 
     </span>
     <span class='ocr_line' id='line_1_18' title="bbox 164 1729 1844 1803; baseline 0.001 -20"><span class='ocrx_word' id='word_1_131' title='bbox 164 1730 314 1783; x_wconf 80' lang='grc' dir='ltr'><em>ἐστιν</em></span> <span class='ocrx_word' id='word_1_132' title='bbox 351 1730 383 1798; x_wconf 85' lang='grc' dir='ltr'><em>ἡ</em></span> <span class='ocrx_word' id='word_1_133' title='bbox 424 1729 589 1795; x_wconf 84' lang='grc' dir='ltr'><em>λέξις;</em></span> <span class='ocrx_word' id='word_1_134' title='bbox 628 1737 704 1803; x_wconf 77' lang='grc' dir='ltr'><em>τῷ</em></span> <span class='ocrx_word' id='word_1_135' title='bbox 744 1730 1028 1801; x_wconf 79' lang='grc' dir='ltr'><em>ἐπιφέρειν</em></span> <span class='ocrx_word' id='word_1_136' title='bbox 1061 1733 1188 1784; x_wconf 79' lang='grc' dir='ltr'><em>τινὰ</em></span> <span class='ocrx_word' id='word_1_137' title='bbox 1227 1740 1342 1794; x_wconf 91' lang='grc' dir='ltr'><em>τοῖς</em></span> <span class='ocrx_word' id='word_1_138' title='bbox 1382 1731 1689 1801; x_wconf 83' lang='grc' dir='ltr'><em>εἰρημένοις</em></span> <span class='ocrx_word' id='word_1_139' title='bbox 1729 1733 1844 1784; x_wconf 92' lang='grc' dir='ltr'><em>διά-</em></span> 
     </span>
     <span class='ocr_line' id='line_1_19' title="bbox 164 1814 1844 1891; baseline 0.002 -20"><span class='ocrx_word' id='word_1_140' title='bbox 164 1839 325 1872; x_wconf 91' lang='grc' dir='ltr'><em>νοιαν</em></span> <span class='ocrx_word' id='word_1_141' title='bbox 363 1819 648 1887; x_wconf 82' lang='grc' dir='ltr'><em>τοιαύτην·</em></span> <span class='ocrx_word' id='word_1_142' title='bbox 687 1819 983 1873; x_wconf 55' lang='grc' dir='ltr'><em>ετοσοῦτον</em></span> <span class='ocrx_word' id='word_1_143' title='bbox 1015 1814 1334 1890; x_wconf 49' lang='grc' dir='ltr'><em>δὲ’χείρους</em></span> <span class='ocrx_word' id='word_1_144' title='bbox 1374 1817 1536 1889; x_wconf 75' lang='grc' dir='ltr'><em>ἐσμὲν</em></span> <span class='ocrx_word' id='word_1_145' title='bbox 1566 1830 1678 1874; x_wconf 83' lang='grc' dir='ltr'><em>τῶν</em></span> <span class='ocrx_word' id='word_1_146' title='bbox 1711 1839 1844 1891; x_wconf 90' lang='grc' dir='ltr'><em>προ-</em></span> 
     </span>
     <span class='ocr_line' id='line_1_20' title="bbox 164 1907 1845 1978; baseline 0.001 -18"><span class='ocrx_word' id='word_1_147' title='bbox 164 1909 346 1975; x_wconf 90' lang='grc' dir='ltr'><em>γόνων</em></span> <span class='ocrx_word' id='word_1_148' title='bbox 393 1907 459 1959; x_wconf 88' lang='grc' dir='ltr'><em>οὐ</em></span> <span class='ocrx_word' id='word_1_149' title='bbox 506 1910 681 1976; x_wconf 91' lang='grc' dir='ltr'><em>μόνον</em></span> <span class='ocrx_word' id='word_1_150' title='bbox 725 1917 837 1961; x_wconf 81' lang='grc' dir='ltr'><em>τῶν</em></span> <span class='ocrx_word' id='word_1_151' title='bbox 884 1908 1365 1978; x_wconf 87' lang='grc' dir='ltr'><em>εὐδοκιμησάντων</em></span> <span class='ocrx_word' id='word_1_152' title='bbox 1410 1908 1549 1962; x_wconf 82' lang='grc' dir='ltr'><em>ἀλλὰ</em></span> <span class='ocrx_word' id='word_1_153' title='bbox 1598 1908 1690 1962; x_wconf 83' lang='grc' dir='ltr'><em>καὶ</em></span> <span class='ocrx_word' id='word_1_154' title='bbox 1735 1919 1845 1963; x_wconf 84' lang='grc' dir='ltr'><em>τῶν</em></span> 
     </span>
     <span class='ocr_line' id='line_1_21' title="bbox 163 1994 1909 2068; baseline 0.002 -20"><span class='ocrx_word' id='word_1_155' title='bbox 163 1994 530 2065; x_wconf 80' lang='grc' dir='ltr'><em>μισηθέντων,</em></span> <span class='ocrx_word' id='word_1_156' title='bbox 578 1996 711 2049; x_wconf 81' lang='grc' dir='ltr'><em>ὅσον</em></span> <span class='ocrx_word' id='word_1_157' title='bbox 753 1996 951 2050; x_wconf 84' lang='grc' dir='ltr'><em>ἐκεῖνοι</em></span> <span class='ocrx_word' id='word_1_158' title='bbox 998 1994 1099 2065; x_wconf 76' lang='grc' dir='ltr'><em>μὲν</em></span> <span class='ocrx_word' id='word_1_159' title='bbox 1146 1998 1194 2050; x_wconf 83' lang='grc' dir='ltr'><em>εἰ</em></span> <span class='ocrx_word' id='word_1_160' title='bbox 1238 2001 1499 2066; x_wconf 87' lang='grc' dir='ltr'><em>πολεμεῖν</em></span> <span class='ocrx_word' id='word_1_161' title='bbox 1535 2001 1673 2068; x_wconf 89' lang='grc' dir='ltr'><em>πρός</em></span> <span class='ocrx_word' id='word_1_162' title='bbox 1719 2018 1843 2051; x_wconf 89' lang='grc' dir='ltr'><em>τινα</em></span> <span class='ocrx_word' id='word_1_163' title='bbox 1866 2020 1909 2052; x_wconf 83' lang='lat'><em>20</em></span> 
     </span>
     <span class='ocr_line' id='line_1_22' title="bbox 163 2084 1844 2156; baseline 0.002 -20"><span class='ocrx_word' id='word_1_164' title='bbox 163 2087 518 2154; x_wconf 81' lang='grc' dir='ltr'><em>ψηφίσαιντο,</em></span> <span class='ocrx_word' id='word_1_165' title='bbox 564 2092 761 2153; x_wconf 83' lang='grc' dir='ltr'><em>μεστῆς</em></span> <span class='ocrx_word' id='word_1_166' title='bbox 804 2086 971 2154; x_wconf 78' lang='grc' dir='ltr'><em>οὔσης</em></span> <span class='ocrx_word' id='word_1_167' title='bbox 1017 2085 1288 2155; x_wconf 81' lang='grc' dir='ltr'><em>ἀργυρίου</em></span> <span class='ocrx_word' id='word_1_168' title='bbox 1335 2084 1424 2138; x_wconf 83' lang='grc' dir='ltr'><em>καὶ</em></span> <span class='ocrx_word' id='word_1_169' title='bbox 1470 2086 1704 2156; x_wconf 90' lang='grc' dir='ltr'><em>χρυσίου</em></span> <span class='ocrx_word' id='word_1_170' title='bbox 1750 2095 1844 2155; x_wconf 81' lang='grc' dir='ltr'><em>τῆς</em></span> 
     </span>
     <span class='ocr_line' id='line_1_23' title="bbox 163 2170 1844 2243; baseline 0.002 -18"><span class='ocrx_word' id='word_1_171' title='bbox 163 2173 510 2242; x_wconf 87' lang='grc' dir='ltr'><em>ἀκροπόλεως</em></span> <span class='ocrx_word' id='word_1_172' title='bbox 571 2173 716 2242; x_wconf 85' lang='grc' dir='ltr'><em>ὅμως</em></span> <span class='ocrx_word' id='word_1_173' title='bbox 775 2170 914 2243; x_wconf 75' lang='grc' dir='ltr'><em>ὑπὲρ</em></span> <span class='ocrx_word' id='word_1_174' title='bbox 969 2183 1080 2226; x_wconf 85' lang='grc' dir='ltr'><em>τῶν</em></span> <span class='ocrx_word' id='word_1_175' title='bbox 1134 2173 1415 2237; x_wconf 83' lang='grc' dir='ltr'><em>δοξάντων</em></span> <span class='ocrx_word' id='word_1_176' title='bbox 1467 2184 1581 2237; x_wconf 90' lang='grc' dir='ltr'><em>τοῖς</em></span> <span class='ocrx_word' id='word_1_177' title='bbox 1635 2174 1844 2229; x_wconf 83' lang='grc' dir='ltr'><em>ἑαυτῶν</em></span> 
     </span>
     <span class='ocr_line' id='line_1_24' title="bbox 166 2260 1844 2333; baseline 0.001 -19"><span class='ocrx_word' id='word_1_178' title='bbox 166 2262 413 2331; x_wconf 84' lang='grc' dir='ltr'><em>σώμασιν</em></span> <span class='ocrx_word' id='word_1_179' title='bbox 453 2260 627 2333; x_wconf 74' lang='grc' dir='ltr'><em>ᾤοντο</em></span> <span class='ocrx_word' id='word_1_180' title='bbox 675 2262 795 2314; x_wconf 90' lang='grc' dir='ltr'><em>δεῖν</em></span> <span class='ocrx_word' id='word_1_181' title='bbox 839 2263 1207 2330; x_wconf 89' lang='grc' dir='ltr'><em>κινδυνεύειν,</em></span> <span class='ocrx_word' id='word_1_182' title='bbox 1254 2261 1408 2331; x_wconf 82' lang='grc' dir='ltr'><em>ἡμεῖς</em></span> <span class='ocrx_word' id='word_1_183' title='bbox 1447 2261 1494 2314; x_wconf 88' lang='grc' dir='ltr'><em>δ’</em></span> <span class='ocrx_word' id='word_1_184' title='bbox 1527 2265 1605 2326; x_wconf 83' lang='grc' dir='ltr'><em>εἰς</em></span> <span class='ocrx_word' id='word_1_185' title='bbox 1649 2264 1844 2316; x_wconf 90' lang='grc' dir='ltr'><em>τοσαύ-</em></span> 
     </span>
    </p>
   </div>
   <div class='ocr_carea' id='block_1_5' title="bbox 78 2349 1844 2422">
    <p class='ocr_par' dir='ltr' id='par_1_5' title="bbox 78 2349 1844 2422">
     <span class='ocr_line' id='line_1_25' title="bbox 78 2349 1844 2422; baseline 0.001 -20"><span class='ocrx_word' id='word_1_186' title='bbox 78 2363 190 2403; x_wconf 82' lang='lat'>1012</span> <span class='ocrx_word' id='word_1_187' title='bbox 225 2370 325 2418; x_wconf 91' lang='grc' dir='ltr'><em>την</em></span> <span class='ocrx_word' id='word_1_188' title='bbox 370 2349 609 2419; x_wconf 78' lang='grc' dir='ltr'><em>ἀπορίαν</em></span> <span class='ocrx_word' id='word_1_189' title='bbox 665 2349 994 2418; x_wconf 86' lang='grc' dir='ltr'><em>ἐληλυθότες</em></span> <span class='ocrx_word' id='word_1_190' title='bbox 1048 2349 1138 2403; x_wconf 84' lang='grc' dir='ltr'><em>καὶ</em></span> <span class='ocrx_word' id='word_1_191' title='bbox 1192 2358 1445 2403; x_wconf 87' lang='grc' dir='ltr'><em>τοσοῦτοι</em></span> <span class='ocrx_word' id='word_1_192' title='bbox 1498 2352 1559 2403; x_wconf 91' lang='grc' dir='ltr'><em>τὸ</em></span> <span class='ocrx_word' id='word_1_193' title='bbox 1614 2349 1844 2422; x_wconf 56' lang='grc' dir='ltr'><em>πλῆίθος</em></span> 
     </span>
    </p>
   </div>
   <div class='ocr_carea' id='block_1_6' title="bbox 166 2438 1910 2510">
    <p class='ocr_par' dir='ltr' id='par_1_6' title="bbox 166 2438 1910 2510">
     <span class='ocr_line' id='line_1_26' title="bbox 166 2438 1910 2510; baseline 0.001 -19"><span class='ocrx_word' id='word_1_194' title='bbox 166 2440 342 2507; x_wconf 82' lang='grc' dir='ltr'><em>ὄντες,</em></span> <span class='ocrx_word' id='word_1_195' title='bbox 398 2439 578 2508; x_wconf 81' lang='grc' dir='ltr'><em>ὥσπερ</em></span> <span class='ocrx_word' id='word_1_196' title='bbox 634 2440 890 2507; x_wconf 89' lang='grc' dir='ltr'><em>βασιλεὺς</em></span> <span class='ocrx_word' id='word_1_197' title='bbox 936 2439 964 2491; x_wconf 91' lang='grc' dir='ltr'>ὁ</span> <span class='ocrx_word' id='word_1_198' title='bbox 1011 2438 1178 2508; x_wconf 87' lang='grc' dir='ltr'><em>μέγας</em></span> <span class='ocrx_word' id='word_1_199' title='bbox 1230 2445 1532 2508; x_wconf 88' lang='grc' dir='ltr'><em>μισθωτοῖς</em></span> <span class='ocrx_word' id='word_1_200' title='bbox 1585 2441 1844 2510; x_wconf 88' lang='grc' dir='ltr'><em>χρώμεθα</em></span> <span class='ocrx_word' id='word_1_201' title='bbox 1867 2460 1910 2493; x_wconf 81' lang='lat'><em>25</em></span> 
     </span>
    </p>
   </div>
   <div class='ocr_carea' id='block_1_7' title="bbox 166 2625 1844 3025">
    <p class='ocr_par' dir='ltr' id='par_1_7' title="bbox 166 2625 1844 2922">
     <span class='ocr_line' id='line_1_27' title="bbox 285 2625 1843 2685; baseline 0.001 -14"><span class='ocrx_word' id='word_1_202' title='bbox 285 2632 310 2671; x_wconf 82' lang='lat'><strong>2</strong></span> <span class='ocrx_word' id='word_1_203' title='bbox 352 2627 396 2671; x_wconf 84' lang='grc' dir='ltr'><em>οἱ</em></span> <span class='ocrx_word' id='word_1_204' title='bbox 434 2628 470 2671; x_wconf 92' lang='grc' dir='ltr'>Ρ</span> <span class='ocrx_word' id='word_1_205' title='bbox 592 2634 617 2672; x_wconf 86' lang='grc'><strong>6</strong></span> <span class='ocrx_word' id='word_1_206' title='bbox 658 2625 1012 2685; x_wconf 81' lang='grc' dir='ltr'><em>-χοῦντες-δέ</em></span> <span class='ocrx_word' id='word_1_207' title='bbox 1050 2644 1099 2685; x_wconf 81' lang='grc' dir='ltr'><em>γε</em></span> <span class='ocrx_word' id='word_1_208' title='bbox 1140 2628 1308 2672; x_wconf 75' lang='lat' dir='ltr'><strong>desunt</strong></span> <span class='ocrx_word' id='word_1_209' title='bbox 1346 2628 1395 2671; x_wconf 91' lang='lat' dir='ltr'><em>in</em></span> <span class='ocrx_word' id='word_1_210' title='bbox 1433 2629 1469 2672; x_wconf 95' lang='lat' dir='ltr'>P</span> <span class='ocrx_word' id='word_1_211' title='bbox 1509 2628 1608 2673; x_wconf 82' lang='lat' dir='ltr'>sine</span> <span class='ocrx_word' id='word_1_212' title='bbox 1648 2629 1843 2673; x_wconf 83' lang='lat' dir='ltr'>lacunae</span> 
     </span>
     <span class='ocr_line' id='line_1_28' title="bbox 166 2685 1843 2789; baseline 0.001 -59"><span class='ocrx_word' id='word_1_213' title='bbox 166 2685 341 2730; x_wconf 78' lang='lat' dir='ltr'>indicio</span> <span class='ocrx_word' id='word_1_214' title='bbox 372 2734 377 2739; x_wconf 60' lang='lat'>‚</span> <span class='ocrx_word' id='word_1_215' title='bbox 385 2686 743 2789; x_wconf 57' lang='grc' dir='ltr'><em>Ιέμμαχοῦντες</em></span> <span class='ocrx_word' id='word_1_216' title='bbox 774 2687 811 2730; x_wconf 93' lang='grc' dir='ltr'>Β</span> <span class='ocrx_word' id='word_1_217' title='bbox 843 2689 896 2730; x_wconf 78' lang='lat' dir='ltr'><em>ut</em></span> <span class='ocrx_word' id='word_1_218' title='bbox 934 2686 1134 2743; x_wconf 75' lang='lat' dir='ltr'>uidetur,</span> <span class='ocrx_word' id='word_1_219' title='bbox 1176 2687 1345 2732; x_wconf 82' lang='lat' dir='ltr'>deinde</span> <span class='ocrx_word' id='word_1_220' title='bbox 1384 2687 1549 2732; x_wconf 78' lang='lat' dir='ltr'>inserit</span> <span class='ocrx_word' id='word_1_221' title='bbox 1588 2686 1679 2732; x_wconf 79' lang='grc' dir='ltr'><em>ἐκλ’</em></span> <span class='ocrx_word' id='word_1_222' title='bbox 1707 2687 1843 2741; x_wconf 82' lang='grc' dir='ltr'><em>ἐξέλι-</em></span> 
     </span>
     <span class='ocr_line' id='line_1_29' title="bbox 166 2743 1843 2803; baseline 0.002 -15"><span class='ocrx_word' id='word_1_223' title='bbox 166 2761 278 2789; x_wconf 74' lang='lat' dir='ltr'><em>nov:</em></span> <span class='ocrx_word' id='word_1_224' title='bbox 313 2745 556 2790; x_wconf 77' lang='lat' dir='ltr'>deleuitB</span> <span class='ocrx_word' id='word_1_225' title='bbox 683 2750 707 2789; x_wconf 85' lang='grc'>7</span> <span class='ocrx_word' id='word_1_226' title='bbox 741 2745 848 2802; x_wconf 82' lang='grc' dir='ltr'><em>ἐξῆν</em></span> <span class='ocrx_word' id='word_1_227' title='bbox 873 2743 925 2790; x_wconf 83' lang='grc' dir='ltr'><em>δέ</em></span> <span class='ocrx_word' id='word_1_228' title='bbox 956 2761 1006 2802; x_wconf 76' lang='grc' dir='ltr'><em>γε</em></span> <span class='ocrx_word' id='word_1_229' title='bbox 1038 2760 1112 2790; x_wconf 91' lang='lat' dir='ltr'><em>om</em></span> <span class='ocrx_word' id='word_1_230' title='bbox 1136 2761 1165 2790; x_wconf 81' lang='lat' dir='ltr'><strong>v</strong></span> <span class='ocrx_word' id='word_1_231' title='bbox 1197 2760 1302 2790; x_wconf 86' lang='lat' dir='ltr'><em>cum</em></span> <span class='ocrx_word' id='word_1_232' title='bbox 1332 2746 1502 2791; x_wconf 84' lang='lat' dir='ltr'>lacuna</span> <span class='ocrx_word' id='word_1_233' title='bbox 1545 2749 1549 2803; x_wconf 90' lang='grc' dir='ltr'>Ι</span> <span class='ocrx_word' id='word_1_234' title='bbox 1594 2745 1843 2803; x_wconf 81' lang='grc' dir='ltr'><em>συστρέψαι</em></span> 
     </span>
     <span class='ocr_line' id='line_1_30' title="bbox 168 2803 1844 2869; baseline 0.001 -22"><span class='ocrx_word' id='word_1_235' title='bbox 168 2803 442 2869; x_wconf 81' lang='lat' dir='ltr'>Sylburgius</span> <span class='ocrx_word' id='word_1_236' title='bbox 558 2809 583 2848; x_wconf 88' lang='grc'>8</span> <span class='ocrx_word' id='word_1_237' title='bbox 618 2805 896 2861; x_wconf 80' lang='grc' dir='ltr'><em>ἐξενεγκᾶνα</em></span> <span class='ocrx_word' id='word_1_238' title='bbox 927 2805 963 2848; x_wconf 91' lang='grc' dir='ltr'><em>Ρ</em></span> <span class='ocrx_word' id='word_1_239' title='bbox 1018 2803 1170 2862; x_wconf 81' lang='grc' dir='ltr'><em>ἐξενέγ</em></span> <span class='ocrx_word' id='word_1_240' title='bbox 1172 2812 1296 2850; x_wconf 80' lang='grc' dir='ltr'><em>κᾶνα</em></span> <span class='ocrx_word' id='word_1_241' title='bbox 1327 2806 1364 2848; x_wconf 93' lang='grc' dir='ltr'>Β</span> <span class='ocrx_word' id='word_1_242' title='bbox 1420 2804 1754 2862; x_wconf 78' lang='grc' dir='ltr'><em>ἐξενέγκασθαι</em></span> <span class='ocrx_word' id='word_1_243' title='bbox 1783 2806 1844 2848; x_wconf 71' lang='grc' dir='ltr'><em>Β2</em></span> 
     </span>
     <span class='ocr_line' id='line_1_31' title="bbox 167 2823 1841 2924; baseline 0.001 -19"><span class='ocrx_word' id='word_1_244' title='bbox 167 2861 216 2905; x_wconf 84' lang='grc'><em>111</em></span> <span class='ocrx_word' id='word_1_245' title='bbox 239 2877 319 2920; x_wconf 87' lang='lat' dir='ltr'><em>mg</em></span> <span class='ocrx_word' id='word_1_246' title='bbox 412 2868 466 2907; x_wconf 89' lang='grc'><em>16</em></span> <span class='ocrx_word' id='word_1_247' title='bbox 501 2863 667 2922; x_wconf 76' lang='grc' dir='ltr'><em>ἔχουσά</em></span> <span class='ocrx_word' id='word_1_248' title='bbox 699 2881 794 2914; x_wconf 86' lang='grc' dir='ltr'><em>πως</em></span> <span class='ocrx_word' id='word_1_249' title='bbox 820 2863 987 2908; x_wconf 67' lang='grc' dir='ltr'><em>ἐστὶν“</em></span> <span class='ocrx_word' id='word_1_250' title='bbox 964 2881 993 2920; x_wconf 90' lang='grc' dir='ltr'><em>η</em></span> <span class='ocrx_word' id='word_1_251' title='bbox 1018 2863 1134 2918; x_wconf 82' lang='grc' dir='ltr'><em>λέξις</em></span> <span class='ocrx_word' id='word_1_252' title='bbox 1164 2868 1225 2924; x_wconf 81' lang='grc' dir='ltr'><em>τῷ</em></span> <span class='ocrx_word' id='word_1_253' title='bbox 1249 2865 1410 2909; x_wconf 88' lang='lat' dir='ltr'>MBP:</span> <span class='ocrx_word' id='word_1_254' title='bbox 1443 2879 1544 2908; x_wconf 86' lang='lat' dir='ltr'>corr</span> <span class='ocrx_word' id='word_1_255' title='bbox 1547 2823 1841 2920; x_wconf 64' lang='lat' dir='ltr'><em>ySylburgdus</em></span> 
     </span>
    </p>

    <p class='ocr_par' dir='ltr' id='par_1_8' title="bbox 288 2911 1842 2995">
     <span class='ocr_line' id='line_1_32' title="bbox 288 2911 1842 2995; baseline -0.001 -30"><span class='ocrx_word' id='word_1_256' title='bbox 288 2926 342 2965; x_wconf 91' lang='lat'><em>18</em></span> <span class='ocrx_word' id='word_1_257' title='bbox 381 2923 602 2995; x_wconf 81' lang='grc' dir='ltr'><em>τοιαύτην</em></span> <span class='ocrx_word' id='word_1_258' title='bbox 634 2923 835 2979; x_wconf 77' lang='lat' dir='ltr'>Krfiger:</span> <span class='ocrx_word' id='word_1_259' title='bbox 878 2923 1052 2980; x_wconf 81' lang='grc' dir='ltr'><em>ταύτην</em></span> <span class='ocrx_word' id='word_1_260' title='bbox 1094 2926 1100 2981; x_wconf 90' lang='grc' dir='ltr'>Ι</span> <span class='ocrx_word' id='word_1_261' title='bbox 1141 2911 1342 2968; x_wconf 84' lang='grc' dir='ltr'><em>τοσούτω</em></span> <span class='ocrx_word' id='word_1_262' title='bbox 1374 2923 1436 2967; x_wconf 72' lang='grc' dir='ltr'><em>Β2</em></span> <span class='ocrx_word' id='word_1_263' title='bbox 1473 2938 1552 2979; x_wconf 88' lang='lat' dir='ltr'><em>mg</em></span> <span class='ocrx_word' id='word_1_264' title='bbox 1591 2923 1640 2967; x_wconf 83' lang='lat' dir='ltr'><em>cf</em></span> <span class='ocrx_word' id='word_1_265' title='bbox 1672 2938 1702 2979; x_wconf 90' lang='lat' dir='ltr'>p</span> <span class='ocrx_word' id='word_1_266' title='bbox 1730 2927 1842 2965; x_wconf 80' lang='lat'>1004</span> 
     </span>
    </p>

    <p class='ocr_par' dir='ltr' id='par_1_9' title="bbox 286 2979 486 3025">
     <span class='ocr_line' id='line_1_33' title="bbox 286 2979 486 3025; baseline 0.01 -2"><span class='ocrx_word' id='word_1_267' title='bbox 286 2984 341 3023; x_wconf 79' lang='lat'><em>23</em></span> <span class='ocrx_word' id='word_1_268' title='bbox 374 2979 424 3024; x_wconf 87' lang='grc' dir='ltr'><em>δε</em></span> <span class='ocrx_word' id='word_1_269' title='bbox 456 2996 486 3025; x_wconf 82' lang='lat' dir='ltr'>v</span> 
     </span>
    </p>
   </div>
  </div>
 </body>
</html>
