2004 3202
106 1075 146 1106 10

112 1956 155 1989 20

159 125 227 178 88
578 122 919 168 ΔΙΟΝΤΣΙΟΤ
948 118 1416 172 ΑΛῙΚΑΒΝΑΣΕΩΣ

159 261 459 328 διεκείμην,
497 259 634 311 ὥστε
680 257 750 326 μὴ
798 258 970 325 μόνον
1013 250 1139 323 περὶ
1185 261 1296 306 τῶν
1348 253 1638 323 χρημάτων
1691 252 1829 306 ἀλλὰ

160 347 249 402 καὶ
271 346 396 417 περὶ
420 356 530 400 τῶν
554 347 735 399 ἄλλων
766 344 939 414 τούτῳ
971 342 1204 410 μάλιστα
1233 342 1526 394 πιστεύειν.
1580 340 1831 410 ἡγούμην

162 436 240 505 δέ,
279 438 325 489 εἰ
359 433 460 504 μὲν
490 437 762 504 προοίμην
792 434 1003 485 ἅπαντα
1035 431 1099 482 τὰ
1130 431 1393 499 χρήματα,
1429 430 1831 498 κινδυνεύσειν,

164 531 217 580 εἴ
242 545 293 578 τι
324 525 498 577 πάθοι
531 522 750 589 ἐκεῖνος,
790 517 1072 589 στερηθεὶς
1103 517 1194 571 καὶ
1224 528 1335 572 τῶν
1367 517 1570 572 ἐνθάδε
1600 517 1690 571 καὶ
1722 527 1834 571 τῶν

166 614 273 668 ε’κεῑ
309 614 531 666 πάντων
570 610 756 677 ἐνδεὴς
794 610 1150 676 γενήσεσθαι,
1190 608 1238 660 εῑ
1276 605 1327 660 δ’
1368 606 1654 676 ὁμολογῶν
1693 603 1835 659 εἶναι

167 701 567 761 ἐπιστείλαντος
598 698 856 767 Σατύρου
887 697 959 765 μὴ
990 695 1316 765 παραδοίην,
1349 697 1426 759 εἰς
1455 697 1550 758 τὰς
1581 698 1837 764 μεγίστας

168 790 425 857 διαβολὰς
480 787 712 856 ἐμαυτὸν
763 783 853 837 καὶ
893 785 1005 837 ’τὸν
1049 782 1255 854 πατέρα
1298 786 1654 852 καταστήσειν
1699 784 1836 854 πρὸς

168 878 439 946 Σάτυρον.
522 872 944 943 βουλευομένοις
999 868 1101 925 οὖν
1155 871 1286 941 ἡμῖν
1333 871 1508 925 ἐδόκει
1541 871 1839 941 Ἰβέλτιστον

169 962 309 1019 εἶναι
348 966 412 1016 τὰ
450 960 549 1032 μὲν
588 964 798 1031 φανερὰ
837 970 947 1014 τῶν
984 962 1276 1031 χρημάτων
1312 962 1676 1031 παραδοῦναι,
1713 959 1839 1031 περὶ

172 1050 232 1106 δὲ
271 1062 380 1105 τῶν
416 1053 561 1120 παρὰ
599 1051 772 1122 τούτῳ
812 1048 1078 1119 κειμένων
1112 1050 1183 1119 μὴ
1215 1052 1390 1119 μόνον
1421 1049 1651 1120 ἔξαρνον
1682 1045 1842 1118 εἶναι,

170 1141 306 1195 ἀλλά
343 1139 433 1193 καὶ
472 1140 766 1209 ὀφείλοντά
796 1159 860 1208 με
891 1137 982 1191 καὶ
1013 1139 1188 1210 τούτῳ
1222 1136 1313 1191 καὶ
1346 1136 1550 1209 ἑτέροις
1582 1137 1670 1191 ἐπὶ
1701 1141 1841 1210 τόκῳ

171 1231 469 1299 φαίνεσθαι
513 1226 604 1280 καὶ
649 1228 827 1280 πάντα
879 1236 1085 1295 ποιεῖν,
1141 1226 1193 1291 ἐξ
1241 1223 1321 1280 ὧν
1367 1227 1566 1281 ἐκεῖνοι
1610 1227 1845 1296 μάλιστα

170 1315 419 1387 ἤμελῇλον
462 1318 865 1384 πεισθήσεσθαι
911 1317 983 1385 μὴ
1031 1312 1177 1369 εἶναί
1218 1336 1311 1385 μοι
1364 1319 1626 1387 χρήματα.
1702 1318 1823 1369 τότε
1847 1332 1930 1373 581

171 1403 270 1475 μὲν
317 1401 441 1473 οὖν,
489 1402 529 1458 ὦ
570 1406 767 1475 ἄνδρες
814 1406 1089 1473 δικασταί,
1144 1403 1394 1474 ἐνόμιζόν
1439 1425 1532 1475 μοι
1578 1408 1846 1458 Πασίωνα

129 1515 148 1546 5
172 1493 245 1549 δι’
293 1495 514 1548 εὔνοιαν
568 1495 779 1547 ἅπαντα
831 1502 1000 1547 ταῦτα
1055 1494 1467 1563 συμβουλεύειν.
1544 1493 1730 1562 ἐπειδὴ
1784 1491 1846 1547 δὲ

174 1590 341 1636 ταῦτα
393 1583 528 1652 πρὸς
572 1584 700 1644 τοὺς
745 1581 871 1652 περὶ
918 1583 1178 1653 Σάτυρον
1224 1581 1618 1652 διεπραξάμην,
1669 1585 1847 1650 ἔγνων

175 1670 343 1724 αὐτὸν
379 1669 804 1738 ἐπιβουλεύοντα
835 1680 949 1734 τοῖς
981 1671 1142 1740 ἐμοῖς.
1204 1669 1547 1740 βουλομένου
1578 1673 1683 1741 γὰρ
1713 1670 1848 1740 ἐμοῦ

176 1762 509 1827 κομίσασθαι
547 1759 822 1828 τάμαυτοῦ
861 1758 951 1812 καὶ
989 1764 1148 1813 πλεῖν
1179 1761 1257 1822 εἰς
1287 1761 1608 1828 Βυζάντιον,
1646 1759 1850 1829 ἡγησά-

178 1867 338 1916 μενος
378 1843 536 1910 οὗτος
573 1849 866 1901 κάλλιστον
903 1849 1098 1918 καιρὸν
1144 1848 1293 1919 αὑτῷ
1337 1847 1850 1918 παραπεπτωκέναι·

178 1937 242 1989 τὰ
274 1932 374 2003 μὲν
404 1937 506 2005 γὰρ
539 1938 781 2006 χρήματα
811 1939 988 1990 πολλὰ
1018 1932 1161 1990 εἶναι
1191 1938 1258 1990 τὰ
1287 1936 1416 2006 παρ’
1448 1921 1597 2009 αὐτῷ
1630 1939 1851 2007 κείμενα

180 2022 340 2092 <καὶ>
387 2023 508 2087 ἄξια
559 2024 967 2094 ἀναισχυντίας,
1023 2022 1115 2094 ἐμὲ
1161 2022 1222 2078 δὲ
1266 2030 1488 2079 πολλῶν
1533 2025 1852 2079 ἀκουόντων

181 2111 410 2181 ἔξαρνον
448 2119 778 2180 γεγενῆσθαι
817 2111 989 2182 μηδὲν
1027 2119 1323 2182 κεκτῆσθαι
1353 2113 1494 2167 πᾶσί
1518 2133 1576 2167 τε
1607 2114 1854 2183 φανερὸν

182 2200 584 2269 ἀπαιτούμενον
628 2200 718 2254 καὶ
766 2200 969 2271 ἑτέροις
1015 2202 1393 2271 ὁμολογοῦντα
1439 2202 1709 2271 ὀφείλειν·
1762 2200 1852 2254 καὶ

308 2455 325 2490 1
363 2447 464 2500 περὶ
496 2446 738 2504 χρημάτων
769 2449 811 2492 Is
904 2454 929 2493 2
961 2449 1194 2509 μ[άλι]στα
1218 2450 1278 2494 F²
1307 2465 1412 2494 cum
1441 2463 1516 2494 ras
1545 2451 1550 2506 Ι
1577 2448 1854 2506 ἡγούμην-

187 2510 212 2552 8
252 2506 365 2559 πρὸς
405 2504 618 2560 Σάτυρον
655 2520 730 2550 om
767 2507 810 2550 IS
942 2514 967 2552 3
999 2507 1308 2566 προαιροίμην
1347 2509 1382 2551 F
1432 2511 1438 2566 Ι
1487 2507 1779 2552 κινδυνεύειν
1818 2507 1855 2555 F

306 2570 330 2607 5
363 2564 562 2622 ενδε[ὴς]
588 2579 691 2608 cum
715 2579 788 2609 ras
814 2566 873 2609 F’
962 2573 987 2611 8
1020 2567 1317 2626 βουλομένοις
1339 2567 1387 2610 Μ
1479 2571 1534 2610 10
1566 2565 1756 2621 ἱξαρνον
1780 2566 1818 2610 Β
1841 2566 1858 2668 l

187 2625 294 2681 post
326 2619 447 2666 εἶναι
472 2623 506 2665 Ρ
539 2623 642 2677 περὶ
673 2621 724 2667 δὲ
756 2632 846 2669 τῶν
877 2625 1005 2681 παρὰ
1036 2628 1180 2687 τούτῳ
1211 2624 1435 2683 κειμένων
1466 2625 1608 2670 iterat
1690 2630 1742 2668 11
1777 2642 1835 2669 κα

188 2682 334 2727 τούτω
373 2682 451 2725 καὶ
492 2679 660 2736 ἑτέροις
698 2683 761 2727 Is:
809 2684 887 2727 καὶ
933 2686 1076 2730 τούτω
1123 2685 1341 2740 καθάπερ
1382 2683 1430 2728 εἴ
1460 2699 1510 2742 γε
1548 2685 1584 2727 F
1637 2682 1857 2739 καθάπερ

189 2728 328 2784 ΜΒΡ
413 2744 466 2783 12
501 2738 697 2784 εκείνοι.
727 2755 830 2784 eum
853 2757 927 2786 ras
952 2744 987 2786 F
1074 2750 1126 2788 13
1158 2745 1318 2801 ἤμελλε
1342 2744 1400 2786 F¹
1428 2745 1433 2800 Ι
1461 2743 1775 2797 πευθήσεσθαι
1799 2743 1859 2786 F¹

310 2803 363 2843 16
396 2797 523 2852 παρὰ
550 2800 761 2853 Σατύρου
793 2801 835 2842 Is
936 2807 988 2845 19
1021 2800 1154 2854 οὗτος
1185 2804 1248 2848 Is:
1288 2803 1444 2852 αὐτὸς.
1465 2802 1670 2845 F²MBP
1702 2803 1861 2852 αὐτοῖς

191 2858 250 2902 F¹
277 2860 283 2914 Ι
311 2859 433 2916 αὐτῷ
466 2857 578 2900 F¹M
684 2863 738 2902 20
771 2857 857 2915 γὰρ
893 2860 941 2902 in
973 2861 1114 2906 litura
1146 2864 1374 2906 corrector
1403 2861 1451 2903 M
1561 2865 1616 2903 22
1647 2858 1760 2904 πᾶσί
1790 2861 1859 2918 τε]

192 2922 304 2961 πᾶσι
336 2914 384 2960 δ’
415 2912 537 2960 εἶναι
566 2916 607 2960 Is
