2004 3202
111 252 211 299 τοῦ
250 246 420 312 λόγου
461 247 670 311 γίνεται
710 246 973 314 φανερόν,
1012 245 1164 297 οὔπω
1203 243 1450 312 πέμπτον
1479 242 1605 311 (καὶ
1637 242 1792 296 δέκα-

112 334 262 402 τον),
302 333 375 395 ὡς
415 331 712 402 ἐδείξαμεν,
752 335 872 396 ε”τος
910 335 1132 402 ἔχοντος
1169 331 1356 385 αὐτοῦ.
1413 333 1568 384 Κατὰ
1605 333 1792 400 Κηρύ-

111 438 244 475 κων·
285 420 354 474 (εἰ
392 418 494 490 μὲν
532 421 560 474 6
599 423 795 491 πατήρ,
835 418 877 475 ὦ
917 422 1150 490 ἄνδρεςὲ
1212 417 1373 483 οὗτος
1405 420 1433 474 6
1466 420 1617 488 ἀγὼν
1648 425 1793 490 εἴρη-

51 527 54 530 ·
109 529 198 563 ται
238 508 317 562 ἐπ’
357 510 622 579 ἄρχοντος
660 509 958 578 Εὐβούλου
996 510 1029 579 ἢ
1070 513 1352 563 Λυκίσκου
1392 516 1491 569 τοῦ
1530 507 1641 578 μετ’
1681 509 1791 561 Εὕ-

109 601 335 667 βουλον,
367 598 519 651 οὔπω
553 599 839 666 εἰκοστ<ὸν
869 601 989 661 ἔτος
1020 601 1278 668 ἔχ>οντος
1310 597 1524 650 αὐτοῦ.
1586 596 1658 650 .ὁ
1691 593 1793 665 μὲν

109 688 214 756 γὰρ
276 688 440 754 λόγος
491 690 623 756 περί
671 707 823 749 τινος
877 686 1368 756 ἀποψηφισθέντος
1421 684 1650 754 γέγονεν
1705 683 1784 737 ἐπ’

101 772 324 845 Ἀρχίου
363 783 462 828 τοῦ
501 777 634 845 μετὰ
676 775 1057 845 Θεμιστοκλέα.
1118 777 1290 844 δῆλον
1329 774 1377 828 δ’
1415 773 1646 828 ἕκαστον
1682 783 1794 826 τῶν

27 925 35 934 0
109 862 414 933 εἰρημένων
460 862 513 927 ἐξ
562 863 733 916 αὐτοῦ
779 872 879 917 τοῦ
926 866 1097 932 λόγου
1143 867 1402 932 γίγνεται.
1478 864 1634 916 Κατὰ
1679 865 1794 914 Μο-

16 964 30 994 ¹
111 955 361 1021 σχίωνος,
401 950 869 1021 ἀπογραψαμένου
909 952 1079 1005 αὐτὸν
1117 954 1448 1006 Νικοδίκου·
1491 953 1622 1005 τῶν
1660 950 1793 1003 ἀπο-

23 1027 34 1069 )
108 1039 531 1110 ψηφισαμένων,
582 1037 623 1093 ὦ
672 1041 892 1110 ἄνδρες,
939 1040 1163 1094 τουτουὶ
1211 1044 1540 1110 Μοσχίωνος
1587 1042 1792 1109 συμβα-

109 1130 256 1182 λών.’
333 1128 424 1182 καὶ
471 1125 633 1191 οὗτος
679 1128 707 1182 6
756 1131 919 1196 λόγος
964 1131 1099 1182 κατὰ
1147 1131 1276 1192 τοὺς
1319 1129 1519 1191 αὐτοὺς
1558 1130 1793 1198 χρόνους

35 1291 37 1293 ρ
108 1225 184 1290 τῷ
228 1217 476 1289 προτέρῳ
524 1223 748 1287 εἴρηται.
825 1219 1090 1285 δηλοῦται
1138 1217 1186 1271 δ’
1226 1221 1286 1271 ἔκ
1324 1238 1382 1271 τε
1422 1218 1588 1285 αὐτῆς
1627 1217 1792 1285 <τῆς>

80 1306 293 1375 θάρχῆς
338 1314 438 1359 τοῦ
485 1308 655 1374 λόγου
701 1305 791 1358 καὶ
834 1307 839 1373 Ι
884 1306 995 1375 [τὰ]
1045 1317 1156 1359 τῶν
1203 1305 1336 1375 ἑξῆς.
1411 1308 1566 1359 Κατὰ
1612 1309 1792 1358 Μενε-

15 1418 36 1459 g
107 1394 302 1457 κλέους
340 1394 653 1462 ἀπαγωγῆς·
693 1391 754 1447 εὦ
795 1396 993 1464 ἄνδρες
1031 1397 1300 1465 δικασταί,
1338 1395 1430 1449 καὶ
1464 1405 1575 1448 τῶν
1605 1396 1793 1463 νόμων

16 1485 36 1550 s:
107 1482 234 1537 καθ’
261 1483 391 1546 οὕς.’
444 1482 535 1536 καὶ
561 1479 722 1545 οὗτος
746 1488 956 1553 εἴρηται
976 1486 1173 1547 παιδὸς
1189 1487 1349 1548 ὄντος
1366 1487 1446 1537 ἔτι
1461 1484 1791 1551 Δεινάρχου.

15 1556 23 1592 '¹
109 1571 139 1626 6
193 1569 295 1641 μὲν
348 1573 453 1642 γὰρ
500 1573 825 1641 κρινόμενός
872 1571 985 1625 ἐστι
1032 1576 1319 1641 Μενεκλῆς
1366 1573 1394 1626 6
1441 1573 1543 1641 τὴν
1590 1570 1795 1641 ἱέρειαν

25 1660 34 1725 ἶ
109 1663 293 1714 Νῖνον
340 1659 504 1728 ἑλών,
551 1660 580 1713 6
629 1657 690 1712 δὲ
736 1671 1059 1731 κατηγορῶν
1104 1663 1226 1724 υἱὸς
1271 1669 1366 1730 τῆς
1406 1664 1602 1714 Νίνου.
1680 1662 1794 1712 ἔστι

16 1760 30 1804 ,’
110 1746 171 1802 δὲ
223 1757 393 1802 ταῦτα
445 1749 788 1819 πρεσβύτερα
841 1756 936 1817 τῆς
982 1751 1298 1820 Δεινάρχου
1344 1750 1530 1819 ἀκμῆς.
1615 1748 1643 1801 6
1693 1744 1794 1816 μὲν

107 1839 213 1906 γὰρ
260 1836 664 1906 Δημοσθένους
715 1837 841 1908 περὶ
895 1846 994 1891 τοῦ
1045 1839 1314 1908 ὀνόματος
1361 1836 1792 1907 [δεδηλώκαμεν]

43 1963 52 1966 -
110 1926 290 1994 λόγος,
329 1925 390 1978 έν
430 1918 472 1997 ᾧ
510 1926 723 1978 τούτων
760 1924 1043 1995 μέμνηται,
1082 1929 1216 1980 κατὰ
1259 1926 1498 1980 Θέελλον
1535 1926 1568 1994 ἢ
1601 1925 1793 1978 Ἀπολ-

110 2014 361 2082 λόδωρον
406 2014 644 2082 ἄρχοντα
689 2013 1018 2082 τετέλεσται,
1065 2015 1138 2077 ὡς
1185 2014 1245 2067 ἐν
1290 2024 1404 2077 τοῖς
1442 2013 1568 2084 περὶ
1607 2019 1793 2083 Δημο-

112 2100 351 2163 σθένους
398 2101 795 2170 δεδηλώκαμεν.
873 2103 921 2155 εῑ
968 2102 1015 2155 δ’
1063 2104 1135 2165 ὡς
1181 2105 1512 2171 τεθνηκότος
1549 2104 1654 2171 ἤδη
1694 2110 1792 2154 τοῦ

234 2325 256 2363 1
301 2319 428 2364 οὔπω
461 2319 718 2364 Victorius:
760 2318 877 2364 οὔτω
909 2320 944 2363 F
987 2322 992 2377 Ι
1043 2320 1123 2364 καὶ
1162 2318 1359 2364 δέκατον
1399 2320 1590 2364 additur
1627 2320 1677 2363 in
1714 2335 1794 2376 mg

43 2383 45 2386 '
113 2378 234 2422 Bodl
348 2384 372 2422 2
408 2377 647 2435 ἐδείξαμεν
678 2378 917 2423 Reiskius:
951 2378 1162 2435 δείξομεν
1187 2379 1221 2422 F
1250 2382 1255 2437 Ι
1284 2380 1511 2436 Κηρύκων
1538 2378 1791 2436 Sauppius:

35 2482 38 2486 Α
112 2437 268 2482 fuerat
299 2439 514 2494 κηρύκων
651 2443 675 2481 5
725 2438 852 2482 οὔπω
886 2438 1131 2496 εἰκοστ<ὸν
1165 2437 1263 2489 ἔτος
1297 2438 1320 2482 ἔ
1318 2439 1535 2498 χ>οντος]
1570 2439 1697 2482 οὔπω
1730 2437 1793 2481 εἷ’-

12 2527 14 2530 -
112 2511 215 2541 κοσι
254 2496 387 2548 ὄντος
418 2497 452 2540 F
516 2497 643 2541 οὔπω
685 2496 858 2541 εἴκοσιν
900 2496 974 2554 ἔτη
1018 2497 1200 2555 ἔχοντος
1239 2497 1513 2555 Sylburgius
1549 2499 1554 2556 1
1596 2498 1792 2541 lacunae

16 2568 38 2606 ,ς
115 2555 250 2613 signa
290 2556 455 2600 addidi
564 2561 587 2599 7
629 2554 806 2613 Ἀρχίου
847 2555 1144 2613 Sylburgiusz
1192 2557 1380 2630 ἀρχειοῦ
1412 2558 1448 2600 F
1541 2563 1566 2600 9
1602 2563 1656 2601 10
1702 2564 1793 2600 τῶν

113 2613 551 2671 ἀποψηφισαμένων
571 2615 824 2671 Sauppius:
849 2615 954 2659 υἱὸν
978 2616 1405 2672 ἀποψηφισαμενον
1421 2617 1456 2659 F
1543 2621 1597 2659 10
1617 2614 1719 2661 τουῖ
1715 2615 1791 2659 F:

15 2702 18 2709 ·
114 2686 216 2717 corr
248 2674 523 2731 Sylburgius
648 2679 703 2717 10
738 2680 788 2717 11
817 2675 1078 2749 συμβαλών]
1112 2690 1199 2731 συμ
1229 2675 1279 2719 111
1310 2690 1385 2719 ras
1418 2676 1452 2718 F
1575 2680 1629 2719 12
1665 2675 1713 2719 ἔκ
1745 2690 1792 2717 τε

113 2734 256 2790 αὐτῆς
271 2740 351 2790 τῆς
363 2734 616 2778 UseneruS:
643 2733 692 2777 ἐκ
710 2740 790 2789 τῆς
813 2734 955 2790 αὐτῆς
970 2734 1005 2777 F
1069 2739 1122 2777 13
1140 2733 1197 2778 τὰ
1217 2735 1310 2779 secl
1327 2734 1619 2801 Sylburgiusl
1639 2734 1742 2790 ἑξῆς
1757 2733 1791 2774 F

174 2797 229 2836 14
261 2791 345 2836 ἀπ’
381 2793 563 2849 ἀγωγῆς
588 2793 644 2836 F:
670 2806 772 2835 corr
788 2792 1022 2836 Victorius
1116 2799 1169 2837 15
1196 2793 1394 2850 εἶ’ρηταιε
1426 2811 1502 2837 ται
1526 2809 1575 2836 111
1598 2808 1672 2837 raS
1698 2793 1733 2835 F

117 2854 169 2893 17
205 2850 317 2895 ἑλών
348 2851 586 2895 Valesius:
626 2850 673 2908 ἔχ
677 2868 741 2895 ων
773 2851 808 2894 F
941 2857 995 2896 19
1028 2853 1355 2909 δεδηλώκαμεν
1388 2852 1482 2897 secl
1515 2851 1791 2908 Sylburgius

234 2914 290 2952 20
327 2908 522 2955 Θέελλον
555 2909 759 2954 Curtius:
792 2910 1023 2955 θεσσαλὸν
1055 2911 1090 2954 F

703 111 847 152 ΠΕΡΙ
870 110 1216 153 ΔΕΙΝΑΡΧΟΤ
1684 108 1794 160 313
1884 146 1886 149 .
1905 165 1911 174 θ

1817 1063 1861 1095 10

1818 1504 1861 1537 15

1818 1948 1863 1980 20
