2004 3202
682 166 826 206 ΠΕΡΙ
856 163 1259 207 ΘΟΤΚΤΔΙΔΟΤ
1708 161 1814 214 329

138 299 389 351 πείθεται
428 305 503 369 τῷ
540 303 824 368 καθηγητῇ
866 298 1148 351 Πλάτωνι·
1189 293 1267 350 ὧν
1302 296 1416 350 ἐστι
1455 298 1522 350 τὰ
1558 295 1682 365 περὶ
1722 304 1816 364 τῆς

49 398 134 440 816
154 384 301 448 ἰδέας
336 383 428 438 καὶ
463 387 529 438 τὰ
559 385 685 456 περὶ
716 384 983 457 τάξγαθοῦ
1013 384 1104 438 καὶ
1136 387 1200 439 τὰ
1230 383 1356 456 περὶ
1387 392 1482 453 τῆς
1519 387 1815 446 πολιτείας·

135 473 299 536 αὐτός
337 494 394 527 τε
433 474 461 527 ὁ
504 476 742 528 Πλάτων
780 475 1141 545 Παρμενίδην
1179 472 1270 527 καὶ
1307 475 1687 551 Πρωταγόραν
1725 472 1815 525 καὶ

138 563 371 630 Ζήνωνα
399 561 491 615 καὶ
523 572 634 616 τῶν
665 565 848 617 ἄλλων
880 565 1234 632 φυσιολόγων
1266 562 1366 616 οὐκ
1390 563 1614 630 ὀλίγους
1644 561 1815 631 ἡμαρ-

135 653 363 719 τηκότας
403 650 798 704 ἀποδεικνύναι
837 651 1114 720 βούλεται·
1154 649 1244 704 καὶ
1285 649 1469 713 οὐδεὶς
1507 650 1656 722 αὐτῷ
1694 648 1808 703 κατ’
1862 665 1884 698 5

137 739 271 791 αὐτό
312 759 374 806 γε
420 747 583 792 τοῦτο
632 739 876 810 ἐπιτιμᾷ,
926 739 1342 808 ἐνθυμούμενος
1389 739 1473 792 ὅτι
1520 746 1615 807 τῆς
1662 743 1819 808 φιλο-

137 829 317 896 σόφου
355 830 595 898 θεωρίας
642 829 844 890 σκοπός
891 826 1040 880 ἐστιν
1077 827 1110 895 ἡ
1150 834 1245 895 τῆς
1291 827 1553 895 ἀληθείας
1598 835 1819 895 γνῶσις,

136 914 229 985 ἀφ’
277 911 341 984 ἧς
379 914 470 968 καὶ
509 917 569 968 τὸ
609 923 708 968 τοῦ
748 918 876 984 βίου
914 914 1070 978 τέλος
1107 918 1318 983 γίνεται
1358 917 1615 984 φανερόν.
1679 916 1819 968 ὅπου

137 1005 204 1073 δὴ
237 1007 366 1067 τοὺς
396 1003 522 1075 περὶ
554 1005 845 1074 δογμάτων
876 1003 1311 1074 διαφερομένους
1344 1002 1528 1066 οὐδεὶς
1551 1002 1820 1073 μέμφεται

0 1099 36 1173 3⁴
135 1100 231 1161 τῆς
275 1092 669 1163 προαιρέσεως,
716 1095 764 1146 εἰ
810 1094 883 1162 μὴ
933 1094 1112 1146 πάντα
1158 1095 1224 1146 τὰ
1273 1101 1384 1146 τῶν
1432 1091 1820 1163 πρεσβυτέρων
1843 1108 1887 1140 10

0 1174 20 1255 ᾖ.
138 1180 478 1250 ἐπαινοῦσιν,
529 1178 562 1250 ἦ
601 1199 710 1235 που
749 1183 878 1244 τούς
915 1202 978 1250 γε
1015 1180 1418 1252 προελομένους
1464 1182 1821 1251 χαρακτήρων

0 1283 3 1344 5
139 1271 386 1338 ἰδιότητα
425 1271 667 1338 δηλῶσαι
713 1268 962 1339 μέμψαιτ’
1009 1271 1077 1322 ἄν
1115 1290 1220 1339 τις,
1269 1272 1320 1323 εί
1362 1271 1433 1339 μὴ
1472 1270 1648 1332 πάσας
1686 1290 1822 1340 μαρ-

24 1356 26 1358 ’
135 1366 368 1429 τυροῦσι
407 1367 522 1421 τοῖς
551 1360 657 1428 πρὸ
691 1358 876 1412 αὐτῶν
905 1357 996 1411 καὶ
1028 1360 1123 1421 τὰς
1154 1359 1226 1427 μὴ
1257 1359 1570 1428 προσούσας
1602 1358 1820 1428 ἀρετάς;

237 1444 336 1499 ἶῈν
389 1447 470 1498 ἔτι
522 1449 768 1499 λείπεταί
816 1467 910 1515 μοι
963 1445 1127 1516 μέρος
1186 1446 1485 1514 ἀπολογίας
1538 1431 1872 1515 δεόμενον,4

139 1533 452 1604 ἐπίφθονον
483 1533 585 1603 μέν
615 1554 668 1586 τι
697 1536 1047 1604 κατηγόρημα
1085 1532 1176 1586 καὶ
1208 1543 1323 1596 τοῖς
1353 1539 1578 1596 πολλοῖς
1609 1554 1820 1605 κεχαρι-
1845 1549 1889 1582 15

140 1622 360 1692 σμένον,
405 1623 607 1693 ῥᾳδίως
647 1621 696 1675 δ’
744 1621 1132 1691 ἐξελεγχθῆναι
1172 1624 1569 1692 δυνησόμενον,
1610 1623 1682 1685 ὡς
1721 1622 1822 1676 οὐκ

141 1714 292 1765 ἔστιν
329 1711 496 1779 ὑγιές.
565 1711 631 1764 οὐ
671 1713 775 1781 γὰρ
816 1713 864 1764 εἰ
894 1719 957 1781 τῇ
992 1712 1223 1780 δυνάμει
1263 1714 1566 1780 λειπόμεθα
1610 1715 1822 1764 Θουκυ-

53 1811 137 1854 817
157 1798 336 1871 δίξδου
375 1819 432 1852 τε
470 1799 561 1852 καὶ
598 1809 710 1852 τῶν
749 1801 933 1853 ἄλλων
972 1799 1210 1870 ἀνδρῶν,
1250 1799 1341 1852 καὶ
1379 1801 1439 1852 τὸ
1479 1801 1823 1869 θεωρητικὸν

140 1889 323 1941 αὐτῶν
384 1887 816 1957 ἀπολωλέκαμεν.
907 1885 1038 1941 οὐδὲ
1091 1890 1196 1958 γὰρ
1255 1890 1351 1951 τὰς
1403 1887 1670 1942 Ἀπελλοῦ
1731 1886 1821 1941 καὶ

143 1976 405 2040 Ζεύξιδος
451 1975 541 2029 καὶ
589 1975 989 2047 Πρωτογένους
1035 1975 1126 2029 καὶ
1171 1986 1282 2029 τῶν
1328 1978 1512 2030 ἄλλων
1562 1976 1820 2047 γραφέων
1844 1992 1887 2023 20

141 2074 251 2118 τῶν
290 2064 755 2134 διωνομασμένων
800 2063 992 2133 τέχνας
1038 2065 1091 2117 οἱ
1136 2065 1208 2133 μὴ
1248 2066 1343 2127 τὰς
1390 2065 1558 2127 αὐτὰς
1608 2068 1824 2134 ἔχοντες

142 2152 371 2216 ἐκείνοις
410 2153 604 2224 ἀρετὰς
641 2157 853 2223 κρίνειν
890 2153 1251 2221 κεκώλυνται,
1303 2150 1433 2206 οὐδὲ
1483 2155 1548 2205 τά
1592 2155 1823 2206 Φειδίου

141 2240 232 2294 καὶ
272 2245 652 2295 Πολυκλείτου
691 2240 781 2294 καὶ
817 2241 1096 2308 Μύρωνος
1135 2243 1268 2309 ἔργα
1308 2242 1360 2293 οἱ
1400 2242 1471 2309 μὴ
1511 2246 1823 2309 τηλικοῦτοι

143 2331 486 2401 δημιουργοί.
564 2329 632 2382 ἐῶ
679 2331 784 2399 γὰρ
837 2328 1041 2397 λέγειν,
1094 2329 1176 2382 ὅτι
1225 2334 1447 2382 πολλῶν
1494 2331 1673 2399 ἔργων
1723 2329 1822 2398 οὐχ

263 2553 285 2592 1
322 2548 414 2592 ἐστὶ
445 2547 558 2592 τὰ..
581 2552 633 2591 ,2
666 2545 898 2598 πολιτείας
920 2547 968 2590 Μ
1001 2546 1093 2590 ἐστὶ
1126 2546 1206 2590 καὶ
1236 2545 1317 2590 τὰ.
1339 2544 1629 2597 ..πολιτείας
1658 2547 1697 2591 f:
1732 2547 1824 2590 ἐστὶ

143 2605 200 2650 τὰ
241 2607 347 2663 περὶ
385 2614 465 2664 τῆς
511 2604 743 2657 πολιτείας
774 2606 832 2649 Ρ1
871 2606 950 2649 καὶ
1000 2608 1108 2650 ante
1147 2604 1205 2649 τὰ
1245 2619 1458 2662 suprascr
1496 2606 1555 2648 P2
1594 2605 1824 2650 recentior

145 2665 345 2722 denique
377 2680 542 2710 manus
575 2664 755 2721 reliqua
785 2664 836 2708 in
866 2679 999 2722 marg
1031 2664 1251 2721 adposuit
1400 2670 1425 2708 3
1459 2665 1756 2721 προταγόραν
1787 2665 1824 2707 Ρ

198 2727 205 2729 “
234 2730 262 2768 4
284 2725 468 2781 ’ζήζωνα
500 2725 571 2767 Μ1
691 2730 716 2768 6
749 2730 829 2779 τῆς
861 2723 1139 2780 φιλοσοφίας
1171 2723 1429 2780 φιλοσόφου
1460 2739 1516 2780 pr
1547 2724 1582 2766 P
1674 2729 1700 2767 8
1732 2721 1817 2779 ἀφ’

148 2778 200 2836 ἧς
227 2819 263 2827 ..
286 2821 294 2827 .
322 2789 530 2840 φανερόν
570 2783 902 2839 suspectabant
941 2783 1203 2840 Kruegerus
1236 2785 1283 2826 eb
1309 2783 1515 2826 Sadaeus
1625 2787 1677 2825 13
1709 2798 1823 2837 προ-

149 2849 315 2893 σοῦσας
338 2843 430 2886 ΜΡ
522 2847 577 2885 14
603 2841 738 2898 μέρος
761 2855 875 2885 caue
899 2855 956 2886 ne
983 2845 1231 2899 suspecte&
1265 2842 1315 2885 cf
1336 2842 1391 2886 de
1415 2842 1519 2897 Lys.
1541 2846 1594 2884 15
1611 2856 1642 2897 p
1659 2846 1758 2894 486,
1776 2840 1819 2898 11

149 2899 409 2958 ἀπολογίων
439 2902 475 2944 Ρ
598 2906 650 2945 18
681 2916 730 2944 τε
762 2901 840 2943 καὶ
871 2916 919 2944 τε
950 2909 1041 2945 τῶν
1065 2902 1100 2944 Ρ
1242 2906 1294 2944 19
1327 2898 1524 2944 ἀπέλλου
1549 2899 1689 2943 MPf:
1723 2913 1824 2942 corr

151 2957 397 3016 Sylburgio
431 2962 618 3004 auctore
649 2960 911 3016 Kruegerus
1032 2965 1086 3004 22
1119 2977 1146 3004 n
1166 2986 1173 2993 ·
1193 2958 1363 3004 κάλυντ
1385 2984 1421 2992 --
1448 2959 1518 3001 Μι
