1958 3192
823 81 1207 124 —XVHJ—

180 221 426 271 exaratus
458 221 540 271 est
569 235 678 270 non
709 217 903 269 eisdem
935 219 1094 284 atque
1126 214 1200 267 eis
1234 214 1326 283 qui
1356 214 1411 266 in
1434 219 1584 284 parte
1616 217 1859 285 sequenti

180 307 218 360 f.
257 306 475 360 33—85
515 305 714 359 uersati
753 309 890 358 sunt.
966 304 1090 356 hinc
1127 302 1300 355 facilis
1346 322 1406 356 ac
1443 303 1739 357 necessaria
1777 307 1864 356 est

188 395 519 464 coniectura,
570 394 750 463 plures
804 394 987 446 eodem
1041 395 1279 460 tempore
1331 391 1577 444 librarios
1631 393 1688 444 in
1734 393 1859 445 scri-

180 483 352 536 bendo
392 483 568 536 codice
614 482 856 534 Palatino
905 482 1187 548 occupatos
1232 479 1423 549 fuisse,
1475 483 1536 533 ut
1582 481 1675 533 alii
1719 481 1864 534 libro

182 572 245 624 de
292 571 483 640 Thuc.‚
537 571 627 622 alii
679 570 818 622 libro
873 569 935 621 de
988 568 1138 620 Dem.
1193 568 1555 638 epistulaeque
1613 569 1866 638 adnexae,

183 678 321 712 unus
360 659 582 728 reliquis
621 677 651 710 a
688 659 724 710 f.
765 659 832 710 89
885 675 1099 725 operam
1139 655 1337 709 darent.
1411 657 1572 709 Liber
1618 658 1679 710 de
1719 657 1863 710 Thu-

184 748 369 816 cydide
408 748 463 799 in
501 747 602 799 1106
641 746 818 799 codice
859 745 1002 796 ‘miro
1054 744 1212 796 modo
1261 745 1507 798 turbatus
1555 749 1657 798 est:
1708 745 1864 798 locus

183 855 233 905 p.
266 836 388 904 328,
413 835 683 903 24-330,
708 835 778 886 22
817 852 912 886 suo
942 832 1059 885 loco
1093 832 1322 886 omissus
1352 837 1538 906 postea
1566 853 1616 903 p.
1641 834 1764 903 332,
1791 835 1860 886 19

188 925 243 976 111
281 924 455 976 media
493 942 622 975 uoce
661 921 1005 990 interpositus
1050 921 1249 990 legitur
1298 921 1530 990 itemque
1568 941 1618 990 p.
1651 923 1773 991 340,
1792 923 1866 974 14

191 1013 472 1081 —342,16
542 1012 680 1063 inter
739 1029 787 1078 p.
821 1010 944 1076 344,
970 1010 1055 1062 21.
1155 1028 1288 1078 quae
1341 1010 1554 1079 turbae,
1583 1077 1589 1084 ⁹
1616 1011 1864 1079 quamuis

187 1101 339 1153 aliter
378 1099 721 1152 Schenkelius
763 1097 910 1150 Stud.
950 1097 1108 1150 Vind.
1154 1117 1204 1166 p.
1245 1099 1311 1151 31
1362 1098 1581 1167 iudicet,
1634 1099 1711 1151 ita
1749 1102 1863 1152 tan-

188 1193 301 1240 tum
342 1188 468 1240 oriri
500 1190 744 1256 potuere,
783 1187 829 1238 si
869 1186 1001 1238 duae
1041 1186 1275 1238 eiusdem
1315 1187 1677 1255 quaternionis
1719 1187 1864 1241 sche—

186 1278 280 1329 dae
312 1277 640 1328 continentes
673 1277 765 1327 aut
797 1294 861 1327 ex
885 1292 1121 1344 conpage
1152 1274 1358 1327 solutae
1389 1280 1736 1345 inuersaeque
1770 1281 1865 1328 aut

188 1365 267 1434 (id
292 1365 432 1433 quod
454 1364 612 1433 longe
636 1361 990 1434 probabilius)
1017 1363 1236 1432 supinae
1260 1363 1336 1415 ita
1358 1363 1414 1415 in
1439 1364 1726 1432 exemplari
1743 1383 1861 1417 con-

185 1453 386 1505 locatae
418 1456 566 1504 erant
604 1455 664 1503 ut
701 1452 848 1503 frons
889 1455 941 1504 et
978 1455 1188 1521 tergum
1226 1451 1503 1520 utriusque
1542 1457 1865 1506 mutaretur:

188 1541 317 1594 haec
356 1541 522 1610 igitur
560 1540 704 1592 illius
744 1541 797 1592 in
837 1540 1077 1609 exemplo
1118 1540 1479 1609 quaternionis
1519 1541 1622 1593 fuit
1662 1541 1866 1610 species

687 1642 804 1695 AB
836 1642 1349 1696 CVCdechfba

702 1718 1342 1860 Q

191 1894 312 1946 111116
360 1893 518 1945 simul
565 1897 771 1946 constat
808 1894 1045 1963 singulas
1086 1894 1314 1963 exempli
1351 1895 1573 1963 paginas
1612 1913 1866 1947 uersuum

193 1981 677 2034 Teubnerianorum
709 1981 855 2034 XLV
903 1982 1229 2051 duarumque
1267 1982 1376 2034 fere
1414 1983 1646 2051 partium
1684 2002 1865 2036 nume-

127 2132 131 2136 .
194 2088 311 2122 rum
359 2070 694 2121 continuisse.
771 2071 907 2122 unde
953 2070 1054 2123 hoc
1101 2071 1401 2139 exemplum
1440 2089 1548 2123 non
1587 2090 1865 2125 commune

194 2157 326 2210 illud
366 2161 657 2209 ceterorum
703 2158 867 2210 fuisse
915 2162 1158 2227 apparet,
1212 2159 1304 2211 sed
1349 2159 1546 2212 librum
1591 2179 1732 2212 nunc
1781 2161 1865 2213 de·

192 2245 457 2314 perditum
499 2263 562 2296 ex
602 2245 694 2297 illo
735 2247 974 2315 exemplo
1015 2247 1361 2316 descriptum,
1414 2247 1645 2299 Palatini
1683 2267 1867 2317 paren-

194 2338 315 2386 tem.
405 2332 683 2384 Conlatum
738 2334 1003 2403 integrum
1066 2336 1298 2388 codicem
1358 2334 1574 2405 Georgii
1634 2336 1867 2389 Kaibelii

196 2421 457 2474 amicitiae
498 2421 675 2473 debeo.

304 2508 354 2561 A
376 2507 620 2560 Palatino
646 2510 838 2576 pendet
863 2511 1025 2562 codex
1048 2511 1362 2565 Parisiensis
1386 2512 1754 2580 bybliothecae
1777 2532 1867 2565 na-

196 2597 411 2650 tionalis
444 2614 519 2665 gr.
545 2615 593 2648 n.
623 2597 760 2650 1657
796 2598 1101 2651 chartaceus
1135 2601 1330 2654 saeculi
1353 2599 1456 2652 XV
1487 2601 1727 2653 exeuntis
1753 2599 1870 2671 (A),

196 2687 251 2738 in
275 2685 412 2737 libro
438 2685 500 2736 de
525 2685 757 2753 antiquis
783 2687 1079 2738 oratoribus
1105 2689 1237 2741 mihi
1270 2708 1299 2741 a
1322 2689 1386 2741 D.
1411 2689 1715 2741 Detlefseno
1749 2707 1867 2741 con-

194 2775 350 2826 latus
412 2773 646 2825 continet
686 2774 894 2825 eosdem
934 2775 1165 2843 quinque
1203 2777 1450 2846 Dionysii
1480 2776 1645 2829 libros
1684 2777 1866 2829 eodem

197 2862 379 2915 ordine
419 2864 575 2929 atque
615 2860 914 2913 Palatinus:
971 2881 1126 2930 quem
1177 2865 1289 2916 eius
1335 2866 1537 2917 fontem
1585 2883 1696 2917 esse
1748 2883 1866 2918 cum
