1958 3192
852 153 910 157 -
970 125 1118 168 XXIV
1183 153 1233 156 -

207 261 456 330 Dionysii
494 262 633 331 libri,
673 262 869 330 quibus
901 261 946 314 si
979 260 1107 329 quid
1136 260 1381 328 propriae
1414 260 1554 312 dotis
1586 260 1739 329 inest,
1769 263 1890 314 tuto

210 350 471 403 confidere
508 350 679 403 liceat.
756 349 936 402 nullus
977 348 1116 401 enim
1157 347 1315 416 alius,
1353 348 1597 417 quamuis
1635 349 1890 417 permulti

217 439 340 508 sint,
370 439 621 491 inuentus
654 441 750 507 est,
781 438 929 490 cuius
961 436 1120 489 lectio
1151 436 1433 504 peculiaris
1456 437 1636 506 potius
1661 455 1726 489 ex
1748 455 1891 490 nouo

210 530 263 579 et
315 527 588 596 incognito
643 527 790 579 fonte
844 525 1071 594 repetita
1135 542 1293 592 quam
1354 543 1419 577 ex
1479 525 1891 594 interpolatione

208 619 335 667 nata
381 633 493 668 esse
542 615 909 683 conprobetur.
988 614 1049 664 de
1098 612 1172 665 eis
1224 613 1492 681 opusculis
1541 632 1672 682 quae
1721 613 1889 666 altero

211 708 357 756 tomo
399 704 618 756 edentur
658 721 752 755 suo
791 703 908 757 loco
950 702 1135 753 dicam.
1211 701 1300 753 hic
1339 719 1521 754 eorum
1569 720 1702 770 quae
1740 702 1891 770 prius

209 791 311 844 hoc
348 791 599 843 uolumen
637 792 742 843 fert
779 791 916 841 ratio
956 789 1198 842 habenda
1237 790 1351 842 erit.

321 879 625 948 Epistulam
676 879 742 930 ad
794 877 1110 930 Ammaeum
1157 878 1226 930 de
1277 877 1665 947 Thucydidis
1726 878 1891 931 idio-

210 968 399 1020 matis
469 968 752 1036 scriptam,
814 966 1065 1035 quoniam
1126 965 1423 1019 Marcellini
1492 967 1891 1019 obseruationes

209 1056 572 1108 breuiusculas
618 1058 649 1122 ξ
682 1054 913 1106 35—41.
966 1055 1036 1108 52
1068 1072 1143 1123 sq.
1221 1054 1465 1124 supplere
1513 1055 1894 1124 discipulisque

213 1145 279 1195 ad
318 1144 642 1212 Thucydidis
673 1144 956 1196 lectionem
987 1143 1259 1196 initiandis
1292 1147 1416 1212 apta
1455 1161 1567 1197 esse
1597 1143 1896 1214 uidebatur,

211 1236 334 1300 post
385 1232 653 1285 saeculum
691 1231 797 1284 XII
842 1232 928 1284 uir
972 1250 1069 1301 pro
1116 1233 1446 1300 temporibus
1492 1251 1599 1285 non
1646 1233 1894 1285 indoctus

213 1321 458 1389 idemque
507 1321 563 1373 in
616 1321 924 1390 Thucydide
977 1321 1111 1373 bene
1165 1324 1408 1374 uersatus
1467 1339 1587 1374 cum
1649 1321 1893 1390 exemplo

212 1408 538 1477 Thucydidis
578 1410 1000 1479 coniungendam
1040 1410 1260 1462 curauit.
1331 1410 1422 1478 qui
1462 1409 1768 1479 apographo
1809 1427 1895 1462 co-

214 1496 344 1548 dicis
382 1496 698 1550 Parisiensis
744 1516 872 1551 usus
917 1498 1201 1551 lectionem
1247 1501 1552 1566 corruptam
1600 1498 1895 1568 emendare,

212 1603 452 1636 mancam
493 1586 736 1654 supplere
777 1590 965 1655 suopte
1004 1587 1217 1657 ingenio
1257 1587 1426 1639 fretus
1459 1586 1678 1639 studuit.
1734 1605 1891 1655 quem

216 1674 383 1726 secuti
450 1675 703 1743 permulti
763 1675 1062 1744 Thucydidi
1129 1675 1272 1728 hunc
1332 1675 1582 1744 Dionysii
1649 1674 1892 1726 libellum

214 1762 462 1814 comitem
502 1763 770 1816 dederunt.
847 1765 939 1816 sed
977 1764 1185 1816 nullum
1232 1764 1287 1816 id
1325 1781 1491 1833 genus
1543 1763 1776 1816 codicem
1815 1764 1893 1815 in·
1950 1812 1951 1816 ,

214 1849 382 1902 ueniri
445 1854 574 1918 puto
630 1852 722 1920 qui
776 1851 1045 1905 saeculum
1090 1851 1222 1905 XIV
1283 1852 1600 1921 antiquitate
1657 1855 1893 1922 superet3

214 1937 452 2006 plerique
500 1940 694 1991 saeculi
742 1940 866 2009 XV,
920 1940 1165 1993 nonnulli
1217 1959 1254 1994 s.
1293 1939 1423 1993 XVI
1471 1943 1610 1993 sunt.
1687 1959 1751 1993 ex
1789 1940 1894 1993 hoc

216 2043 405 2095 genere
446 2030 568 2078 sunt
607 2028 771 2080 codex
809 2028 1195 2098 Neapolitanus
1236 2046 1312 2098 gr.
1342 2029 1426 2098 1Ο,
1462 2029 1519 2081 111
1558 2047 1663 2097 quo
1702 2029 1894 2080 rudera

217 2114 472 2182 quaedam
521 2116 747 2183 exempli
786 2116 1114 2186 Thucydidei
1161 2117 1365 2186 insunt,
1414 2117 1557 2169 uitae
1595 2116 1894 2170 Marcellini

218 2205 271 2254 et
323 2204 596 2272 anonymi,
658 2203 903 2272 Dionysii
963 2205 1200 2276 libellus,
1261 2209 1507 2274 excerpta
1562 2224 1626 2257 ex
1676 2205 1895 2258 scholiis-

217 2290 628 2360 Thucydideis13
666 2291 979 2346 Parisiensis
1027 2294 1197 2363 suppl.
1239 2312 1315 2364 gr.
1348 2294 1455 2346 256
1497 2294 1624 2346 olim
1648 2293 1892 2345 Andreae

219 2377 427 2431 Schotti
474 2377 879 2448 Antuerpiensis
925 2382 1277 2451 bombycinus
1325 2402 1362 2435 s.
1402 2381 1553 2450 XIV,
1605 2381 1699 2434 ubi
1744 2381 1894 2434 libel-

218 2466 317 2534 lus,
356 2469 417 2517 ut
456 2485 609 2534 saepe
641 2467 717 2535 fit,
749 2467 1110 2536 Thucydidem
1143 2471 1339 2540 excipit
1370 2471 1405 2523 f.
1430 2471 1560 2540 2133
1598 2470 1893 2523 Vaticanus

218 2572 294 2623 gr.
339 2555 478 2607 1302
518 2554 682 2606 codex
730 2555 967 2624 Diogene
1014 2558 1225 2611 Laertio
1274 2563 1327 2611 et
1365 2558 1720 2627 Theophrasti
1767 2577 1894 2626 opu-

220 2642 380 2695 sculis
422 2642 646 2712 insignis
664 2641 697 2710 2,
736 2644 822 2694 cui
860 2644 1026 2696 f.195
1053 2665 1166 2715 sqq.
1206 2647 1565 2717 fragmentum
1607 2665 1671 2699 ex
1712 2647 1893 2699 codice
1957 2702 1958 2721 ἢ

340 2778 362 2815 1
399 2770 463 2815 Cf.
497 2772 551 2815 H.
587 2772 788 2815 Schenkl
820 2772 949 2816 Stud.
983 2774 1242 2820 Vindobon.
1269 2777 1311 2819 H
1341 2792 1383 2833 p.
1412 2782 1463 2820 21
1486 2792 1549 2832 sq.

338 2851 363 2890 2
397 2844 460 2889 Cf.
502 2845 774 2888 Brandisius
823 2846 870 2888 in
919 2845 1395 2893 Commentationibus
1444 2849 1712 2893 academiae
1754 2849 1894 2892 Bero-

219 2919 412 2964 linensis
447 2923 556 2962 1831
590 2934 633 2975 p.
659 2924 715 2962 72
748 2924 898 2963 n.156
933 2920 1131 2964 Schenkl
1164 2922 1192 2965 1.
1228 2938 1260 2966 s.
1294 2939 1337 2979 p.
1373 2929 1439 2967 22.
