1958 3192
0 634 21 739 ἒ

0 859 11 899 ἐ

0 908 16 975 Ξ

260 733 712 793 PRAEFATIO
760 731 1203 793 HERMANNI
1249 731 1601 792 VSENERI

199 968 447 1038 Dionysii
484 967 849 1020 Halicarnasei
888 966 1145 1036 opuscula
1183 966 1368 1019 critica
1414 969 1467 1018 et
1504 965 1777 1020 rhetorica

0 1042 13 1099 {⁹
90 1060 360 1127 quotquot
397 1056 555 1109 hodie
595 1059 821 1125 exstant,
859 1055 1032 1108 tribus
1071 1054 1326 1124 exemplis
1366 1058 1682 1124 argumento
1722 1059 1777 1108 et

88 1146 296 1199 ambitu
337 1145 561 1198 diuersis
599 1144 802 1197 factum
841 1146 922 1196 est
959 1146 1021 1196 ut
1059 1143 1214 1196 nobis
1253 1146 1605 1196 seruarentur.

202 1232 228 1286 I
274 1232 483 1303 Agmen
516 1233 663 1285 ducit
694 1232 858 1285 codex
890 1231 1129 1284 omnium
1162 1231 1566 1301 antiquissimus
1596 1231 1776 1285 Pari-

0 1290 7 1315 ³
87 1322 327 1375 siensis
381 1340 522 1374 nunc
573 1320 945 1390 bybliothecae
999 1319 1286 1373 nationalis
1347 1340 1396 1373 n.
1448 1321 1587 1373 1741
1646 1320 1775 1374 olim

89 1410 363 1479 Rodulphi
402 1409 684 1463 cardinalis
725 1407 833 1480 (P),
872 1409 1070 1462 saeculi
1101 1409 1382 1479 undecimi,
1422 1410 1619 1462 artium
1656 1409 1776 1463 rhe-

0 1546 14 1560 ,
90 1499 380 1553 toricarum
420 1498 626 1568 sylloge
666 1498 1011 1567 amplissima,
1051 1516 1185 1567 quae
1223 1497 1392 1550 libros
1431 1517 1539 1551 non
1576 1517 1776 1568 paucos

0 2844 25 3014 ε’·

0 3016 34 3192 ᾗ

89 1606 196 1641 una
235 1588 300 1640 ad
331 1605 429 1640 nos
461 1587 667 1640 detulit.
743 1587 975 1639 codicem
1008 1587 1283 1657 egregium
1316 1586 1489 1656 qualis
1521 1605 1662 1640 nunc
1694 1591 1776 1640 est

0 1744 19 1767 ι
90 1676 497 1745 descripserunt,
537 1675 710 1744 qualis
743 1675 871 1727 olim
895 1675 1059 1728 fuerit
1091 1678 1332 1728 accurate
1364 1674 1778 1744 explorauerunt

0 1767 19 1836 ’ᾗ
88 1768 213 1835 post
235 1764 529 1818 Henricum
555 1763 788 1818 Schenkl
811 1764 1032 1828 ,Wiener
1055 1763 1272 1818 Studien
1308 1767 1347 1816 t.
1378 1763 1458 1817 IV
1495 1783 1545 1833 p.
1578 1764 1649 1818 55
1661 1783 1775 1835 sqq.

89 1853 391 1922 Leopoldus
454 1851 604 1906 Cohn
664 1852 936 1922 Philologi
1005 1856 1042 1905 t.
1080 1851 1255 1905 XLIX
1317 1850 1390 1924 (n.
1430 1871 1527 1906 ser.
1566 1851 1670 1925 III)
1724 1873 1775 1923 p.

90 1941 199 1995 396
231 1960 347 2011 sqq.
402 1945 455 1994 et
507 1940 773 1994 Henricus
834 1939 1034 1994 Omont
1092 1941 1423 2010 praefatione
1485 1941 1773 1996 simulacro

87 2030 387 2101 phototypo
442 2030 681 2099 poeticae
738 2028 1146 2083 Aristotelicae¹
1198 2030 1503 2098 praemissa.
1595 2029 1659 2083 In
1712 2050 1774 2084 eo

26 2171 30 2182 ἶ
86 2120 267 2174 codice
306 2120 490 2171 insunt
526 2118 678 2171 haec:
731 2133 752 2171 1
789 2118 1041 2187 Dionysii
1088 2137 1222 2187 quae
1260 2119 1433 2172 fertur
1473 2137 1558 2171 ars
1598 2119 1775 2172 rheto-

89 2210 199 2262 rica
289 2223 330 2260 11
367 2206 646 2260 Menandri
684 2225 770 2260 ars
810 2207 1217 2259 demonstratiui
1257 2207 1466 2276 generis
1550 2223 1614 2260 111
1651 2206 1775 2261 Ari-

87 2298 244 2352 stidis
284 2297 414 2349 artis
452 2295 746 2348 rhetoricae
784 2295 910 2348 libri
948 2294 1001 2347 H
1069 2292 1145 2367 {IV
1183 2295 1432 2365 Dionysii
1471 2296 1535 2350 de
1566 2296 1776 2366 Thucy-

32 2454 33 2457 Ἴ
89 2387 210 2439 dide
250 2384 479 2454 epistula
524 2384 590 2436 ad
627 2382 945 2436 Ammaeum
1057 2399 1096 2436 V
1133 2382 1437 2437 Alexander
1483 2385 1546 2437 de
1583 2386 1773 2455 figuris

23 2475 25 2477 ’
89 2490 151 2527 vl
188 2472 497 2527 Aristotelis
545 2472 674 2524 artis
713 2471 1006 2525 rhetoricae
1056 2472 1183 2525 libri
1221 2471 1303 2525 III
1415 2488 1498 2525 vn
1536 2474 1774 2528 eiusdem

89 2564 298 2632 poetica
409 2575 513 2612 VI11
558 2560 850 2629 Dionysius
909 2561 972 2613 de
1031 2561 1416 2630 compositione
1485 2563 1772 2616 uerborum

88 2666 152 2704 lx
182 2650 487 2704 Demetrius
526 2649 589 2702 de
629 2649 927 2702 elocutione
1002 2664 1042 2702 X
1072 2648 1293 2718 Apsinis
1334 2668 1420 2702 ars
1457 2649 1602 2722 (cum
1632 2651 1771 2705 Lon-

211 2811 234 2849 1
270 2807 512 2853 Collection
542 2808 595 2854 de
625 2809 967 2866 reproduetions
1010 2810 1063 2854 de
1094 2811 1366 2854 manuscrits
1389 2811 1572 2866 publie'e
1596 2824 1688 2867 par
1711 2811 1768 2853 L.

93 2877 262 2924 Gle'dat.
336 2882 535 2927 Autem-s
578 2896 700 2941 yrecs
729 2883 781 2927 I:
825 2883 900 2927 La
935 2884 1143 2940 poetique
1174 2884 1433 2928 d’Aristot&
1493 2883 1623 2926 Paris
1658 2888 1767 2927 1891

95 2966 142 3008 p.
175 2952 443 2999 VII—XVI.
