2004 3202
781 136 1204 180 ΔΗΜΟΣΘΕΝΗΣ
1723 137 1826 189 201

155 279 415 327 τεθεῖσαν
461 270 608 336 λέξιν
654 279 748 340 τῆς
791 269 1091 342 προτέρας,
1146 271 1256 343 ὅσῳ
1311 271 1620 324 διαλλάττει
1673 277 1831 324 πολε-

155 364 412 432 μιστήρια
456 357 558 430 μὲν
596 360 737 414 ὅπλα
781 362 1221 431 πομπευτηρίων,
1268 357 1533 428 ἀληθιναὶ
1573 356 1632 411 δὲ
1679 361 1832 422 ὄψεις

155 452 415 517 εἰδώλων,
462 448 523 502 ἐν
559 448 696 520 ἡλίῳ
736 446 797 501 δὲ
842 448 932 502 καὶ
977 451 1171 511 πόνοις
1215 446 1567 518 τεθραμμένα
1613 448 1833 517 σώματα

155 548 266 592 τῶν
297 539 451 600 σκιὰς
489 535 580 590 καὶ
620 537 902 607 ῥᾳστώνας
940 538 1269 590 διωκόντων.
1323 536 1356 605 ἢ
1395 529 1497 606 {Dav
1527 538 1631 605 γὰρ
1666 533 1833 589 οὐδὲν

155 627 255 692 ἔξω
303 634 397 695 τῆς
443 626 748 696 εὐμορφίας
796 626 1103 695 ἐπιτηδεύει
1156 624 1246 679 καὶ
1299 627 1446 696 παρὰ
1493 624 1642 679 τοῦτ’
1682 627 1832 678 ἔστιν
1875 645 1896 677 5

155 715 322 783 αὐτῆς
359 716 420 768 τὸ
459 716 630 768 καλὸν
669 714 730 767 ἐν
768 714 1125 783 ἀναληθέσιν,
1170 714 1202 783 ἣ
1243 711 1304 767 δὲ
1344 713 1528 782 οὐδέν,
1572 714 1601 767 ὅ
1640 734 1692 766 τι
1733 713 1834 767 οὐκ

155 803 242 857 ἐπὶ
282 805 343 857 τὸ
383 806 654 874 χρήσιμον
683 802 774 856 καὶ
814 804 1089 872 ἀληθινὸν
1120 805 1254 871 ἄγει.
1307 806 1403 856 καί
1436 823 1529 873 μοι
1562 804 1714 856 δοκεῖ
1751 822 1833 864 τις

155 893 256 946 οὐκ
310 892 380 946 ἂν
434 893 696 962 ἁμαρτεῖν
748 894 849 961 τὴν
902 890 1004 962 μὲν
1059 894 1359 955 Πλάτωνος
1412 891 1562 956 λέξιν
1614 892 1834 953 εἰκάσας

154 980 385 1052 ἀνθηρῷ
431 984 612 1053 χωρίῳ
658 983 976 1049 καταγωγὰς
1021 974 1208 1049 ἡδείας
1253 983 1434 1050 ἔχοντι
1480 979 1571 1033 καὶ
1617 979 1834 1049 τέρψεις

157 1068 489 1140 ἐφημέρους,
543 1070 645 1138 τὴν
690 1067 751 1122 δὲ
796 1069 1200 1139 Δημοσθένους
1245 1071 1534 1123 διάλεκτον
1580 1069 1832 1140 εὐκάρπῳ
1857 1090 1900 1122 10

70 1172 185 1211 1057
217 1157 308 1211 καὶ
346 1160 618 1230 παμφόρῳ
658 1166 726 1229 γῇ
766 1157 856 1211 καὶ
893 1159 898 1227 Ι
934 1159 1060 1212 οὔτε
1098 1167 1210 1211 τῶν
1239 1157 1556 1226 ἀναγκαίων
1594 1159 1671 1220 εἰς
1709 1160 1836 1226 βίον

158 1248 284 1300 οὔτε
322 1256 434 1300 τῶν
471 1256 741 1316 περιττῶν
773 1248 850 1309 εἰς
887 1246 1083 1316 τέρψιν
1115 1247 1464 1318 σπανιζούσῃ.
1528 1247 1835 1315 δυνάμενος

156 1334 205 1388 δ’
238 1337 324 1403 ἄν,
364 1336 412 1388 εἰ
444 1337 767 1404 βουλοίμην,
805 1334 897 1388 καὶ
935 1337 1001 1388 τὰ
1039 1337 1175 1388 κατὰ
1213 1334 1378 1405 μέρος
1418 1334 1673 1405 ἑκατέρας
1711 1354 1835 1388 κατ-

156 1425 455 1495 ορθώματα
491 1417 752 1488 ἐξετάζειν
782 1422 874 1476 καὶ
913 1424 1206 1491 δεικνύειν,
1247 1424 1356 1496 ὅσῳ
1391 1427 1654 1493 κρείττων
1686 1423 1836 1478 ἐστὶν

155 1513 187 1582 ἡ
227 1510 630 1582 Δημοσθένους
668 1511 811 1576 λέξις
848 1519 944 1580 τῆς
983 1516 1342 1581 Πλατωνικῆς
1381 1513 1448 1566 οὐ
1486 1515 1662 1581 μόνον
1699 1514 1834 1565 κατὰ
1859 1530 1902 1564 15

154 1603 216 1655 τὸ
256 1601 531 1670 ἀληθινὸν
567 1599 659 1653 καὶ
704 1601 843 1670 πρὸς
889 1600 1105 1669 ἀγῶνας
1145 1600 1456 1670 ἐπιτήδειον
1496 1599 1683 1672 (τοῦτο
1730 1603 1833 1670 γὰρ

156 1691 229 1752 ὡς
289 1691 426 1763 πρὸς
488 1691 701 1752 εἰδότας
753 1689 956 1759 ὁμοίως
1010 1691 1253 1753 ἅπαντας
1307 1687 1437 1743 οὐδὲ
1492 1692 1663 1757 λόγου
1715 1690 1835 1742 δεῖν

158 1774 358 1850 οἶμαι),
412 1777 550 1831 ἀλλὰ
594 1777 685 1831 καὶ
730 1779 867 1832 κατὰ
913 1779 973 1831 τὸ
1020 1781 1302 1849 τροπικόν,
1352 1778 1477 1849 περὶ
1525 1778 1554 1832 ὃ
1602 1779 1835 1848 μάλιστα

157 1867 339 1928 δεινὸς
378 1866 407 1919 ὁ
441 1868 679 1920 Πλάτων
718 1863 860 1920 εἶναι
900 1868 1075 1935 δοκεῖ,
1112 1866 1204 1920 καὶ
1241 1870 1447 1931 πολλὰς
1486 1870 1627 1937 ἔχων
1665 1868 1836 1937 ἀφορ-

158 1956 262 2024 μὰς
301 1957 483 2022 λόγων
519 1955 726 2023 ταύτην
757 1952 859 2024 μὲν
890 1956 967 2018 εἰς
1006 1954 1196 2026 ἕτερον
1232 1957 1428 2026 καιρὸν
1459 1956 1836 2025 ἀναβάλλομαι
1860 1973 1902 2006 20

158 2045 260 2112 τὴν
297 2045 559 2112 θεωρίαν,
607 2048 756 2113 εἴπερ
803 2043 1082 2113 περιέσται
1129 2065 1222 2113 μοι
1268 2047 1491 2114 χρόνος·
1544 2046 1694 2097 ἰδίαν
1731 2046 1835 2113 γὰρ

160 2131 261 2185 οὐκ
300 2131 514 2200 ὀκνήσω
553 2130 678 2199 περὶ
718 2130 886 2199 αὐτῆς
925 2131 1197 2199 ἐξενέγκαι
1243 2135 1631 2201 πραγματείαν.
1707 2130 1836 2184 νυνὶ

281 2354 303 2393 1
331 2348 564 2394 διαλάττει
587 2349 623 2391 Β
707 2354 733 2392 2
764 2348 1089 2406 πομπετηρίων
1114 2350 1150 2393 Β
1179 2352 1184 2407 Ι
1214 2349 1347 2407 ὄψεις
1371 2351 1666 2408 Sylburgius:
1700 2350 1832 2407 ὄψιςΙ

161 2411 271 2453 ante
303 2409 437 2466 ὄψεις
467 2409 540 2452 lac
561 2409 602 2451 V
635 2407 714 2452 litt
737 2409 785 2451 M
898 2413 926 2451 4
958 2407 1089 2460 σκιὰς
1141 2410 1285 2469 σκιῶββ
1304 2425 1398 2454 una
1421 2410 1582 2454 littera
1605 2424 1739 2454 erasa
1763 2411 1799 2453 B
1829 2410 1834 2470 Ι

160 2468 420 2513 διαπόντιον
444 2469 480 2511 Ρ
587 2472 612 2511 6
645 2468 803 2518 αὐτοῖς
831 2468 906 2511 Pv
944 2470 951 2524 Ι
992 2470 1078 2512 καλ
1108 2486 1136 2512 ν
1167 2469 1394 2526 Toupius:
1427 2469 1576 2514 κακὸν
1617 2471 1622 2526 Ι
1666 2470 1838 2526 ἀναλη-

158 2524 297 2572 θέσιν
336 2527 564 2584 Toupius:
612 2524 839 2583 ἀληθέσιν
877 2526 972 2569 ΜΒ
1033 2527 1260 2584 ἀληθεύιν
1299 2529 1336 2572 Ρ
1396 2530 1652 2586 ἀληθεύσιν
1691 2544 1720 2572 v

162 2591 216 2630 12
248 2587 463 2642 περιττὸν
487 2587 522 2630 Ρ
557 2588 562 2645 Ι
598 2586 877 2643 σπανιζούσῃ
911 2585 1207 2643 Sylburgius:
1241 2586 1552 2641 σπανίζουσαν
1646 2593 1699 2632 13
1733 2587 1838 2632 ἐκα-

160 2642 295 2701 τέρας
324 2645 543 2690 Reiskius
577 2643 795 2700 ἑκατέρου
827 2644 1122 2702 Sylburgius:
1156 2645 1351 2702 ἑκάτερα
1450 2653 1504 2692 16
1535 2647 1586 2691 τὸ
1620 2661 1695 2691 om
1719 2648 1801 2690 BP
1829 2647 1835 2705 Ι

160 2704 241 2748 καὶ
278 2719 379 2760 πρω
410 2705 490 2749 καὶ
528 2705 643 2760 πρὸς
667 2703 703 2747 Β
740 2706 745 2761 Ι
783 2710 919 2748 τοῦτο
951 2703 1062 2771 γὰρ]
1090 2712 1225 2750 τοῦτο
1258 2704 1342 2762 μὲν
1366 2706 1415 2750 Μ
1468 2710 1603 2751 τοῦτο
1635 2705 1719 2763 μὲν
1751 2705 1837 2763 γὰρ

160 2761 283 2807 BPv
401 2768 455 2808 17
486 2764 602 2819 πρὸς
633 2763 814 2813 εἰδότας
847 2761 1142 2821 Sylburgms:
1174 2765 1450 2820 προειδότας
1490 2767 1496 2822 Ι
1540 2764 1750 2816 ἅπαντας
1781 2765 1837 2807 B:

162 2821 374 2873 ἀπαντᾶς
403 2822 440 2866 Ρ
494 2822 683 2866 ἅπασαν
706 2822 755 2865 Μ
858 2826 912 2865 18
944 2821 1064 2866 κατὰ
1094 2823 1165 2882 τὸ]
1197 2825 1309 2869 κατὸ
1334 2825 1371 2868 Ρ
1471 2829 1525 2868 19
1557 2826 1691 2869 δοκεῖ
1719 2821 1839 2868 εἶναι

163 2878 283 2924 BPv
310 2882 317 2938 Ι
345 2895 525 2925 comma
554 2884 663 2938 post
690 2883 822 2925 δοκεῖ
849 2881 1005 2938 posui,
1037 2882 1116 2926 καὶ
1148 2883 1415 2928 secluserim
1507 2889 1560 2927 21
1587 2881 1836 2938 περιέσται]

163 2937 408 2993 προσέσται
438 2939 615 2984 MBPv
