2004 3202
618 133 763 175 ΠΕΡΙ
794 131 1199 175 ΘΟΤΚΤΔΙΔΟΤ
1629 130 1739 182 413

56 267 348 335 ποιητικὸν
397 264 501 335 οὐχ
553 265 896 336 ἡγησάμενος
949 264 1227 334 ἐπιτήδεια
1278 273 1394 327 τοῖς
1447 265 1742 334 ἀληθινοῖς

60 354 234 424 ἀγῶσι
271 354 553 425 παρέλιπε,
590 353 680 407 καὶ
721 351 851 408 οὐδὲ
890 363 1002 407 τῶν
1036 354 1326 423 σχημάτων
1365 355 1425 407 τὸ
1465 358 1742 422 πεπλανη-

59 443 232 515 μένον
271 443 329 496 έκ
366 450 461 511 τῆς
498 445 634 496 κατὰ
672 443 847 512 φύσιν
885 442 1222 504 ἀκολουθίας
1259 440 1351 495 καὶ
1389 443 1451 494 τὸ
1492 447 1742 496 σολοικο-

61 529 234 603 φανὲς
271 532 575 600 ἠγάπησεν,
622 530 739 585 ἀλλ’
778 531 839 584 ἐν
883 541 998 594 τοῖς
1037 534 1345 601 συνήθεσιν
1383 534 1582 600 ἔμέινε,
1622 541 1741 594 ταῖς

60 623 386 692 μεταβολαῖς
423 619 514 673 καὶ
545 629 609 691 τῇ
640 624 886 691 ποικιλίᾳ
922 619 1012 673 καὶ
1051 627 1127 692 τῷ
1158 616 1332 690 μηδὲν
1364 619 1547 683 ἁπλῶς
1583 619 1741 689 ἀσχη-
1786 644 1808 676 5

60 710 326 780 μάτιστον
366 708 619 778 ἐκφέρειν
656 711 832 778 νόημα
869 718 1091 778 κοσμῶν
1129 710 1230 778 τὴν
1268 709 1499 779 φράσιν.
1546 709 1641 771 τὰς
1681 706 1743 761 δὲ

58 800 445 860 πολυπλόκους
483 799 700 866 νοήσεις
738 796 828 850 καὶ
866 799 1042 851 πολλὰ
1081 798 1357 866 δηλούσας
1397 796 1458 850 ἐν
1496 794 1738 868 ὀλίγοιςΙ

77 884 168 940 καὶ
220 887 313 939 διὰ
358 894 571 955 μακροῦ
623 885 977 956 κομιζομένας
1015 887 1116 955 τὴν
1155 886 1499 939 ἀκολουθίαν
1543 884 1634 938 καὶ
1682 885 1742 938 ἐκ

60 974 379 1044 παραδόξου
417 976 483 1028 τὰ
523 974 879 1044 ἐνθυμήματα
925 975 1201 1045 φερούσας
1249 973 1515 1043 ἐζήλωσέν
1553 993 1611 1027 τε
1649 972 1740 1027 καὶ

59 1063 373 1134 προσέθηκε
426 1073 542 1126 τοῖς
585 1083 641 1116 τε
693 1065 1084 1134 δημηγορικοῖς
1132 1061 1223 1116 καὶ
1277 1072 1393 1125 τοῖς
1439 1064 1742 1125 δικανικοῖς
1766 1088 1809 1120 10

61 1155 275 1222 λόγοις,
321 1149 488 1221 ἧττον
533 1149 634 1222 μὲν
681 1151 767 1204 ε’πὶ
814 1162 925 1205 τῶν
972 1154 1289 1220 ἰδιωτικῶν,
1343 1150 1742 1221 δαψιλέστερον

62 1238 129 1295 δὲ
170 1241 258 1295 ἐπὶ
297 1251 408 1294 τῶν
446 1242 728 1309 δημοσίων
766 1240 1011 1309 ἀγώνων.

180 1331 341 1397 Θήσω
382 1328 430 1382 δ’
471 1328 523 1393 ἐξ
564 1329 890 1399 ἀμφοτέρων
922 1330 1352 1399 παραδείγματα,
1391 1334 1613 1383 πολλῶν
1652 1331 1742 1383 ὄν-
1759 1335 1834 1388 54

97 1439 177 1471 ων
215 1419 374 1486 ὀλίγα
419 1417 510 1471 καὶ
556 1427 671 1480 τοῖς
717 1417 1054 1486 ἀνεγνωκόσι
1099 1419 1198 1471 τὸν
1237 1419 1414 1487 ἄνδρα
1453 1418 1742 1488 ἀρκοῦντα.

65 1509 181 1562 ἔστι
220 1508 289 1575 δή
328 1527 410 1569 τις
449 1507 596 1578 αὐτῷ
627 1508 934 1577 δημηγορία
965 1508 1067 1575 τὴν
1097 1503 1199 1576 μὲν
1229 1507 1504 1568 ὑπόθεσιν
1543 1510 1744 1576 ἔχουσα
1771 1528 1812 1561 15

106 1595 190 1666 ερὶ
227 1604 327 1650 τοῦ
365 1597 504 1666 πρὸς
541 1594 767 1663 βασιλέα
798 1595 1057 1664 πολέμου,
1096 1600 1488 1665 παρακαλοῦσα
1519 1593 1580 1648 δὲ
1615 1598 1745 1658 τοὺς

119 1688 391 1754 θηναίους
428 1685 501 1753 μὴ
539 1687 842 1754 προχείρως
873 1684 1044 1737 αὐτὸν
1082 1686 1344 1754 ἄρασθαι,
1385 1686 1457 1747 ὡς
1493 1686 1617 1738 οὔτε
1649 1693 1745 1753 τῆς

101 1775 270 1836 ῑκείας
301 1773 485 1826 αὐτῶν
516 1774 800 1842 δυνάμεως
832 1773 1129 1842 ἀξιομάχου
1160 1775 1298 1843 πρὸς
1329 1774 1430 1842 τὴν
1460 1782 1559 1827 τοῦ
1590 1777 1746 1842 βασι-

103 1862 203 1925 έως
255 1862 606 1931 ὑπαρχούσης
661 1865 786 1916 οὔτε
847 1871 941 1930 τῆς
1002 1872 1343 1932 συμμαχικῆς
1395 1872 1600 1924 πιστῶς
1653 1860 1742 1914 καὶ

106 1954 302 2020 εβαίως
347 1961 459 2004 τῶν
504 1952 783 2004 κινδύνων
829 1951 1286 2021 ἀντιληψομένης·
1339 1955 1642 2021 παρακαλεῖ
1686 1969 1743 2003 τε
1769 1972 1811 2004 20

104 2039 271 2102 ὐτοὺς
307 2039 895 2109 παρασκευασαμένους
925 2041 1027 2108 τὴν
1058 2039 1270 2093 ἑαυτῶν
1301 2041 1541 2109 δύναμιν
1579 2058 1746 2107 φανε-

106 2130 204 2191 οὺς
243 2124 384 2181 εἶναι
423 2138 538 2190 τοῖς
563 2127 849 2196 ’Έλλησιν,
897 2129 978 2181 ὅτι
1026 2129 1124 2181 τὸν
1168 2126 1307 2199 ὑπὲρ
1355 2136 1450 2196 τῆς
1489 2128 1747 2181 ἁπάντων

75 2199 390 2287 Ιλευθεριάς
428 2217 696 2269 κίνδυνον
733 2217 1131 2286 ὑπομενοῦσιν,
1173 2216 1270 2270 ε’άν
1307 2238 1391 2280 τις
1432 2215 1511 2269 ἐπ’
1546 2217 1746 2280 αὐτοὺς

92 2323 150 2376 ῃ·
187 2307 293 2375 πρὸ
327 2302 387 2357 δὲ
419 2313 518 2358 τοῦ
550 2306 1073 2374 παρασκευάσασθαι
1105 2305 1361 2374 πρέσβεις
1394 2306 1494 2359 οὐκ
1527 2306 1588 2376 ἐᾷ
1610 2308 1747 2376 πρὸς

102 2396 200 2457 οὺς
217 2393 486 2462 ’Έλληνας
518 2392 873 2446 ἀποστέλλειν
903 2395 1032 2456 τοὺς
1062 2393 1392 2457 καλέσοντας
1424 2394 1625 2458 αὐτοὺς
1658 2393 1745 2448 ε’πὶ
1771 2414 1813 2447 25

85 2483 184 2536 τὸν
221 2484 479 2550 πόλεμον,
514 2481 520 2530 Ι
557 2482 629 2543 ὡς
661 2481 760 2549 οὐχ
792 2481 1291 2551 ὑπακουσομένους.
1358 2491 1520 2537 τοῦτο
1562 2485 1748 2552 λαβὼν

104 2571 132 2624 ὸ
187 2572 365 2639 νόημα
418 2568 811 2622 κατεσκεύακέν
862 2589 919 2623 τε
979 2569 1070 2623 καὶ
1132 2570 1487 2640 ἐσχημάτικεν
1547 2572 1748 2635 οὕτως·

191 2764 217 2802 9
251 2756 441 2815 ἕζήλωσέ
465 2759 488 2801 f
616 2762 669 2801 10
703 2757 993 2815 προσέθηκεν
1018 2760 1053 2803 Ρ
1147 2765 1200 2804 13
1234 2758 1284 2804 δὲ
1310 2761 1333 2803 f
1452 2767 1505 2805 14
1537 2762 1745 2818 ἀναγνω-

104 2814 175 2862 όσι
197 2818 245 2861 Μ
369 2823 422 2861 18
446 2816 711 2875 ἀξιωμάχου
734 2833 790 2874 pr
811 2818 847 2861 P
969 2824 1021 2862 19
1053 2827 1222 2870 πιστῶς
1244 2819 1283 2864 f:
1315 2818 1506 2871 πίστεως
1538 2821 1629 2863 ΜΡ

106 2883 131 2920 3
162 2894 230 2927 τις
252 2878 291 2922 f:
323 2893 368 2920 τε
395 2877 487 2920 ΜΡ
631 2882 686 2919 24
718 2877 1164 2932 παρασκευάσασθαι
1187 2879 1256 2923 M:
1289 2879 1680 2934 παρασκευάσθαι
1712 2879 1747 2921 Ρ

91 2934 451 2991 ,αρεσκευάσθαι
476 2936 499 2978 f
596 2941 648 2979 27
683 2935 964 2982 κατεσύακὲν
987 2937 1023 2980 Ρ
1050 2939 1056 2995 Ι
1084 2938 1163 2982 καὶ
1195 2938 1471 2995 σχημάτικεν
1495 2939 1530 2981 Ρ
