1958 3192
866 142 1174 184 -XL-

187 281 245 333 in
293 279 615 348 ἀποστέγειν
659 278 691 347 ἢ
732 280 822 347 τὰ,
874 279 936 330 (16
975 276 1271 328 imitatione
1323 294 1428 328 exc.
1468 295 1518 345 p.
1550 277 1637 347 26,
1662 278 1696 330 2
1746 297 1869 331 κατ-

189 367 664 437 επιτετηδευμέναι
704 367 836 419 abiit
874 366 929 418 in
967 363 1079 417 κατ’
1127 363 1457 434 ἐπιτήδευμα
1489 362 1590 434 μὲν
1628 367 1707 435 αἱ,
1746 384 1864 419 con-

191 457 355 511 trario
395 475 569 510 errore
609 455 805 508 ibidem
844 473 893 522 p.
929 454 1011 522 18,
1040 451 1106 504 15
1154 457 1425 522 συλλογῆς
1470 452 1532 506 ἕν
1569 474 1622 507 τι
1669 454 1866 507 coaluit

187 546 244 598 in
282 545 622 614 participium
663 546 1072 610 συλλογίσαντι,
1111 540 1174 593 (16
1205 540 1355 593 Dem.
1393 561 1443 610 p.
1470 542 1589 611 142,
1617 543 1685 594 12
1725 541 1776 595 δ’
1816 545 1868 596 εἰ

189 643 332 704 σᾶμα
372 636 702 686 contractum
741 635 821 684 est
866 631 921 682 in
969 628 1055 691 δὶς
1093 630 1216 698 ἅμα.
1291 629 1615 682 Litterarum
1660 631 1865 684 formae

190 726 495 792 emergunt,
533 740 652 775 cum
692 721 747 772 in
785 719 909 771 libri
949 719 1011 770 de
1050 716 1199 770 Isaeo
1237 737 1287 787 p.
1324 719 1442 788 112,
1470 719 1535 770 11
1578 721 1682 790 γὰρ
1717 738 1867 788 prae-

186 812 504 880 positionem
543 808 667 879 παρ’
715 812 767 860 et
809 806 927 876 115,
951 806 985 859 5
1035 827 1092 859 τε
1142 808 1325 860 ἄλλων
1370 807 1691 860 adiectiuum
1736 813 1862 861 πολ-

188 903 301 951 λῶν
337 899 499 950 latere
538 896 880 966 perspexeris,
957 895 1205 965 grauiora
1242 898 1368 947 sunt
1407 914 1448 948 6.
1488 907 1529 948 c.
1569 896 1632 948 de
1671 895 1861 949 Demo-

188 987 370 1040 sthene
394 1006 443 1054 p.
466 985 584 1054 156,
602 985 670 1036 22
698 984 859 1037 ὁποῖα
883 982 1022 1051 λέγω
1048 1002 1079 1035 a
1101 983 1522 1046 Radermachero
1549 984 1864 1054 diuinatum,

186 1095 305 1128 cum
343 1075 467 1127 libri
506 1092 662 1127 uoces
702 1067 783 1135 οἷς
823 1068 948 1125 οἶδα
988 1071 1093 1140 ἐγώ
1134 1072 1430 1143 exhibeant,
1469 1073 1771 1142 ibidemque
1809 1093 1861 1142 p.

185 1165 307 1233 234,
332 1165 402 1216 23
440 1160 561 1215 τοτὲ
601 1159 661 1215 δὲ
691 1162 752 1214 τὸ
785 1162 1047 1231 μελιχρὸν
1083 1161 1302 1214 latitans
1335 1162 1390 1213 in
1427 1161 1528 1214 hac
1560 1162 1861 1231 corruptela

183 1254 244 1304 τό
299 1272 355 1304 τε
408 1253 705 1320 λεγόμενον
760 1249 987 1321 ἐχθρόν,
1050 1250 1113 1302 (16
1167 1249 1473 1318 Thucydide
1533 1269 1583 1319 p.
1625 1249 1755 1319 395,
1788 1250 1861 1302 20

183 1342 403 1408 ἔγγιστα
442 1358 471 1391 a
509 1339 727 1392 Reiskio
767 1342 977 1391 erutum
1017 1357 1081 1391 ex
1118 1338 1379 1391 librorum
1417 1338 1643 1391 lectione
1691 1344 1745 1392 εἴ
1777 1359 1861 1402 τις

182 1430 270 1498 τὰ,
321 1448 370 1497 p.
402 1428 525 1496 414,
553 1428 581 1479 7
625 1427 682 1480 ἐκ
721 1425 781 1480 δὲ
827 1435 925 1481 τοῦ
979 1446 1076 1496 pro
1132 1427 1326 1496 quibus
1379 1427 1558 1479 uerbis
1604 1427 1660 1478 in
1703 1427 1858 1480 libris

182 1534 287 1568 una
325 1535 430 1568 uox
470 1515 698 1569 ἑκάστου
728 1516 938 1586 legitur,
977 1535 1026 1584 p.
1060 1515 1182 1584 326,
1210 1516 1276 1568 18
1309 1517 1450 1569 πολὺ
1483 1516 1543 1568 τὸ
1578 1517 1861 1584 φιλαίτιον

183 1623 213 1655 a
250 1604 668 1656 Radermachero
709 1605 1046 1674 sagacissime
1078 1604 1356 1656 inuentum
1395 1621 1491 1672 pro
1531 1622 1580 1656 u.
1619 1604 1680 1656 τὸ
1722 1604 1855 1656 αὐτὸ

183 1697 294 1761 φιλ.
343 1692 418 1744 sic
464 1692 629 1761 igitur
676 1693 816 1762 quod
863 1693 925 1745 de
964 1691 1113 1746 Isaeo
1153 1711 1202 1761 p.
1239 1692 1359 1761 112,
1393 1692 1460 1744 13
1508 1691 1738 1744 traditur
1782 1693 1855 1761 μὴ

182 1781 773 1849 δυσπαρακολούθητος
811 1780 1032 1850 γένηται
1072 1782 1164 1834 διὰ
1203 1781 1263 1832 τὸ
1296 1785 1512 1849 πλῆθος
1550 1789 1662 1833 τῶν
1691 1800 1854 1849 κεφα-

181 1871 351 1921 λαίων
376 1868 404 1920 ὁ
431 1871 591 1935 λόγος
614 1868 704 1921 καὶ
735 1871 1072 1938 πολλάκις,
1106 1869 1167 1922 αἴ
1191 1888 1249 1921 τε
1272 1871 1482 1930 πίστεις
1505 1873 1631 1937 κτλ.,
1654 1868 1856 1921 frustra

179 1956 429 2009 Reiskius
462 1957 841 2025 supplementis
881 1958 1101 2010 sanabat
1131 1956 1232 2025 <ὃ>
1272 1955 1363 2010 καὶ
1393 1958 1655 2019 πολλάκις
1685 1957 1854 2026 <συμ-

180 2046 408 2113 βαίνει).
491 2045 620 2097 latet
672 2064 778 2098 uox
830 2046 1153 2099 reconditior
1205 2063 1266 2098 ac
1319 2045 1693 2098 terminatione
1745 2063 1852 2097 non

180 2133 234 2184 in
260 2134 563 2185 continuam
590 2134 903 2202 scripturam
934 2138 1147 2203 recepta
1178 2134 1337 2187 etiam
1369 2134 1539 2203 magis
1573 2133 1854 2186 obscurata

178 2224 457 2291 πελαγίσῃ.
534 2241 638 2290 quo
688 2224 850 2275 uerbo
903 2243 1022 2276 cum
1071 2223 1343 2275 Himerius
1391 2222 1633 2290 sophista
1681 2221 1854 2274 utitur

179 2310 317 2378 apud
347 2309 599 2362 Photium
639 2311 1006 2378 bybliothecae
1046 2313 1157 2365 cod.
1189 2312 1296 2365 243
1335 2330 1385 2379 p.
1419 2308 1552 2362 375¹>
1585 2310 1654 2363 39
1694 2315 1852 2363 πελα-

177 2400 308 2464 γίζει
349 2394 409 2449 δὲ
447 2395 551 2467 (he.
583 2398 638 2448 in
671 2398 777 2450 alto
810 2400 943 2452 mari
974 2398 1241 2470 uersatur)
1282 2399 1310 2452 ὁ
1343 2401 1522 2467 λόγος,
1563 2398 1662 2466 οὐχ
1703 2397 1850 2468 ὁρῶν

177 2485 350 2554 ὅρμον
390 2488 753 2554 φαινόμενον,
804 2491 864 2539 ut
902 2491 1314 2540 consentaneum
1354 2491 1449 2556 est,
1486 2490 1721 2539 ueterem
1757 2487 1848 2538 flo-

175 2572 380 2625 sculum
442 2572 714 2641 decerpsit.
824 2575 1062 2642 profecto
1126 2576 1231 2628 iam
1294 2579 1414 2628 ante
1475 2574 1848 2627 Philodemum

175 2661 392 2712 fuerunt
445 2661 534 2729 qui
588 2661 686 2713 hac
736 2662 1045 2729 metaphora
1097 2667 1393 2733 uterentur,
1448 2681 1552 2731 qua
1605 2662 1847 2715 infinitus

176 2749 418 2817 aequoris
469 2749 747 2817 adspectus
799 2749 862 2799 ad
913 2750 1166 2802 orationis
1211 2751 1517 2819 prolixioris
1571 2749 1846 2801 fastidium

173 2837 602 2888 transferebatur.
677 2836 876 2888 multus
929 2837 990 2887 de
1038 2856 1098 2888 ea
1150 2856 1205 2889 re
1251 2837 1594 2890 Philodemus
1649 2839 1730 2888 est
1784 2837 1846 2889 de

173 2925 305 2978 rhet.
344 2928 381 2977 t.
413 2924 437 2976 I
477 2944 525 2993 p.
558 2925 663 2977 239
691 2943 766 2993 sq.
808 2922 984 2992 Sudh,
1023 2924 1113 2975 ubi
1147 2929 1454 2992 πελαγίζειν
1485 2925 1707 2978 uerbum
1739 2942 1842 2976 non
