<?xml version="1.0" encoding="UTF-8"?>
<!DOCTYPE html PUBLIC "-//W3C//DTD XHTML 1.0 Transitional//EN"
    "http://www.w3.org/TR/xhtml1/DTD/xhtml1-transitional.dtd">
<html xmlns="http://www.w3.org/1999/xhtml" xml:lang="en" lang="en">
 <head>
  <title>
</title>
<meta http-equiv="Content-Type" content="text/html;charset=utf-8" />
  <meta name='ocr-system' content='tesseract 3.04.00' />
  <meta name='ocr-capabilities' content='ocr_page ocr_carea ocr_par ocr_line ocrx_word'/>
</head>
<body>
  <div class='ocr_page' id='page_1' title='image "./quaeexstant05dionuoft_0193.png"; bbox 0 0 2004 3202; ppageno 0'>
   <div class='ocr_carea' id='block_1_1' title="bbox 721 163 1772 214">
    <p class='ocr_par' dir='ltr' id='par_1_1' title="bbox 721 163 1772 214">
     <span class='ocr_line' id='line_1_1' title="bbox 721 163 1772 214; baseline 0.009 -8"><span class='ocrx_word' id='word_1_1' title='bbox 721 164 1145 208; x_wconf 78' lang='grc' dir='ltr'>ΔΗΜΟΣΘΕΝΗΣ</span> <span class='ocrx_word' id='word_1_2' title='bbox 1669 163 1772 214; x_wconf 85' lang='grc'><em>143</em></span> 
     </span>
    </p>
   </div>
   <div class='ocr_carea' id='block_1_2' title="bbox 11 298 1858 2146">
    <p class='ocr_par' dir='ltr' id='par_1_2' title="bbox 87 298 1850 1435">
     <span class='ocr_line' id='line_1_2' title="bbox 204 298 1841 370; baseline -0.001 -16"><span class='ocrx_word' id='word_1_3' title='bbox 204 301 342 354; x_wconf 82' lang='grc' dir='ltr'><em>ἀλλὰ</em></span> <span class='ocrx_word' id='word_1_4' title='bbox 380 301 502 370; x_wconf 89' lang='grc' dir='ltr'><em>γάρ,</em></span> <span class='ocrx_word' id='word_1_5' title='bbox 535 301 628 353; x_wconf 84' lang='grc' dir='ltr'><em>ἴνα</em></span> <span class='ocrx_word' id='word_1_6' title='bbox 666 301 738 368; x_wconf 87' lang='grc' dir='ltr'><em>μὴ</em></span> <span class='ocrx_word' id='word_1_7' title='bbox 778 299 951 370; x_wconf 74' lang='grc' dir='ltr'><em>(πέρα</em></span> <span class='ocrx_word' id='word_1_8' title='bbox 989 307 1088 352; x_wconf 86' lang='grc' dir='ltr'><em>τοῦ</em></span> <span class='ocrx_word' id='word_1_9' title='bbox 1128 298 1385 365; x_wconf 89' lang='grc' dir='ltr'><em>δεόντος&gt;</em></span> <span class='ocrx_word' id='word_1_10' title='bbox 1425 299 1453 352; x_wconf 90' lang='grc' dir='ltr'>ὁ</span> <span class='ocrx_word' id='word_1_11' title='bbox 1491 301 1653 366; x_wconf 80' lang='grc' dir='ltr'><em>λόγος</em></span> <span class='ocrx_word' id='word_1_12' title='bbox 1684 319 1776 367; x_wconf 88' lang='grc' dir='ltr'><em>μοι</em></span> <span class='ocrx_word' id='word_1_13' title='bbox 1810 302 1841 353; x_wconf 82' lang='grc'>8</span> 
     </span>
     <span class='ocr_line' id='line_1_3' title="bbox 91 386 1778 461; baseline -0.003 -18"><span class='ocrx_word' id='word_1_14' title='bbox 91 394 296 461; x_wconf 79' lang='grc' dir='ltr'><em>προβῇ,</em></span> <span class='ocrx_word' id='word_1_15' title='bbox 353 390 627 443; x_wconf 89' lang='grc' dir='ltr'><em>Πλάτωνα</em></span> <span class='ocrx_word' id='word_1_16' title='bbox 682 386 783 458; x_wconf 76' lang='grc' dir='ltr'><em>μὲν</em></span> <span class='ocrx_word' id='word_1_17' title='bbox 839 388 1003 457; x_wconf 90' lang='grc' dir='ltr'><em>ε’άσω,</em></span> <span class='ocrx_word' id='word_1_18' title='bbox 1057 389 1398 458; x_wconf 78' lang='grc' dir='ltr'><em>πορεύσομαι</em></span> <span class='ocrx_word' id='word_1_19' title='bbox 1445 386 1493 440; x_wconf 84' lang='grc' dir='ltr'><em>δ’</em></span> <span class='ocrx_word' id='word_1_20' title='bbox 1543 386 1629 439; x_wconf 82' lang='grc' dir='ltr'><em>ἐπὶ</em></span> <span class='ocrx_word' id='word_1_21' title='bbox 1680 389 1778 439; x_wconf 89' lang='grc' dir='ltr'><em>τὸν</em></span> 
     </span>
     <span class='ocr_line' id='line_1_4' title="bbox 93 474 1778 548; baseline -0.003 -16"><span class='ocrx_word' id='word_1_22' title='bbox 93 477 492 548; x_wconf 81' lang='grc' dir='ltr'><em>Δημοσθένην,</em></span> <span class='ocrx_word' id='word_1_23' title='bbox 547 474 614 530; x_wconf 83' lang='grc' dir='ltr'><em>οὗ</em></span> <span class='ocrx_word' id='word_1_24' title='bbox 666 479 733 546; x_wconf 87' lang='grc' dir='ltr'><em>δὴ</em></span> <span class='ocrx_word' id='word_1_25' title='bbox 782 479 944 547; x_wconf 80' lang='grc' dir='ltr'><em>χάριν</em></span> <span class='ocrx_word' id='word_1_26' title='bbox 997 477 1126 540; x_wconf 88' lang='grc' dir='ltr'><em>τούς</em></span> <span class='ocrx_word' id='word_1_27' title='bbox 1179 496 1236 530; x_wconf 89' lang='grc' dir='ltr'><em>τε</em></span> <span class='ocrx_word' id='word_1_28' title='bbox 1290 484 1630 546; x_wconf 81' lang='grc' dir='ltr'><em>χαρακτῆρας</em></span> <span class='ocrx_word' id='word_1_29' title='bbox 1684 483 1778 543; x_wconf 83' lang='grc' dir='ltr'><em>τῆς</em></span> 
     </span>
     <span class='ocr_line' id='line_1_5' title="bbox 95 559 1777 636; baseline -0.002 -15"><span class='ocrx_word' id='word_1_30' title='bbox 95 568 303 635; x_wconf 85' lang='grc' dir='ltr'><em>λέξεως,</em></span> <span class='ocrx_word' id='word_1_31' title='bbox 344 566 441 629; x_wconf 84' lang='grc' dir='ltr'><em>οὓς</em></span> <span class='ocrx_word' id='word_1_32' title='bbox 479 566 731 635; x_wconf 80' lang='grc' dir='ltr'><em>ἡγούμην</em></span> <span class='ocrx_word' id='word_1_33' title='bbox 771 563 912 619; x_wconf 81' lang='grc' dir='ltr'><em>εἶναι</em></span> <span class='ocrx_word' id='word_1_34' title='bbox 947 569 1288 636; x_wconf 77' lang='grc' dir='ltr'><em>κρατίστους,</em></span> <span class='ocrx_word' id='word_1_35' title='bbox 1328 559 1580 627; x_wconf 54' lang='grc' dir='ltr'><em>καΐτοὺς</em></span> <span class='ocrx_word' id='word_1_36' title='bbox 1611 566 1777 618; x_wconf 89' lang='grc' dir='ltr'><em>δυνα-</em></span> 
     </span>
     <span class='ocr_line' id='line_1_6' title="bbox 96 654 1845 725; baseline 0 -15"><span class='ocrx_word' id='word_1_37' title='bbox 96 658 427 718; x_wconf 90' lang='grc' dir='ltr'><em>στεύσαντας</em></span> <span class='ocrx_word' id='word_1_38' title='bbox 475 655 535 708; x_wconf 85' lang='grc' dir='ltr'><em>ἐν</em></span> <span class='ocrx_word' id='word_1_39' title='bbox 574 655 761 718; x_wconf 86' lang='grc' dir='ltr'><em>αὐτοῖς</em></span> <span class='ocrx_word' id='word_1_40' title='bbox 807 656 1318 725; x_wconf 77' lang='grc' dir='ltr'><em>κατηριθμησάμην,</em></span> <span class='ocrx_word' id='word_1_41' title='bbox 1366 654 1466 723; x_wconf 89' lang='grc' dir='ltr'><em>οὐχ</em></span> <span class='ocrx_word' id='word_1_42' title='bbox 1511 655 1779 716; x_wconf 80' lang='grc' dir='ltr'><em>ἅπαντας”</em></span> <span class='ocrx_word' id='word_1_43' title='bbox 1825 679 1845 710; x_wconf 87' lang='lat'>5</span> 
     </span>
     <span class='ocr_line' id='line_1_7' title="bbox 87 741 1781 815; baseline -0.003 -15"><span class='ocrx_word' id='word_1_44' title='bbox 87 746 364 815; x_wconf 84' lang='grc' dir='ltr'><em>Ἀντιφῶν</em></span> <span class='ocrx_word' id='word_1_45' title='bbox 395 746 498 815; x_wconf 80' lang='grc' dir='ltr'><em>γὰρ</em></span> <span class='ocrx_word' id='word_1_46' title='bbox 533 745 600 813; x_wconf 85' lang='grc' dir='ltr'><em>δὴ</em></span> <span class='ocrx_word' id='word_1_47' title='bbox 633 743 723 796; x_wconf 90' lang='grc' dir='ltr'><em>καὶ</em></span> <span class='ocrx_word' id='word_1_48' title='bbox 757 746 1043 813; x_wconf 82' lang='grc' dir='ltr'><em>Θεόδωρος</em></span> <span class='ocrx_word' id='word_1_49' title='bbox 1074 743 1164 796; x_wconf 82' lang='grc' dir='ltr'><em>καὶ</em></span> <span class='ocrx_word' id='word_1_50' title='bbox 1197 745 1560 814; x_wconf 81' lang='grc' dir='ltr'><em>Πολυκράτης</em></span> <span class='ocrx_word' id='word_1_51' title='bbox 1584 741 1781 805; x_wconf 86' lang='grc' dir='ltr'><em>Ἰσαῖός</em></span> 
     </span>
     <span class='ocr_line' id='line_1_8' title="bbox 95 831 1782 902; baseline -0.003 -13"><span class='ocrx_word' id='word_1_52' title='bbox 95 856 151 889; x_wconf 91' lang='grc' dir='ltr'><em>τε</em></span> <span class='ocrx_word' id='word_1_53' title='bbox 183 834 273 888; x_wconf 87' lang='grc' dir='ltr'><em>καὶ</em></span> <span class='ocrx_word' id='word_1_54' title='bbox 304 837 515 895; x_wconf 88' lang='grc' dir='ltr'><em>Ζωίλος</em></span> <span class='ocrx_word' id='word_1_55' title='bbox 545 833 634 886; x_wconf 86' lang='grc' dir='ltr'><em>καὶ</em></span> <span class='ocrx_word' id='word_1_56' title='bbox 660 832 1012 902; x_wconf 83' lang='grc' dir='ltr'><em>Ἀναξιμένης</em></span> <span class='ocrx_word' id='word_1_57' title='bbox 1043 831 1132 885; x_wconf 88' lang='grc' dir='ltr'><em>καὶ</em></span> <span class='ocrx_word' id='word_1_58' title='bbox 1166 834 1219 886; x_wconf 83' lang='grc' dir='ltr'><em>οἱ</em></span> <span class='ocrx_word' id='word_1_59' title='bbox 1250 834 1386 885; x_wconf 83' lang='grc' dir='ltr'><em>κατὰ</em></span> <span class='ocrx_word' id='word_1_60' title='bbox 1417 834 1548 894; x_wconf 85' lang='grc' dir='ltr'><em>τοὺς</em></span> <span class='ocrx_word' id='word_1_61' title='bbox 1580 832 1782 894; x_wconf 86' lang='grc' dir='ltr'><em>αὐτοὺς</em></span> 
     </span>
     <span class='ocr_line' id='line_1_9' title="bbox 96 919 1782 992; baseline -0.001 -16"><span class='ocrx_word' id='word_1_62' title='bbox 96 925 382 992; x_wconf 87' lang='grc' dir='ltr'><em>γενόμενοι</em></span> <span class='ocrx_word' id='word_1_63' title='bbox 437 923 653 985; x_wconf 80' lang='grc' dir='ltr'><em>τούτοις</em></span> <span class='ocrx_word' id='word_1_64' title='bbox 706 925 943 991; x_wconf 87' lang='grc' dir='ltr'><em>χρόνους</em></span> <span class='ocrx_word' id='word_1_65' title='bbox 998 919 1173 975; x_wconf 77' lang='grc' dir='ltr'><em>οὐθὲν</em></span> <span class='ocrx_word' id='word_1_66' title='bbox 1227 923 1351 975; x_wconf 82' lang='grc' dir='ltr'><em>οὔτε</em></span> <span class='ocrx_word' id='word_1_67' title='bbox 1405 922 1601 974; x_wconf 87' lang='grc' dir='ltr'><em>καινὸν</em></span> <span class='ocrx_word' id='word_1_68' title='bbox 1656 922 1782 974; x_wconf 78' lang='grc' dir='ltr'><em>οὔτε</em></span> 
     </span>
     <span class='ocr_line' id='line_1_10' title="bbox 95 1010 1783 1081; baseline -0.002 -16"><span class='ocrx_word' id='word_1_69' title='bbox 95 1013 355 1081; x_wconf 90' lang='grc' dir='ltr'><em>περιττὸν</em></span> <span class='ocrx_word' id='word_1_70' title='bbox 395 1011 779 1079; x_wconf 80' lang='grc' dir='ltr'><em>ἐπετήδευσαν,</em></span> <span class='ocrx_word' id='word_1_71' title='bbox 819 1010 957 1064; x_wconf 83' lang='grc' dir='ltr'><em>ἀλλὰ</em></span> <span class='ocrx_word' id='word_1_72' title='bbox 989 1010 1094 1063; x_wconf 91' lang='grc' dir='ltr'><em>ἀπὸ</em></span> <span class='ocrx_word' id='word_1_73' title='bbox 1126 1011 1340 1063; x_wconf 89' lang='grc' dir='ltr'><em>τούτων</em></span> <span class='ocrx_word' id='word_1_74' title='bbox 1370 1020 1480 1063; x_wconf 89' lang='grc' dir='ltr'><em>τῶν</em></span> <span class='ocrx_word' id='word_1_75' title='bbox 1518 1011 1783 1080; x_wconf 83' lang='grc' dir='ltr'><em>χαρακτή-</em></span> 
     </span>
     <span class='ocr_line' id='line_1_11' title="bbox 99 1098 1850 1170; baseline 0.001 -18"><span class='ocrx_word' id='word_1_76' title='bbox 99 1121 213 1169; x_wconf 88' lang='grc' dir='ltr'><em>ρων</em></span> <span class='ocrx_word' id='word_1_77' title='bbox 251 1099 342 1152; x_wconf 85' lang='grc' dir='ltr'><em>καὶ</em></span> <span class='ocrx_word' id='word_1_78' title='bbox 373 1101 520 1170; x_wconf 82' lang='grc' dir='ltr'><em>παρὰ</em></span> <span class='ocrx_word' id='word_1_79' title='bbox 552 1101 784 1162; x_wconf 91' lang='grc' dir='ltr'><em>τούτους</em></span> <span class='ocrx_word' id='word_1_80' title='bbox 815 1101 945 1162; x_wconf 87' lang='grc' dir='ltr'><em>τοὺς</em></span> <span class='ocrx_word' id='word_1_81' title='bbox 975 1102 1212 1162; x_wconf 87' lang='grc' dir='ltr'><em>κανόνας</em></span> <span class='ocrx_word' id='word_1_82' title='bbox 1242 1101 1338 1162; x_wconf 82' lang='grc' dir='ltr'><em>τὰς</em></span> <span class='ocrx_word' id='word_1_83' title='bbox 1371 1098 1581 1152; x_wconf 79' lang='grc' dir='ltr'><em>ἑαυτῶν</em></span> <span class='ocrx_word' id='word_1_84' title='bbox 1613 1098 1783 1162; x_wconf 81' lang='grc' dir='ltr'><em>λέξεις</em></span> <span class='ocrx_word' id='word_1_85' title='bbox 1808 1123 1850 1154; x_wconf 90' lang='lat'><em>10</em></span> 
     </span>
     <span class='ocr_line' id='line_1_12' title="bbox 98 1189 1785 1257; baseline -0.002 -15"><span class='ocrx_word' id='word_1_86' title='bbox 98 1190 515 1242; x_wconf 88' lang='grc' dir='ltr'><em>κατεσκεύασαν.</em></span> <span class='ocrx_word' id='word_1_87' title='bbox 583 1189 846 1256; x_wconf 90' lang='grc' dir='ltr'><em>τοιαύτην</em></span> <span class='ocrx_word' id='word_1_88' title='bbox 886 1190 953 1256; x_wconf 84' lang='grc' dir='ltr'><em>δὴ</em></span> <span class='ocrx_word' id='word_1_89' title='bbox 994 1189 1318 1256; x_wconf 86' lang='grc' dir='ltr'><em>καταλαβὼν</em></span> <span class='ocrx_word' id='word_1_90' title='bbox 1356 1189 1457 1257; x_wconf 85' lang='grc' dir='ltr'><em>τὴν</em></span> <span class='ocrx_word' id='word_1_91' title='bbox 1494 1189 1785 1256; x_wconf 87' lang='grc' dir='ltr'><em>πολιτικὴν</em></span> 
     </span>
     <span class='ocr_line' id='line_1_13' title="bbox 99 1273 1783 1347; baseline -0.001 -17"><span class='ocrx_word' id='word_1_92' title='bbox 99 1277 247 1342; x_wconf 82' lang='grc' dir='ltr'><em>λέξιν</em></span> <span class='ocrx_word' id='word_1_93' title='bbox 286 1278 315 1331; x_wconf 87' lang='grc' dir='ltr'>ὁ</span> <span class='ocrx_word' id='word_1_94' title='bbox 355 1276 724 1347; x_wconf 87' lang='grc' dir='ltr'><em>Δημοσθένης</em></span> <span class='ocrx_word' id='word_1_95' title='bbox 772 1277 914 1330; x_wconf 78' lang='grc' dir='ltr'><em>οὕτω</em></span> <span class='ocrx_word' id='word_1_96' title='bbox 961 1275 1322 1346; x_wconf 82' lang='grc' dir='ltr'><em>κεκινημένην</em></span> <span class='ocrx_word' id='word_1_97' title='bbox 1360 1281 1646 1342; x_wconf 87' lang='grc' dir='ltr'><em>ποικίλως,</em></span> <span class='ocrx_word' id='word_1_98' title='bbox 1693 1273 1783 1328; x_wconf 86' lang='grc' dir='ltr'><em>καὶ</em></span> 
     </span>
     <span class='ocr_line' id='line_1_14' title="bbox 99 1363 1786 1435; baseline -0.001 -16"><span class='ocrx_word' id='word_1_99' title='bbox 99 1367 442 1435; x_wconf 89' lang='grc' dir='ltr'><em>τηλικούτοις</em></span> <span class='ocrx_word' id='word_1_100' title='bbox 497 1365 835 1419; x_wconf 78' lang='grc' dir='ltr'><em>ἐπεισελθὼν</em></span> <span class='ocrx_word' id='word_1_101' title='bbox 893 1365 1164 1435; x_wconf 82' lang='grc' dir='ltr'><em>ἀνδράσιν</em></span> <span class='ocrx_word' id='word_1_102' title='bbox 1218 1364 1340 1428; x_wconf 81' lang='grc' dir='ltr'><em>ἑνὸς</em></span> <span class='ocrx_word' id='word_1_103' title='bbox 1393 1363 1494 1434; x_wconf 73' lang='grc' dir='ltr'><em>μὲν</em></span> <span class='ocrx_word' id='word_1_104' title='bbox 1549 1365 1786 1427; x_wconf 84' lang='grc' dir='ltr'><em>οὐθενὸς</em></span> 
     </span>
    </p>

    <p class='ocr_par' dir='ltr' id='par_1_3' title="bbox 11 1452 1858 2146">
     <span class='ocr_line' id='line_1_15' title="bbox 11 1452 1786 1525; baseline -0.001 -18"><span class='ocrx_word' id='word_1_105' title='bbox 11 1469 96 1507; x_wconf 83' lang='grc'><em>975</em></span> <span class='ocrx_word' id='word_1_106' title='bbox 123 1454 316 1523; x_wconf 84' lang='grc' dir='ltr'><em>ἠξίωσε</em></span> <span class='ocrx_word' id='word_1_107' title='bbox 341 1453 602 1523; x_wconf 88' lang='grc' dir='ltr'><em>γενέσθαι</em></span> <span class='ocrx_word' id='word_1_108' title='bbox 629 1452 879 1525; x_wconf 65' lang='grc' dir='ltr'><em>ζηλωζτὴς</em></span> <span class='ocrx_word' id='word_1_109' title='bbox 903 1455 1029 1507; x_wconf 80' lang='grc' dir='ltr'><em>οὔτε</em></span> <span class='ocrx_word' id='word_1_110' title='bbox 1052 1462 1390 1525; x_wconf 80' lang='grc' dir='ltr'><em>χαρακτῆρος</em></span> <span class='ocrx_word' id='word_1_111' title='bbox 1416 1455 1541 1507; x_wconf 81' lang='grc' dir='ltr'><em>οὔτε</em></span> <span class='ocrx_word' id='word_1_112' title='bbox 1565 1454 1786 1523; x_wconf 88' lang='grc' dir='ltr'><em>ἀνδρός,</em></span> 
     </span>
     <span class='ocr_line' id='line_1_16' title="bbox 100 1539 1855 1613; baseline 0.001 -16"><span class='ocrx_word' id='word_1_113' title='bbox 100 1543 395 1613; x_wconf 63' lang='grc' dir='ltr'><em>’ἡμιέργους</em></span> <span class='ocrx_word' id='word_1_114' title='bbox 448 1544 602 1605; x_wconf 78' lang='grc' dir='ltr'><em>τινὰς</em></span> <span class='ocrx_word' id='word_1_115' title='bbox 648 1544 891 1605; x_wconf 79' lang='grc' dir='ltr'><em>ἅπαντας</em></span> <span class='ocrx_word' id='word_1_116' title='bbox 938 1544 1188 1611; x_wconf 86' lang='grc' dir='ltr'><em>οἰόμενος</em></span> <span class='ocrx_word' id='word_1_117' title='bbox 1235 1539 1377 1595; x_wconf 80' lang='grc' dir='ltr'><em>εἶναι</em></span> <span class='ocrx_word' id='word_1_118' title='bbox 1424 1541 1514 1595; x_wconf 83' lang='grc' dir='ltr'><em>καὶ</em></span> <span class='ocrx_word' id='word_1_119' title='bbox 1562 1542 1786 1611; x_wconf 80' lang='grc' dir='ltr'><em>ἀτελεῖς,</em></span> <span class='ocrx_word' id='word_1_120' title='bbox 1816 1565 1855 1598; x_wconf 86' lang='lat'><em>15</em></span> 
     </span>
     <span class='ocr_line' id='line_1_17' title="bbox 103 1631 1789 1702; baseline -0.001 -17"><span class='ocrx_word' id='word_1_121' title='bbox 103 1633 156 1697; x_wconf 83' lang='grc' dir='ltr'><em>ἐξ</em></span> <span class='ocrx_word' id='word_1_122' title='bbox 197 1633 455 1686; x_wconf 85' lang='grc' dir='ltr'><em>ἁπάντων</em></span> <span class='ocrx_word' id='word_1_123' title='bbox 494 1631 546 1684; x_wconf 80' lang='grc' dir='ltr'><em>δ’</em></span> <span class='ocrx_word' id='word_1_124' title='bbox 586 1631 770 1684; x_wconf 88' lang='grc' dir='ltr'><em>αὐτῶν</em></span> <span class='ocrx_word' id='word_1_125' title='bbox 820 1632 922 1684; x_wconf 83' lang='grc' dir='ltr'><em>ὅσα</em></span> <span class='ocrx_word' id='word_1_126' title='bbox 967 1633 1227 1702; x_wconf 89' lang='grc' dir='ltr'><em>κράτιστα</em></span> <span class='ocrx_word' id='word_1_127' title='bbox 1272 1631 1362 1684; x_wconf 84' lang='grc' dir='ltr'><em>καὶ</em></span> <span class='ocrx_word' id='word_1_128' title='bbox 1409 1633 1789 1701; x_wconf 87' lang='grc' dir='ltr'><em>χρησιμώτατα</em></span> 
     </span>
     <span class='ocr_line' id='line_1_18' title="bbox 103 1718 1790 1790; baseline -0.001 -16"><span class='ocrx_word' id='word_1_129' title='bbox 103 1718 195 1789; x_wconf 75' lang='grc' dir='ltr'><em>ἦν,</em></span> <span class='ocrx_word' id='word_1_130' title='bbox 246 1721 598 1790; x_wconf 79' lang='grc' dir='ltr'><em>ἐκλεγόμενος</em></span> <span class='ocrx_word' id='word_1_131' title='bbox 637 1722 946 1790; x_wconf 87' lang='grc' dir='ltr'><em>συνύφαινε</em></span> <span class='ocrx_word' id='word_1_132' title='bbox 984 1719 1075 1773; x_wconf 84' lang='grc' dir='ltr'><em>καὶ</em></span> <span class='ocrx_word' id='word_1_133' title='bbox 1122 1723 1254 1790; x_wconf 86' lang='grc' dir='ltr'><em>μίαν</em></span> <span class='ocrx_word' id='word_1_134' title='bbox 1302 1720 1359 1773; x_wconf 84' lang='grc' dir='ltr'><em>ἐκ</em></span> <span class='ocrx_word' id='word_1_135' title='bbox 1404 1725 1627 1774; x_wconf 82' lang='grc' dir='ltr'><em>πολλῶν</em></span> <span class='ocrx_word' id='word_1_136' title='bbox 1673 1720 1790 1772; x_wconf 88' lang='grc' dir='ltr'><em>διά-</em></span> 
     </span>
     <span class='ocr_line' id='line_1_19' title="bbox 106 1808 1789 1879; baseline 0 -17"><span class='ocrx_word' id='word_1_137' title='bbox 106 1815 298 1863; x_wconf 86' lang='grc' dir='ltr'><em>λεκτον</em></span> <span class='ocrx_word' id='word_1_138' title='bbox 337 1809 599 1878; x_wconf 85' lang='grc' dir='ltr'><em>ἀπετέλει,</em></span> <span class='ocrx_word' id='word_1_139' title='bbox 638 1814 1020 1879; x_wconf 79' lang='grc' dir='ltr'><em>μεγαλοπρεπῆ</em></span> <span class='ocrx_word' id='word_1_140' title='bbox 1061 1812 1235 1878; x_wconf 85' lang='grc' dir='ltr'><em>λιτήν,</em></span> <span class='ocrx_word' id='word_1_141' title='bbox 1275 1811 1534 1878; x_wconf 81' lang='grc' dir='ltr'><em>περιττὴν</em></span> <span class='ocrx_word' id='word_1_142' title='bbox 1574 1808 1789 1879; x_wconf 88' lang='grc' dir='ltr'><em>ἀπέριτ-</em></span> 
     </span>
     <span class='ocr_line' id='line_1_20' title="bbox 106 1897 1788 1969; baseline -0.001 -18"><span class='ocrx_word' id='word_1_143' title='bbox 106 1919 227 1966; x_wconf 88' lang='grc' dir='ltr'><em>τον,</em></span> <span class='ocrx_word' id='word_1_144' title='bbox 290 1897 692 1967; x_wconf 78' lang='grc' dir='ltr'><em>ἐξηλλαγμένην</em></span> <span class='ocrx_word' id='word_1_145' title='bbox 746 1900 994 1967; x_wconf 86' lang='grc' dir='ltr'><em>συνήθη,</em></span> <span class='ocrx_word' id='word_1_146' title='bbox 1055 1901 1440 1969; x_wconf 81' lang='grc' dir='ltr'><em>πανηγυρικὴν</em></span> <span class='ocrx_word' id='word_1_147' title='bbox 1494 1898 1788 1967; x_wconf 83' lang='grc' dir='ltr'><em>ἀληθινήν,</em></span> 
     </span>
     <span class='ocr_line' id='line_1_21' title="bbox 106 1987 1858 2057; baseline 0.001 -17"><span class='ocrx_word' id='word_1_148' title='bbox 106 1987 387 2056; x_wconf 84' lang='grc' dir='ltr'><em>αὐστηρὰν</em></span> <span class='ocrx_word' id='word_1_149' title='bbox 427 1988 639 2057; x_wconf 83' lang='grc' dir='ltr'><em>ἱλαράν,</em></span> <span class='ocrx_word' id='word_1_150' title='bbox 679 1987 953 2040; x_wconf 86' lang='grc' dir='ltr'><em>σύντονον</em></span> <span class='ocrx_word' id='word_1_151' title='bbox 992 1987 1302 2057; x_wconf 88' lang='grc' dir='ltr'><em>ἀνειμένην,</em></span> <span class='ocrx_word' id='word_1_152' title='bbox 1343 1988 1535 2056; x_wconf 81' lang='grc' dir='ltr'><em>ἡδεῖαν</em></span> <span class='ocrx_word' id='word_1_153' title='bbox 1569 1987 1790 2056; x_wconf 87' lang='grc' dir='ltr'><em>πικράν,</em></span> <span class='ocrx_word' id='word_1_154' title='bbox 1815 2009 1858 2042; x_wconf 80' lang='lat'><em>20</em></span> 
     </span>
     <span class='ocr_line' id='line_1_22' title="bbox 107 2073 1791 2146; baseline -0.001 -17"><span class='ocrx_word' id='word_1_155' title='bbox 107 2077 313 2144; x_wconf 84' lang='grc' dir='ltr'><em>ἠθικὴν</em></span> <span class='ocrx_word' id='word_1_156' title='bbox 343 2078 672 2143; x_wconf 83' lang='grc' dir='ltr'><em>παθητικήν,</em></span> <span class='ocrx_word' id='word_1_157' title='bbox 713 2073 880 2129; x_wconf 77' lang='grc' dir='ltr'><em>οὐδὲν</em></span> <span class='ocrx_word' id='word_1_158' title='bbox 911 2077 1348 2130; x_wconf 86' lang='grc' dir='ltr'><em>διαλλάττουσαν</em></span> <span class='ocrx_word' id='word_1_159' title='bbox 1378 2084 1478 2129; x_wconf 86' lang='grc' dir='ltr'><em>τοῦ</em></span> <span class='ocrx_word' id='word_1_160' title='bbox 1517 2081 1791 2146; x_wconf 85' lang='grc' dir='ltr'><em>μεμυθευ-</em></span> 
     </span>
    </p>
   </div>
   <div class='ocr_carea' id='block_1_3' title="bbox 112 2264 1794 2440">
    <p class='ocr_par' dir='ltr' id='par_1_4' title="bbox 112 2264 1794 2440">
     <span class='ocr_line' id='line_1_23' title="bbox 230 2264 1794 2320; baseline -0.001 -11"><span class='ocrx_word' id='word_1_161' title='bbox 230 2270 417 2310; x_wconf 88' lang='grc'>16-18</span> <span class='ocrx_word' id='word_1_162' title='bbox 463 2264 512 2308; x_wconf 85' lang='lat' dir='ltr'><em>cf</em></span> <span class='ocrx_word' id='word_1_163' title='bbox 546 2278 803 2320; x_wconf 68' lang='lat' dir='ltr'><strong>anonymus</strong></span> <span class='ocrx_word' id='word_1_164' title='bbox 835 2264 896 2307; x_wconf 93' lang='lat' dir='ltr'>W</span> <span class='ocrx_word' id='word_1_165' title='bbox 934 2265 1020 2308; x_wconf 90' lang='lat' dir='ltr'><em>VII</em></span> <span class='ocrx_word' id='word_1_166' title='bbox 1054 2269 1181 2320; x_wconf 80' lang='lat'>1049,</span> <span class='ocrx_word' id='word_1_167' title='bbox 1214 2269 1240 2307; x_wconf 90' lang='grc'>8</span> <span class='ocrx_word' id='word_1_168' title='bbox 1378 2271 1429 2308; x_wconf 79' lang='lat'><em>21</em></span> <span class='ocrx_word' id='word_1_169' title='bbox 1466 2280 1519 2320; x_wconf 88' lang='lat' dir='ltr'><em>sq</em></span> <span class='ocrx_word' id='word_1_170' title='bbox 1566 2267 1794 2308; x_wconf 73' lang='lat' dir='ltr'>memorat</span> 
     </span>
     <span class='ocr_line' id='line_1_24' title="bbox 112 2322 1790 2379; baseline -0.002 -10"><span class='ocrx_word' id='word_1_171' title='bbox 112 2324 254 2369; x_wconf 76' lang='lat' dir='ltr'>schol.</span> <span class='ocrx_word' id='word_1_172' title='bbox 287 2324 527 2368; x_wconf 73' lang='lat' dir='ltr'><strong>Demosth.</strong></span> <span class='ocrx_word' id='word_1_173' title='bbox 563 2327 668 2378; x_wconf 76' lang='lat'><em>604,</em></span> <span class='ocrx_word' id='word_1_174' title='bbox 702 2327 756 2366; x_wconf 81' lang='lat'><em>21</em></span> <span class='ocrx_word' id='word_1_175' title='bbox 798 2323 936 2367; x_wconf 83' lang='lat' dir='ltr'>Dind.</span> <span class='ocrx_word' id='word_1_176' title='bbox 986 2323 1066 2367; x_wconf 81' lang='grc' dir='ltr'><em>καὶ</em></span> <span class='ocrx_word' id='word_1_177' title='bbox 1112 2324 1361 2374; x_wconf 82' lang='grc' dir='ltr'><em>Διονύσιος</em></span> <span class='ocrx_word' id='word_1_178' title='bbox 1407 2325 1551 2368; x_wconf 79' lang='grc' dir='ltr'><em>αὐτὸν</em></span> <span class='ocrx_word' id='word_1_179' title='bbox 1601 2322 1790 2379; x_wconf 84' lang='grc' dir='ltr'><em>Πρωτέα</em></span> 
     </span>
     <span class='ocr_line' id='line_1_25' title="bbox 112 2381 1794 2440; baseline -0.001 -12"><span class='ocrx_word' id='word_1_180' title='bbox 112 2382 340 2439; x_wconf 78' lang='grc' dir='ltr'><em>ἐκάλεσεν,</em></span> <span class='ocrx_word' id='word_1_181' title='bbox 381 2381 450 2427; x_wconf 75' lang='grc' dir='ltr'><em>ὅτι</em></span> <span class='ocrx_word' id='word_1_182' title='bbox 483 2383 547 2434; x_wconf 84' lang='grc' dir='ltr'><em>εἰς</em></span> <span class='ocrx_word' id='word_1_183' title='bbox 582 2382 728 2427; x_wconf 85' lang='grc' dir='ltr'><em>πολλὰ</em></span> <span class='ocrx_word' id='word_1_184' title='bbox 760 2382 839 2426; x_wconf 83' lang='grc' dir='ltr'><em>καὶ</em></span> <span class='ocrx_word' id='word_1_185' title='bbox 871 2382 928 2425; x_wconf 77' lang='grc' dir='ltr'><em>τὰ</em></span> <span class='ocrx_word' id='word_1_186' title='bbox 960 2381 1150 2427; x_wconf 80' lang='grc' dir='ltr'><em>ἐναντία</em></span> <span class='ocrx_word' id='word_1_187' title='bbox 1190 2391 1367 2439; x_wconf 85' lang='grc' dir='ltr'><em>μορφοῖ</em></span> <span class='ocrx_word' id='word_1_188' title='bbox 1402 2384 1483 2428; x_wconf 87' lang='grc' dir='ltr'><em>τὸν</em></span> <span class='ocrx_word' id='word_1_189' title='bbox 1515 2382 1666 2440; x_wconf 83' lang='grc' dir='ltr'><em>λόγον,</em></span> <span class='ocrx_word' id='word_1_190' title='bbox 1707 2390 1794 2427; x_wconf 89' lang='grc' dir='ltr'><em>νῦν</em></span> 
     </span>
    </p>
   </div>
   <div class='ocr_carea' id='block_1_4' title="bbox 115 2558 1795 2735">
    <p class='ocr_par' dir='ltr' id='par_1_5' title="bbox 115 2558 1795 2735">
     <span class='ocr_line' id='line_1_26' title="bbox 233 2558 1795 2619; baseline -0.003 -14"><span class='ocrx_word' id='word_1_191' title='bbox 233 2569 253 2605; x_wconf 94' lang='grc'><strong>1</strong></span> <span class='ocrx_word' id='word_1_192' title='bbox 298 2561 378 2619; x_wconf 87' lang='grc' dir='ltr'><em>μὴ]</em></span> <span class='ocrx_word' id='word_1_193' title='bbox 418 2558 471 2616; x_wconf 75' lang='grc' dir='ltr'><em>μὲ</em></span> <span class='ocrx_word' id='word_1_194' title='bbox 511 2561 548 2604; x_wconf 92' lang='grc' dir='ltr'>Β</span> <span class='ocrx_word' id='word_1_195' title='bbox 600 2564 605 2617; x_wconf 78' lang='lat'>1</span> <span class='ocrx_word' id='word_1_196' title='bbox 655 2560 728 2603; x_wconf 76' lang='lat' dir='ltr'><em>lac</em></span> <span class='ocrx_word' id='word_1_197' title='bbox 761 2559 866 2603; x_wconf 88' lang='lat' dir='ltr'><em>XIV</em></span> <span class='ocrx_word' id='word_1_198' title='bbox 902 2559 982 2603; x_wconf 76' lang='lat' dir='ltr'><strong>litt</strong></span> <span class='ocrx_word' id='word_1_199' title='bbox 1011 2559 1079 2616; x_wconf 90' lang='lat' dir='ltr'><em>M,</em></span> <span class='ocrx_word' id='word_1_200' title='bbox 1120 2560 1205 2604; x_wconf 90' lang='lat' dir='ltr'><em>XII</em></span> <span class='ocrx_word' id='word_1_201' title='bbox 1236 2560 1294 2616; x_wconf 87' lang='lat' dir='ltr'><em>B,</em></span> <span class='ocrx_word' id='word_1_202' title='bbox 1335 2560 1420 2603; x_wconf 90' lang='lat' dir='ltr'><em>XX</em></span> <span class='ocrx_word' id='word_1_203' title='bbox 1450 2561 1508 2605; x_wconf 90' lang='lat' dir='ltr'><em>P:</em></span> <span class='ocrx_word' id='word_1_204' title='bbox 1557 2558 1795 2617; x_wconf 75' lang='lat' dir='ltr'>suppleuit</span> 
     </span>
     <span class='ocr_line' id='line_1_27' title="bbox 115 2616 1793 2676; baseline -0.002 -12"><span class='ocrx_word' id='word_1_205' title='bbox 115 2620 322 2664; x_wconf 83' lang='lat' dir='ltr'><strong>Sadaeus</strong></span> <span class='ocrx_word' id='word_1_206' title='bbox 353 2623 460 2676; x_wconf 74' lang='lat' dir='ltr'><strong>post</strong></span> <span class='ocrx_word' id='word_1_207' title='bbox 484 2620 743 2676; x_wconf 82' lang='lat' dir='ltr'><strong>Kn&#39;igerum</strong></span> <span class='ocrx_word' id='word_1_208' title='bbox 836 2623 860 2661; x_wconf 82' lang='grc'>2</span> <span class='ocrx_word' id='word_1_209' title='bbox 893 2616 943 2662; x_wconf 78' lang='grc' dir='ltr'><em>δὲ</em></span> <span class='ocrx_word' id='word_1_210' title='bbox 969 2619 1016 2662; x_wconf 91' lang='grc' dir='ltr'><strong>Μ</strong></span> <span class='ocrx_word' id='word_1_211' title='bbox 1107 2624 1133 2662; x_wconf 89' lang='grc'><strong>3</strong></span> <span class='ocrx_word' id='word_1_212' title='bbox 1165 2620 1270 2675; x_wconf 81' lang='grc' dir='ltr'><em>περὶ</em></span> <span class='ocrx_word' id='word_1_213' title='bbox 1300 2617 1624 2676; x_wconf 80' lang='grc' dir='ltr'><em>δημοσθένους</em></span> <span class='ocrx_word' id='word_1_214' title='bbox 1653 2633 1733 2674; x_wconf 86' lang='lat' dir='ltr'><em>mg</em></span> <span class='ocrx_word' id='word_1_215' title='bbox 1757 2617 1793 2660; x_wconf 91' lang='lat' dir='ltr'>B</span> 
     </span>
     <span class='ocr_line' id='line_1_28' title="bbox 231 2676 1795 2735; baseline -0.003 -13"><span class='ocrx_word' id='word_1_216' title='bbox 231 2684 259 2722; x_wconf 87' lang='grc'>4</span> <span class='ocrx_word' id='word_1_217' title='bbox 290 2680 608 2724; x_wconf 82' lang='grc' dir='ltr'><em>δυναστεύσαν</em></span> <span class='ocrx_word' id='word_1_218' title='bbox 625 2679 661 2722; x_wconf 89' lang='grc' dir='ltr'>Ρ</span> <span class='ocrx_word' id='word_1_219' title='bbox 753 2683 778 2721; x_wconf 89' lang='lat'>5</span> <span class='ocrx_word' id='word_1_220' title='bbox 803 2677 1164 2735; x_wconf 66' lang='grc' dir='ltr'><em>κατηριθμησάμὶ</em></span> <span class='ocrx_word' id='word_1_221' title='bbox 1192 2679 1239 2722; x_wconf 92' lang='grc' dir='ltr'>Μ</span> <span class='ocrx_word' id='word_1_222' title='bbox 1331 2684 1356 2723; x_wconf 87' lang='grc'>6</span> <span class='ocrx_word' id='word_1_223' title='bbox 1389 2680 1468 2723; x_wconf 76' lang='grc' dir='ltr'><em>καὶ</em></span> <span class='ocrx_word' id='word_1_224' title='bbox 1497 2682 1691 2732; x_wconf 82' lang='grc' dir='ltr'><em>πολυκρι</em></span> <span class='ocrx_word' id='word_1_225' title='bbox 1715 2676 1795 2720; x_wconf 81' lang='grc' dir='ltr'><em>καὶ</em></span> 
     </span>
    </p>
   </div>
   <div class='ocr_carea' id='block_1_5' title="bbox 115 2735 1794 2913">
    <p class='ocr_par' dir='ltr' id='par_1_6' title="bbox 115 2735 1794 2913">
     <span class='ocr_line' id='line_1_29' title="bbox 115 2735 1794 2796; baseline -0.003 -14"><span class='ocrx_word' id='word_1_226' title='bbox 115 2737 431 2794; x_wconf 81' lang='grc' dir='ltr'><em>πολυκράτους</em></span> <span class='ocrx_word' id='word_1_227' title='bbox 466 2738 629 2782; x_wconf 79' lang='lat' dir='ltr'><strong>addito</strong></span> <span class='ocrx_word' id='word_1_228' title='bbox 662 2755 690 2794; x_wconf 83' lang='grc' dir='ltr'><em>η</em></span> <span class='ocrx_word' id='word_1_229' title='bbox 724 2750 861 2793; x_wconf 86' lang='lat' dir='ltr'>super</span> <span class='ocrx_word' id='word_1_230' title='bbox 893 2754 973 2787; x_wconf 87' lang='grc' dir='ltr'><em>ους</em></span> <span class='ocrx_word' id='word_1_231' title='bbox 1003 2737 1038 2780; x_wconf 94' lang='grc' dir='ltr'><strong><em>Ρ</em></strong></span> <span class='ocrx_word' id='word_1_232' title='bbox 1155 2743 1208 2781; x_wconf 91' lang='grc'><em>10</em></span> <span class='ocrx_word' id='word_1_233' title='bbox 1239 2739 1431 2789; x_wconf 83' lang='grc' dir='ltr'><em>τούτους</em></span> <span class='ocrx_word' id='word_1_234' title='bbox 1461 2739 1586 2796; x_wconf 84' lang='grc' dir='ltr'><em>τοὺς]</em></span> <span class='ocrx_word' id='word_1_235' title='bbox 1618 2738 1726 2786; x_wconf 82' lang='grc' dir='ltr'><em>τοὺς</em></span> <span class='ocrx_word' id='word_1_236' title='bbox 1757 2735 1794 2777; x_wconf 89' lang='grc' dir='ltr'>Β</span> 
     </span>
     <span class='ocr_line' id='line_1_30' title="bbox 116 2794 1793 2855; baseline -0.002 -15"><span class='ocrx_word' id='word_1_237' title='bbox 116 2810 216 2840; x_wconf 87' lang='lat' dir='ltr'>corr</span> <span class='ocrx_word' id='word_1_238' title='bbox 238 2797 299 2840; x_wconf 87' lang='lat' dir='ltr'><em>B¹</em></span> <span class='ocrx_word' id='word_1_239' title='bbox 327 2799 332 2853; x_wconf 92' lang='grc' dir='ltr'>Ι</span> <span class='ocrx_word' id='word_1_240' title='bbox 370 2796 535 2842; x_wconf 81' lang='grc' dir='ltr'><em>ἑαυτὸν</em></span> <span class='ocrx_word' id='word_1_241' title='bbox 551 2797 692 2840; x_wconf 89' lang='grc' dir='ltr'><em>ΜΒΡ</em></span> <span class='ocrx_word' id='word_1_242' title='bbox 733 2795 910 2840; x_wconf 76' lang='grc' dir='ltr'><em>ἑαυτῶν</em></span> <span class='ocrx_word' id='word_1_243' title='bbox 933 2811 1012 2853; x_wconf 89' lang='lat' dir='ltr'><em>mg</em></span> <span class='ocrx_word' id='word_1_244' title='bbox 1032 2796 1069 2839; x_wconf 91' lang='lat' dir='ltr'>B</span> <span class='ocrx_word' id='word_1_245' title='bbox 1162 2802 1213 2840; x_wconf 91' lang='lat'><em>11</em></span> <span class='ocrx_word' id='word_1_246' title='bbox 1241 2798 1457 2855; x_wconf 77' lang='grc' dir='ltr'><em>καλαβὼν</em></span> <span class='ocrx_word' id='word_1_247' title='bbox 1474 2797 1510 2840; x_wconf 91' lang='grc' dir='ltr'><strong><em>Ρ</em></strong></span> <span class='ocrx_word' id='word_1_248' title='bbox 1596 2802 1649 2839; x_wconf 79' lang='grc'><em>12</em></span> <span class='ocrx_word' id='word_1_249' title='bbox 1677 2794 1793 2839; x_wconf 73' lang='grc' dir='ltr'><em>οὕτω</em></span> 
     </span>
     <span class='ocr_line' id='line_1_31' title="bbox 116 2853 1676 2913; baseline -0.001 -15"><span class='ocrx_word' id='word_1_250' title='bbox 116 2872 156 2899; x_wconf 82' lang='grc' dir='ltr'><em>κ.</em></span> <span class='ocrx_word' id='word_1_251' title='bbox 188 2872 236 2901; x_wconf 86' lang='grc' dir='ltr'><em>π.</em></span> <span class='ocrx_word' id='word_1_252' title='bbox 269 2859 488 2913; x_wconf 76' lang='lat' dir='ltr'>corrupta</span> <span class='ocrx_word' id='word_1_253' title='bbox 527 2859 610 2899; x_wconf 73' lang='lat' dir='ltr'><em>aut</em></span> <span class='ocrx_word' id='word_1_254' title='bbox 650 2854 805 2911; x_wconf 84' lang='lat' dir='ltr'><strong>spuria</strong></span> <span class='ocrx_word' id='word_1_255' title='bbox 931 2859 983 2898; x_wconf 90' lang='lat'><em>13</em></span> <span class='ocrx_word' id='word_1_256' title='bbox 1022 2853 1106 2911; x_wconf 74' lang='grc' dir='ltr'><em>μὲν</em></span> <span class='ocrx_word' id='word_1_257' title='bbox 1139 2870 1214 2899; x_wconf 88' lang='lat' dir='ltr'><em>om</em></span> <span class='ocrx_word' id='word_1_258' title='bbox 1244 2857 1319 2900; x_wconf 85' lang='lat' dir='ltr'><em>Pv</em></span> <span class='ocrx_word' id='word_1_259' title='bbox 1435 2861 1489 2899; x_wconf 88' lang='grc'><em>14</em></span> <span class='ocrx_word' id='word_1_260' title='bbox 1522 2853 1618 2899; x_wconf 77' lang='grc' dir='ltr'><em>οὔτ’</em></span> <span class='ocrx_word' id='word_1_261' title='bbox 1640 2855 1676 2897; x_wconf 88' lang='grc' dir='ltr'>Ρ</span> 
     </span>
    </p>
   </div>
   <div class='ocr_carea' id='block_1_6' title="bbox 120 2909 1794 3017">
    <p class='ocr_par' dir='ltr' id='par_1_7' title="bbox 120 2909 1794 3017">
     <span class='ocr_line' id='line_1_32' title="bbox 121 2909 1794 2972; baseline -0.001 -16"><span class='ocrx_word' id='word_1_262' title='bbox 121 2918 174 2956; x_wconf 89' lang='grc'><em>15</em></span> <span class='ocrx_word' id='word_1_263' title='bbox 205 2915 484 2972; x_wconf 83' lang='grc' dir='ltr'><em>ἡμιούργους</em></span> <span class='ocrx_word' id='word_1_264' title='bbox 507 2915 590 2958; x_wconf 92' lang='grc' dir='ltr'><em>ΒΡ</em></span> <span class='ocrx_word' id='word_1_265' title='bbox 702 2919 754 2957; x_wconf 87' lang='grc'><em>19</em></span> <span class='ocrx_word' id='word_1_266' title='bbox 790 2913 1215 2970; x_wconf 80' lang='grc' dir='ltr'><em>συνήθη-ἱλαράν</em></span> <span class='ocrx_word' id='word_1_267' title='bbox 1249 2929 1322 2958; x_wconf 89' lang='lat' dir='ltr'><em>om</em></span> <span class='ocrx_word' id='word_1_268' title='bbox 1347 2915 1384 2957; x_wconf 90' lang='lat' dir='ltr'><strong>B</strong></span> <span class='ocrx_word' id='word_1_269' title='bbox 1499 2920 1554 2958; x_wconf 81' lang='lat'><em>20</em></span> <span class='ocrx_word' id='word_1_270' title='bbox 1588 2909 1794 2971; x_wconf 84' lang='grc' dir='ltr'><em>ἱ[λ]αράν</em></span> 
     </span>
     <span class='ocr_line' id='line_1_33' title="bbox 120 2972 1020 3017; baseline 0 -1"><span class='ocrx_word' id='word_1_271' title='bbox 120 2986 224 3016; x_wconf 86' lang='lat' dir='ltr'><em>cum</em></span> <span class='ocrx_word' id='word_1_272' title='bbox 253 2987 328 3017; x_wconf 82' lang='lat' dir='ltr'><em>ras</em></span> <span class='ocrx_word' id='word_1_273' title='bbox 359 2975 407 3017; x_wconf 85' lang='lat' dir='ltr'>M</span> <span class='ocrx_word' id='word_1_274' title='bbox 528 2979 581 3017; x_wconf 80' lang='lat'><em>21</em></span> <span class='ocrx_word' id='word_1_275' title='bbox 615 2972 952 3017; x_wconf 82' lang='grc' dir='ltr'><em>διαλάττουσαν</em></span> <span class='ocrx_word' id='word_1_276' title='bbox 984 2973 1020 3016; x_wconf 90' lang='grc' dir='ltr'>Β</span> 
     </span>
    </p>
   </div>
  </div>
 </body>
</html>
