2004 3202
176 1053 217 1084 10

175 1937 219 1967 20

237 101 348 153 418
619 102 960 146 ΔΙΟΝΤΣΙΟΤ
991 105 1135 144 ΠΕΡΙ
1167 103 1567 146 ΘΟΤΚΤΔΙΔΟΤ

159 228 161 230 ’
242 236 524 306 ἀμφότερα
563 234 664 306 μὲν
704 236 783 290 ἐπ’
824 242 944 306 ἴσης
983 237 1189 304 ζηλωτὰ
1229 230 1388 305 εἶναι,
1428 238 1493 290 τά
1532 257 1587 290 τε
1627 239 1698 306 μὴ
1732 248 1923 308 σαφῶς

241 324 499 396 εἰρημένα
544 325 651 378 ὑπὸ
706 334 805 379 τοῦ
859 323 1219 395 συγγραφέως
1264 323 1355 377 καὶ
1402 326 1468 377 τὰ
1512 328 1920 395 προσειληφότα
1979 358 1983 381 ;

243 416 349 467 σὺν
379 423 498 477 ταῖς
522 415 712 476 ἄλλαις
744 413 960 483 ἀρεταῖς
984 413 1085 481 τὴν
1117 414 1438 482 σαφήνειαν,
1471 413 1572 466 οὐκ
1596 416 1705 483 ἔχει
1730 417 1920 482 λόγον·
1959 427 1985 476 {-

1944 0 1982 43 ζ’·

1939 52 1983 158 -·ε

1977 162 1984 191 ὗ

1949 197 1982 221 2:

1954 377 1960 418 ῑ
1979 385 1986 431 ¹.

242 503 449 571 ἀνάγκη
491 500 551 555 δὲ
592 503 882 572 ὁμολογεῖν
912 504 1199 571 κρείττονα
1229 510 1340 554 τῶν
1372 501 1738 572 ἀτελεστέρων
1777 494 1970 579 εἶναιῆ,

240 593 306 643 τὰ
337 594 642 661 τελειότερα
673 588 762 643 καὶ
795 599 906 642 τῶν
938 589 1328 660 ἀφανεστέρων
1358 590 1426 642 τά
1451 589 1500 658 γ’
1535 590 1921 661 ἐμφανέστερα.

239 683 297 732 τί
325 676 427 732 οὖν
458 682 732 748 μαθόντες
757 679 973 731 ἅπασαν
999 679 1100 746 τὴν
1125 679 1412 731 διάλεκτον
1436 686 1534 732 τοῦ
1560 679 1923 749 συγγραφέως

241 767 573 837 ἐπαινοῦμεν
602 766 693 820 καὶ
725 769 1026 836 βιαζόμεθα
1059 766 1256 835 λέγειν,
1298 767 1381 819 ὅτι
1413 776 1528 829 τοῖς
1559 766 1684 821 καθ’
1725 767 1922 821 ἑαυτὸν
1982 782 1986 812 ¹

1983 735 1988 751 ι

1983 757 1985 780 1

1981 814 1989 850 ν’

241 853 402 909 οὖσιν
441 857 761 927 ἀνθρώποις
808 855 946 908 αὐτὰ
987 855 1015 909 ὁ
1061 857 1408 924 Θουκυδίδης
1458 858 1661 939 έγραψε
1702 858 1919 925 συνήθη
1983 879 1989 934 -3

239 953 372 997 πᾶσι
411 943 500 997 καὶ
547 945 796 1014 γνώριμα
843 946 1000 1012 ὄντα,
1048 943 1204 1012 ἡμῶν
1253 941 1313 996 δὲ
1360 946 1523 1012 λόγος
1568 944 1715 1016 αὐτῷ
1761 955 1871 998 τῶν
1911 943 1916 1016 l

243 1033 477 1103 ὕστερον
523 1031 799 1102 ἐσομένων
838 1032 938 1085 οὐκ
985 1028 1077 1100 ἦν,
1127 1035 1185 1085 οἳ
1227 1031 1275 1084 δ’
1317 1032 1650 1102 ἐκβάλλομεν
1698 1033 1755 1086 ἐκ
1800 1027 1989 1095 τῶν95ζ

242 1123 608 1191 δικαστηρίων
655 1120 745 1174 καὶ
793 1130 904 1174 τῶν
955 1120 1256 1189 ἐκκλησιῶν
1302 1122 1518 1174 ἅπασαν
1567 1123 1668 1190 τὴν
1710 1125 1920 1175 Θουκυ-
1987 1141 1989 1146 ·

241 1212 403 1263 δίδου
458 1209 607 1274 λέξιν
661 1211 732 1272 ὡς
787 1211 1083 1280 ἄχρηστον,
1140 1208 1255 1262 ἀλλ’
1297 1209 1396 1278 οὐχ
1444 1209 1821 1280 ὁμολογοῦμεν
1858 1211 1919 1264 τὸ

241 1299 636 1368 διηγηματικὸν
689 1297 852 1368 μέρος
906 1297 1073 1366 αὐτῆς
1125 1299 1270 1366 πλὴν
1324 1299 1529 1366 ὀλίγων
1581 1300 1728 1351 πάνυ
1780 1305 1921 1352 θαυ-

241 1397 456 1457 μαστῶς
495 1389 640 1456 ἔχειν
678 1386 768 1439 καὶ
810 1388 886 1449 εἰς
924 1388 1099 1448 πάσας
1140 1383 1281 1439 εἶναι
1320 1387 1416 1449 τὰς
1448 1390 1631 1457 χρείας
1670 1388 1918 1457 εὔθετόν,

199 1477 302 1529 ῦτὸ
343 1473 403 1528 δὲ
439 1477 824 1560 ,δημηγορικὸν
871 1475 971 1544 οὐχ
1018 1476 1164 1527 ἅπαν
1214 1477 1291 1537 εἰς
1337 1479 1566 1544 μίμησιν
1612 1475 1922 1544 ἐπιτήδειον

241 1560 407 1631 εἶναι,
463 1562 579 1616 ἀλλ’
620 1564 753 1617 ὅσον
800 1563 950 1617 ἐστὶν
1005 1563 1176 1616 αὐτοῦ
1231 1562 1394 1632 μέρος
1448 1569 1779 1632 γνωσθῆναι,
1819 1561 1922 1633 μὲν

242 1653 446 1705 ἅπασιν
493 1653 815 1723 ἀνθρώποις
861 1653 1125 1722 εὔπορον,
1172 1659 1683 1720 κατασκευασθῆναι
1732 1651 1779 1705 δ’
1820 1653 1921 1722 οὐχ

243 1742 411 1793 ἅπασι
451 1743 713 1806 δυνατόν;

361 1831 584 1883 Τούτων
622 1830 759 1898 ἡδίω
800 1827 901 1898 μὲν
941 1825 1089 1898 εἶχόν
1122 1844 1209 1882 σοι
1247 1829 1372 1899 περὶ
1409 1831 1760 1883 Θουκυδίδου
1790 1831 1920 1901 γρά-
1975 1841 1989 1898 q

244 1939 396 1987 φειν,
450 1916 492 1971 ὦ
547 1918 789 1987 βέλτιστε
845 1920 1044 1970 Κόιντε
1104 1923 1261 1971 Αἴλιε
1331 1917 1647 1988 Τουβέρων,
1700 1919 1766 1972 οὐ
1812 1920 1922 1988 μὴν
1987 1975 1989 1987 Α

243 2006 597 2077 ἀληθέστερα.

365 2173 385 2209 1
422 2165 579 2223 ἐπίσης
603 2167 651 2209 Μ
770 2172 797 2208 4
830 2164 1078 2222 κρείττωνα
1103 2167 1138 2210 Ρ
1282 2172 1307 2210 6
1340 2167 1577 2217 παθόντες
1609 2167 1699 2211 erit
1729 2167 1809 2222 qui
1841 2181 1918 2210 ex-

246 2228 425 2282 spectet
453 2227 458 2282 Ι
485 2226 578 2270 fort
610 2225 692 2284 <οἳ
723 2223 842 2284 μὲν>
875 2225 1063 2270 ἅπασαν
1208 2231 1232 2269 9
1266 2227 1484 2283 γνώρημα
1515 2226 1551 2268 Ρ
1685 2231 1739 2269 10
1771 2226 1815 2269 οἳ
1846 2223 1915 2284 δ’]

247 2283 348 2328 οὐδ’
379 2285 501 2328 MPf
626 2290 678 2327 12
711 2284 810 2328 ἀλλ’
842 2285 924 2342 οὐχ
956 2285 1069 2329 MP:
1103 2283 1200 2328 ἀλλ’
1230 2285 1253 2327 f
1400 2290 1451 2327 13
1486 2283 1651 2341 ὀλίγων
1681 2285 1719 2330 f:
1753 2284 1919 2342 ὀλίγων

245 2342 273 2398 ἢ
306 2343 398 2386 ΜΡ
431 2358 491 2387 an
524 2341 688 2400 ὀλίγων
719 2350 889 2388 τινῶνῗ
1057 2349 1109 2387 16
1137 2343 1272 2388 ὅσσον
1303 2344 1351 2387 Μ
1553 2349 1607 2387 19
1640 2351 1838 2401 γραφεῖν
1868 2343 1916 2386 Μ

365 2407 417 2444 21
454 2401 704 2446 Διονυσίου
743 2400 1084 2457 ἁλικαρνασέως
1111 2405 1116 2459 Ι
1144 2404 1250 2458 περὶ
1279 2402 1572 2447 θουκυδίὸου
1613 2403 1913 2460 πλατύτερονΙ
1986 2444 1989 2462 ,

246 2459 373 2511 τέλος
403 2461 542 2504 rubro
575 2461 636 2515 M,
669 2462 796 2512 τέλος
826 2462 862 2504 Ρ
895 2461 1156 2505 subscribit.
