1958 3192
864 102 1098 144 ΑΤΣΙΑΣ
1750 102 1821 154 33

138 255 246 290 πον
297 237 396 290 τὸν
450 234 648 290 ἑαυτοῦ
731 233 833 305 μὲν
886 235 1132 305 ἀδελφὸν
1183 239 1540 304 Διογείτονα,
1594 245 1706 289 τῶν
1760 235 1822 290 δὲ

137 327 376 380 παιδίων
412 327 575 378 θεῖόν
612 344 669 377 τε
707 323 798 378 καὶ
836 325 1060 378 πάππον
1098 324 1203 378 ἀπὸ
1243 326 1460 395 μητρός.
1523 323 1688 387 αὐτὸς
1719 323 1822 394 μὲν

140 411 244 469 οὖν
290 413 350 467 ἐν
380 412 592 486 Ἐφέσῳ
638 415 944 482 μαχόμενος
990 411 1354 484 ἀποθνῄσκει,
1404 416 1714 481 Διογείτων
1762 411 1823 467 δὲ

137 511 320 556 πᾶσαν
358 503 459 571 τὴν
505 501 702 555 οὐσίαν
746 512 857 555 τῶν
903 502 1166 573 ὀρφανῶν
1211 503 1683 572 διαχειρισάμενος
1732 501 1823 555 καὶ

49 606 136 647 498
162 591 221 645 ἐκ
258 596 480 644 πολλῶν
515 590 519 662 Ι
554 591 702 644 πάνυ
741 592 1032 660 χρημάτων
1071 587 1238 644 οὐδὲν
1283 590 1572 655 ἀποδείξας
1619 590 1822 659 αὐτοῖς,
1870 611 1890 643 5

139 683 219 734 ἔτι
271 680 480 750 περιὼν
532 688 910 750 κατηγορεῖται
971 681 1109 750 πρὸς
1172 677 1293 742 ἑνὸς
1352 688 1464 732 τῶν
1523 683 1824 750 μειρακίων

140 767 574 838 δοκιμασθέντος
619 776 785 836 κακῆς
832 768 1137 840 ἐπιτροπῆς.
1210 766 1355 836 λέγει
1395 765 1456 821 δὲ
1494 767 1612 821 κατ’
1651 768 1823 822 αὐτοῦ

139 859 240 926 τὴν
301 859 462 926 δίκην
516 857 544 910 ὁ
600 865 694 926 τῆς
753 856 967 911 ἐκείνου
1027 854 1128 926 μὲν
1187 859 1530 928 θυγατριδῆς
1590 867 1702 910 τῶν
1763 855 1824 910 δὲ

141 949 440 1017 μειρακίων
480 946 721 1015 ἀδελφῆς
760 946 914 1015 ἀνήρ.

250 1036 569 1104 προῦλαβον
616 1032 676 1087 δὲ
715 1035 815 1102 τὴν
852 1035 1151 1102 ὑπόθεσιν,
1207 1036 1299 1088 ἵνα
1344 1040 1555 1104 μᾶλλον
1602 1034 1822 1104 γένηται
1839 1041 1911 1092 22

140 1123 474 1194 καταφανές,
522 1125 569 1176 εἰ
608 1126 801 1194 μετρίᾳ
837 1122 928 1176 καὶ
965 1124 1317 1194 προσηκούσῃ
1358 1124 1495 1195 ἀρχῇ
1542 1123 1822 1194 κέχρηται·
1848 1146 1889 1176 11

254 1213 344 1265 tEl
382 1209 484 1281 μὲν
521 1212 593 1281 μὴ
640 1212 848 1281 μεγάλα
893 1207 963 1279 ἦν
1008 1214 1075 1264 τὰ
1122 1211 1480 1282 διαφέροντα,
1537 1210 1578 1266 ὦ
1626 1215 1824 1284 ἄνδρες
1842 1218 1912 1270 23

144 1303 422 1369 δικασταί,
478 1299 579 1353 οὐκ
634 1301 703 1352 ἄν
755 1318 886 1353 ποτε
940 1302 1018 1362 εἰς
1069 1301 1211 1369 ὑμᾶς
1264 1303 1540 1355 εἰσελθεῖν
1593 1302 1825 1364 τούτους

143 1395 325 1457 εἴασα,
388 1392 625 1458 νομίζων
679 1394 964 1458 αἴσχιστον
1018 1385 1159 1441 εἶναι
1215 1390 1353 1460 πρὸς
1405 1392 1534 1452 τοὺς
1588 1393 1825 1454 οἰκείους

144 1477 527 1549 διαφέρεσθαι,
561 1478 719 1540 εἰδὼς
750 1478 832 1531 ὅτι
865 1477 932 1530 οὐ
964 1479 1140 1547 μόνον
1172 1478 1225 1530 οἱ
1256 1477 1576 1541 ἀδικοῦντες
1607 1482 1825 1549 χείρους
1849 1499 1891 1531 15

143 1567 278 1636 ὑμῖν
317 1563 458 1620 εἶναι
498 1568 778 1635 δοκοῦσιν,
819 1566 957 1620 ἀλλὰ
995 1565 1086 1619 καὶ
1126 1567 1326 1629 οἵτινες
1356 1566 1427 1620 ἂν
1458 1570 1684 1620 ἔλαττον
1717 1569 1823 1621 ὑπὸ

142 1665 254 1709 τῶν
314 1657 707 1726 προσηκόντων
767 1657 983 1724 ἔχοντες
1044 1654 1339 1724 ἀνέχεσθαι
1401 1657 1472 1725 μὴ
1535 1657 1826 1709 δύνωνται.

145 1744 331 1812 ἐπειδὴ
370 1743 581 1813 μέντοι,
629 1740 670 1796 ὦ
711 1744 909 1814 ἄνδρες
949 1745 1223 1812 δικασταί,
1268 1749 1491 1798 πολλῶν
1535 1747 1827 1815 χρημάτων

145 1832 538 1903 ἀπεστέρηνται
575 1831 666 1885 καὶ
705 1834 882 1885 πολλὰ
919 1831 1010 1885 καὶ
1050 1834 1206 1885 δεινὰ
1236 1835 1578 1896 πεπονθότες
1607 1833 1708 1903 ὑφ’
1749 1830 1827 1887 ὧν

20 1909 34 1955 ⁵·
57 1936 142 1975 499
168 1922 362 1989 ἥκιστα
388 1921 552 1992 ἐχρῆν
569 1920 653 1974 ἐπ’
674 1920 680 1993 ἦ
702 1918 792 1991 ἐμὲ
815 1922 1085 1990 κηδεστὴν
1109 1923 1243 1974 ὄντα
1265 1921 1595 1991 κατέφυγον,
1617 1922 1824 1991 ἀνάγκη
1851 1943 1893 1974 20

267 2100 453 2152 12—34‚
482 2101 535 2140 16
569 2096 722 2140 adfert
754 2096 975 2153 Syrianus
1007 2096 1028 2139 I
1058 2111 1087 2152 p
1113 2101 1182 2152 88,
1212 2101 1398 2153 15-89‚
1427 2102 1479 2140 15
1505 2098 1547 2140 R

266 2265 291 2301 2
323 2257 507 2303 παίδων
538 2259 677 2302 ΜΡΒ
705 2261 710 2316 1
739 2258 908 2315 μητρός
938 2258 988 2301 in
1019 2258 1162 2302 litura
1192 2258 1273 2302 FP
1321 2257 1513 2316 μητέρος
1544 2259 1625 2303 Gv
1715 2265 1741 2302 3
1776 2259 1826 2304 ἐν

147 2331 223 2362 om
253 2318 287 2360 F
380 2323 405 2361 5
439 2318 578 2368 αὐτὸς
600 2333 630 2361 v
722 2323 746 2361 6
778 2318 884 2372 περὶ
916 2313 980 2362 ὧν
1012 2317 1062 2361 in
1092 2333 1172 2374 mg
1202 2318 1341 2362 rubro
1373 2319 1543 2374 περιὼν
1567 2319 1617 2362 Μ
1654 2320 1827 2374 περιὼν

148 2390 205 2421 ex
234 2373 407 2433 περιῶν
431 2377 489 2420 F¹
582 2382 604 2420 7
639 2375 744 2421 κατ’
776 2376 815 2420 G
838 2377 882 2419 H
906 2377 1190 2433 Stephanus:
1223 2378 1303 2421 καὶ
1326 2378 1511 2421 FMBP
1605 2382 1665 2421 10⁷
1686 2377 1826 2435 προὕ-

147 2437 292 2495 λαβον
353 2450 410 2480 ex
463 2434 738 2494 προὐλαβὼν
795 2450 878 2492 per
930 2450 1141 2480 rasuram
1191 2436 1227 2479 F
1304 2437 1571 2495 προῦβαλον
1625 2438 1708 2481 ΡΒ

151 2530 202 2567 11
238 2523 495 2600 [κέχρ1ηται
531 2539 635 2568 cum
665 2539 740 2567 ras
772 2523 806 2566 F
944 2529 997 2567 12
1031 2514 1065 2568 ὢ
1113 2525 1163 2568 in
1193 2540 1272 2582 mg
1302 2526 1442 2569 rubro
1475 2522 1510 2569 ὦ
1542 2525 1711 2581 ἄνδρες
1741 2527 1790 2569 Μ

150 2582 323 2640 μεγάλα
362 2603 442 2642 ην,
490 2581 524 2628 ὦ
571 2581 806 2637 δικασταί,
852 2581 910 2626 τὰ
956 2582 1242 2640 διαφέροντα
1291 2585 1353 2640 Sy
1497 2590 1551 2628 14
1599 2584 1828 2643 αἴσχιστος

148 2641 234 2686 FG
273 2647 346 2699 (ex
384 2643 626 2701 αἴσχηστος
663 2643 715 2698 F)
845 2647 898 2685 15
939 2642 1071 2694 εἰδώς
1108 2659 1156 2687 τε
1197 2644 1258 2699 Sy
1379 2648 1432 2687 16
1472 2645 1582 2700 ὑμῖν
1622 2658 1677 2688 ex
1715 2645 1826 2701 ἡμῖν

148 2715 231 2757 per
260 2717 470 2746 rasuram
499 2702 534 2744 F
639 2708 690 2745 17
732 2702 1004 2760 δύν[ωνται]
1040 2717 1145 2746 cum
1175 2717 1250 2746 ras
1282 2702 1340 2745 F¹
1373 2703 1486 2746 olim
1515 2703 1651 2759 plura
1682 2703 1825 2747 fuisse

150 2787 395 2846 Diltheyus
435 2791 633 2835 adnotass
749 2795 800 2834 18
835 2778 869 2834 οῗ
901 2791 949 2834 Μ
988 2790 1156 2846 ἄνδρες
1187 2805 1262 2835 om
1287 2791 1348 2847 Sy
1375 2793 1381 2847 Ι
1409 2791 1636 2848 ἀθηναῖοι
1667 2792 1716 2835 in
1747 2807 1826 2847 mg

150 2848 315 2949 3²1³.ng
345 2864 485 2893 manu
523 2867 591 2906 γρ.
617 2848 831 2893 δικασταί
855 2850 890 2893 Ρ
983 2855 1036 2894 19
1067 2849 1358 2901 πεπονθότες
1380 2850 1556 2906 FGSy:
1589 2851 1826 2900 παθόντες

242 2988 351 3021 Dion.
375 2990 572 3023 Halicarn.
607 2992 651 3023 V.
1536 2988 1560 3025 3
