2004 3202
0 0 59 197 ξ
683 137 695 144 ‘
863 143 1072 186 ῙΣΑΙΟΣ
1738 142 1809 196 95

128 278 414 350 πρέπουσα
444 286 560 339 τοῖς
591 275 973 346 ὑποκειμένοις
1005 276 1315 346 στρογγύλη
1347 295 1403 329 τε
1435 275 1524 329 καὶ
1558 277 1808 346 δικανικὴ

130 367 230 437 οὐχ
268 363 434 435 ἧττόν
473 364 622 418 ἐστιν
659 364 692 433 ἡ
725 363 932 418 Ἰσαίου
971 363 1113 429 λέξις
1150 372 1245 433 τῆς
1279 367 1512 434 Λυσίου,
1549 363 1641 417 καὶ
1676 367 1809 417 κατὰ

128 453 229 526 μὲν
268 462 436 508 ταῦτα
476 452 577 506 οὐκ
623 454 693 506 ἄν
731 473 814 515 τις
860 452 1032 521 αὐτὴν
1078 454 1347 522 διαγνοίη.
1417 453 1704 524 διαφέρειν
1750 451 1810 506 δὲ

130 544 338 611 ἐκείνης
377 541 590 606 δόξειεν
635 540 706 594 ἂν
753 541 813 595 έν
859 543 1068 596 τοῖσδε·
1121 542 1154 610 ἣ
1201 538 1303 611 μὲν
1349 543 1453 612 γὰρ
1501 541 1709 611 ἀφελής
1755 562 1810 595 τε

127 631 218 686 καὶ
256 632 424 700 ἠθικὴ
464 633 676 701 μᾶλλόν
716 630 828 684 ἐστι
875 631 1158 699 σύγκειταί
1199 651 1256 684 τε
1303 632 1683 701 φυσικώτερον
1720 629 1810 683 καὶ
1856 652 1876 684 5

42 737 126 779 590
152 721 534 790 ἐσχημάτισται
567 720 945 790 ἁπλούστερον
979 721 986 789 Ι
1019 720 1192 790 ἡδονῇ
1225 740 1281 772 τε
1313 718 1403 772 καὶ
1428 721 1608 790 χάριτι
1635 724 1809 790 πολλῇ

129 811 502 879 κεχορήγηται.
563 809 595 878 ἡ
629 806 690 861 δὲ
714 807 919 862 Ἰσαίου
951 807 1309 879 τεχνικωτέρα
1342 807 1552 872 δόξειεν
1576 807 1646 861 ἂν
1670 804 1811 861 εἶναι

129 897 219 952 καὶ
259 896 617 969 ἀκριβεστέρα
655 905 750 966 τῆς
791 900 1006 950 Λυσίου
1044 900 1144 966 τήν
1183 918 1239 951 τε
1280 898 1552 951 σύνθεσιν
1598 916 1811 967 περιερ-

130 986 327 1057 γοτέρα
381 1007 463 1049 τις
515 985 606 1039 καὶ
662 995 1051 1056 σχηματισμοῖς
1109 985 1462 1056 διειλημμένη
1523 990 1811 1053 ποικίλοις,

131 1076 265 1129 ὅσον
318 1095 375 1128 τε
429 1074 779 1128 ἀπολείπεται
831 1082 925 1143 τῆς
978 1076 1198 1145 χάριτος
1252 1074 1484 1143 ἐκείνης,
1546 1083 1813 1128 τοσοῦτον
1839 1096 1878 1127 10

130 1162 381 1234 ὑπερέχει
435 1172 498 1234 τῇ
554 1165 826 1232 δεινότητι
880 1170 974 1231 τῆς
1026 1171 1358 1231 κατασκευῆς
1403 1162 1493 1216 καὶ
1539 1165 1685 1232 πηγή
1732 1184 1813 1226 τις

131 1255 303 1316 ὄντως
343 1251 456 1305 ἐστὶ
495 1259 589 1320 τῆς
627 1251 1031 1321 Δημοσθένους
1070 1253 1366 1321 δυνάμεως.
1436 1253 1537 1320 τὴν
1574 1249 1676 1321 μὲν
1711 1248 1814 1305 οὖν

131 1342 279 1406 λέξιν
334 1341 506 1403 οὕτως
553 1342 622 1393 ἄν
668 1360 750 1402 τις
803 1341 1084 1408 διαγνοίη,
1140 1340 1200 1393 ἐν
1253 1337 1314 1393 δὲ
1368 1350 1482 1403 τοῖς
1534 1342 1811 1410 πράγμασι

131 1430 384 1492 τοιαύτας
423 1431 577 1491 τινὰς
609 1429 828 1499 εὑρήσει
860 1430 1146 1499 διαφοράς.
1215 1431 1363 1499 παρὰ
1397 1432 1579 1500 Λυσίᾳ
1609 1427 1711 1498 μὲν
1746 1430 1812 1482 οὐ

129 1520 342 1587 πολλὴν
381 1519 482 1587 τὴν
521 1516 866 1587 ἐπιτέχνησιν
906 1516 1022 1570 οὔτ’
1064 1517 1124 1570 ἐν
1162 1519 1345 1586 <τοῖς>
1382 1528 1666 1588 μερισμοῖς
1704 1528 1815 1571 τῶν
1840 1538 1880 1571 15

130 1609 464 1679 πραγμάτων
508 1605 623 1660 οὔτ’
672 1605 732 1659 ἐν
779 1615 841 1677 τῇ
891 1606 1036 1671 τάξει
1083 1616 1193 1660 τῶν
1241 1606 1644 1676 ἐνθυμημάτων
1691 1605 1805 1659 οὔτ’

134 1696 193 1750 ἐν
231 1706 349 1758 ταῖς
383 1694 720 1766 ἐξεργασίαις
752 1695 936 1748 αὐτῶν
967 1697 1183 1759 ὄψεται·
1223 1695 1430 1758 ἁπλοῦς
1462 1697 1565 1766 γὰρ
1599 1681 1814 1765 ὁήάνήρ.

132 1784 260 1855 παρ’
300 1784 480 1856 Ἰσαίῳ
521 1781 582 1837 δὲ
628 1783 1091 1855 <άκριβέστερον>
1137 1782 1228 1836 καὶ
1274 1785 1665 1855 τεχνικώτερον
1711 1785 1814 1852 ’ἤδη

133 1876 398 1943 γινόμενα
436 1880 606 1925 ταῦτα
645 1873 878 1943 εὑρήσει.
947 1871 1037 1925 καὶ
1076 1873 1181 1943 γὰρ
1223 1872 1447 1942 ἐφόδοις
1485 1881 1678 1944 χρῆται
1724 1873 1814 1945 καὶ

132 1970 599 2032 προκατασκευαῖς
621 1960 712 2014 καὶ
736 1971 1020 2031 μερισμοῖς
1043 1961 1450 2031 τεχνικωτέροις
1477 1961 1566 2014 καὶ
1592 1966 1816 2031 τίθησιν
1840 1982 1882 2013 20

137 2051 196 2104 ἐν
229 2043 311 2113 οἷς
344 2051 539 2103 δίδωσι
567 2057 763 2119 χρῆσιν
787 2049 1018 2103 ἕκαστον
1048 2048 1137 2102 καὶ
1162 2049 1319 2119 μέχρι
1343 2055 1554 2103 πολλοῦ
1585 2052 1815 2121 προάγει

135 2141 230 2202 τὰς
270 2149 380 2191 τῶν
421 2138 852 2208 ἐπιχειρημάτων
892 2137 1204 2207 ἐξεργασίας
1244 2139 1533 2207 σχημάτων
1571 2159 1626 2192 τε
1658 2160 1815 2208 μετα-

258 2290 278 2327 1
316 2283 525 2327 scholion
565 2290 831 2340 φανεροῦσα
864 2284 971 2334 τοὺς
1002 2283 1272 2333 δικανικοὺς
1302 2284 1487 2340 ἀγῶνας
1519 2283 1564 2340 (l.
1592 2282 1814 2340 φέρουσα)

258 2422 279 2460 1
314 2432 362 2460 τε
394 2417 472 2460 F¹:
505 2414 555 2460 δὲ
589 2415 796 2458 MBPF²
823 2418 828 2472 Ι
856 2416 1073 2472 δικανικὴ
1107 2423 1376 2472 φανεροῦσα
1407 2417 1514 2467 τοὺς
1545 2418 1815 2469 δικανικοὺς

138 2477 167 2520 ἀ
172 2484 322 2533 γῶνας
356 2475 540 2519 FMBP
580 2474 789 2518 scholion
829 2474 1024 2531 agnouit
1060 2475 1277 2519 Reiskius
1369 2481 1396 2519 4
1429 2474 1622 2528 ἐκείνοις
1650 2477 1697 2519 Μ

139 2541 164 2579 5
172 2494 318 2579 γέστιν
364 2535 445 2578 FP
575 2539 599 2577 6
638 2532 804 2591 χάρητι
849 2547 951 2577 corr
995 2533 1045 2577 in
1090 2533 1242 2591 χάριτι
1281 2535 1316 2578 Ρ
1431 2542 1454 2579 7
1489 2535 1812 2607 κεχορήγηται]

139 2610 355 2719 ἴὲκρέἶῖῗῖ
386 2594 524 2696 2242?
535 2594 609 2695 1Ῑέ
636 2596 745 2696 ὲηῗ
748 2590 1091 2695 ἔέῐέῗξερὲᾱέα
1101 2652 1161 2695 F2
1210 2599 1235 2638 ⁸
1267 2593 1696 2714 ’ἷῗῖὶπῖῗέεῗᾞίἷιξ
1731 2670 1815 2710 μευ

139 2725 287 2767 pnmo
325 2726 376 2754 m
414 2711 542 2767 παρὰ
582 2727 665 2767 μεν
698 2710 845 2771 Λυσίᾳ
885 2710 1084 2755 correxit
1123 2711 1290 2756 deinde
1329 2711 1578 2756 lectionem
1617 2700 1815 2756 asteram

140 2770 348 2815 restituit
378 2771 426 2813 M
548 2775 603 2814 15
635 2778 730 2820 τοῖς
762 2757 1033 2826 suppeditati:
1071 2768 1205 2827 γένος
1236 2769 1409 2815 Ἰσαίου
1533 2777 1585 2816 16
1620 2772 1723 2816 οὔτε
1764 2771 1814 2815 ἐν

141 2836 227 2880 τῶς
248 2829 284 2872 F
370 2834 422 2872 18
447 2828 576 2884 παρὰ
595 2829 734 2873 ΜΒΡ
763 2831 768 2886 Ι
796 2827 1118 2902 ἀκριβέστερον
1143 2831 1236 2874 add
1263 2830 1469 2874 Sadaeus
1554 2835 1606 2874 21
1634 2830 1813 2888 χρῆσιν]

142 2885 308 2943 χωρίον
339 2847 562 2932 ΡΜΒΡρν
601 2888 694 2932 fort
732 2895 893 2946 χρῆσιν
923 2886 1107 2945 χωρίοις
1145 2889 1256 2933 conf
1291 2890 1347 2933 de
1379 2890 1494 2933 Dem
1526 2905 1556 2945 p
1583 2894 1694 2933 1062

143 2950 198 2988 22
232 2945 592 3003 ἐπιχειρημάτων
623 2947 822 3003 Kltiger:
858 2946 1196 3005 ἐγχειρημάτων
