1958 3192
168 111 236 164 10
582 112 924 155 ΔΙΟΝΥΣΙΟΤ
954 111 1421 153 ΑΛῙΚΑΡΝΑΣΕΩΣ

166 246 356 317 ῥήτορι
387 245 478 299 καὶ
509 248 1021 318 παρακελευσαίμην
1052 243 1121 297 ἂν
1151 252 1266 307 τοῖς
1293 242 1652 313 βουλομένοις
1673 249 1848 298 καθα-
1919 314 1925 324 .

167 344 275 406 ρῶς
327 336 563 406 γράφειν
615 334 648 403 ἢ
703 333 884 402 λέγειν
938 333 1151 386 ἐκεῖνον
1194 333 1293 386 τὸν
1339 333 1515 404 ἄνδρα
1563 338 1847 387 ποιεῖσθαι

164 425 509 494 παράδειγμα
546 424 745 492 ταύτης
783 430 878 490 τῆς
917 421 1123 492 ἀρετῆς.

105 510 141 562 3
277 511 468 583 ἑτέραν
513 510 574 565 δὲ
618 510 709 565 καὶ
757 508 921 565 οὐδὲν
968 509 1228 563 ἐλάττονα
1265 510 1486 579 ταύτης,
1536 509 1607 578 ἣν
1651 507 1847 563 πολλοὶ

121 621 143 653 5
167 598 267 670 μὲν
307 600 581 668 ἐζήλωσαν
625 609 737 653 τῶν
782 600 917 651 κατὰ
964 598 1063 650 τὸν
1108 597 1279 651 αὐτὸν
1324 601 1529 669 χρόνον
1573 598 1848 668 ἀκμασάν-

165 710 300 758 των,
348 688 530 751 οὐδεὶς
577 686 636 741 δὲ
682 690 1035 757 βεβαιότερον
1085 686 1428 751 ἀπεδείξατο·
1480 689 1563 750 τίς
1603 685 1652 740 δ’
1697 689 1848 740 ἔστιν

167 779 326 847 αὕτη;
372 778 404 846 ἡ
454 780 546 831 διὰ
591 787 702 830 τῶν
746 779 957 846 κυρίων
1002 795 1060 828 τε
1097 773 1189 828 καὶ
1225 784 1431 828 κοινῶν
1472 775 1563 829 καὶ
1604 775 1664 829 ἐν
1702 773 1847 847 μέσῳ
1919 820 1921 823 .

164 866 431 936 κειμένων
455 864 755 937 ὀνομάξτων
780 863 1087 934 ἐκφέρουσα
1111 865 1177 916 τὰ
1193 864 1469 933 νοούμενα
1487 863 1832 935 <ἑρμηνεία>.
1848 874 1922 922 45v

165 956 358 1023 ἥκιστα
395 957 499 1025 γὰρ
540 957 609 1007 ἄν
647 974 728 1016 τις
768 953 921 1023 εὕροι
957 955 1175 1005 Λυσίαν
1212 960 1441 1023 τροπικῇ
1482 954 1681 1023 φράσει
1719 972 1850 1024 χρη-

100 1063 142 1094 10
167 1044 418 1112 σάμενον.
492 1041 583 1095 καὶ
638 1041 739 1094 οὐκ
792 1039 880 1094 ἐπὶ
933 1041 1107 1112 τούτῳ
1162 1043 1338 1110 μόνον
1388 1040 1632 1094 ἐπαινεῖν
1679 1041 1850 1095 αὐτὸν

167 1130 337 1199 ἄξιον,
376 1130 492 1183 ἀλλ’
533 1131 616 1184 ὅτι
654 1129 744 1182 καὶ
785 1131 955 1198 σεμνὰ
986 1126 1076 1182 καὶ
1107 1130 1331 1199 περιττὰ
1362 1127 1451 1182 καὶ
1483 1130 1691 1198 μεγάλα
1722 1132 1850 1199 φαί«
1923 1182 1927 1187 ,

165 1224 363 1272 νεσθαι
401 1220 467 1272 τὰ
504 1219 795 1288 πράγματα
838 1226 985 1271 ποιεῖ
1028 1225 1143 1279 τοῖς
1187 1217 1529 1279 κοινοτάτοις
1569 1218 1849 1288 χρώμενος

165 1308 396 1377 ὀνόμασι
434 1306 523 1360 καὶ
555 1314 838 1376 ποιητικῆς
869 1306 969 1375 οὐχ
1002 1306 1303 1375 ἁπτόμενος
1334 1314 1679 1375 κατασκευῆς.
1733 1315 1849 1370 τοῖς

167 1394 227 1450 δὲ
265 1395 552 1464 προτέροις
598 1395 699 1464 οὐχ
745 1395 880 1463 αὕτη
927 1394 959 1463 ἡ
1001 1393 1133 1458 δόξα
1171 1390 1264 1462 ἦν,
1304 1392 1457 1464 ἀλλξὰ
1495 1397 1827 1464 βουλόμενοι
1850 1405 1906 1446 45

100 1503 143 1534 15
166 1487 373 1554 κόσμον
432 1485 556 1537 τινὰ
616 1493 904 1552 προσεῖναι
964 1491 1079 1545 τοῖς
1133 1485 1319 1550 λόγοις
1373 1482 1699 1551 ἐξήλλαττον
1751 1484 1851 1537 τὸν

169 1574 394 1641 ἰδιώτην
454 1571 544 1625 καὶ
597 1572 938 1642 κατέφευγον
996 1573 1073 1634 εἰς
1124 1572 1226 1640 τὴν
1277 1572 1569 1640 ποιητικὴν
1623 1573 1849 1642 φράσιν,

167 1671 500 1732 μεταφοραῖς
554 1682 611 1714 τε
655 1666 883 1724 πολλαῖς
929 1661 1200 1731 χρώμενοι
1244 1658 1335 1712 καὶ
1381 1661 1713 1730 ὑπερβολαῖς
1758 1659 1850 1714 καὶ

167 1760 284 1812 ταῖς
328 1752 517 1812 ἄλλαις
555 1759 838 1820 τροπικαῖς
878 1749 1070 1818 ἰδέαις,
1118 1749 1405 1818 ὀνομάτων
1442 1769 1499 1801 τε
1537 1753 1851 1819 γλωττημα-

167 1848 334 1892 τικῶν
371 1837 462 1891 καὶ
502 1838 674 1902 ξένων
711 1840 900 1909 χρήσει
937 1836 1029 1890 καὶ
1074 1846 1186 1890 τῶν
1225 1837 1325 1890 οὐκ
1365 1838 1647 1890 εἰωθότων
1686 1836 1846 1910 σχη-Ι

100 1944 145 1975 20
168 1937 451 1996 ματισμῶν
487 1936 551 1997 τῇ
593 1929 860 1997 διαλλαγῇ
900 1925 989 1979 καὶ
1028 1934 1092 1996 τῇ
1133 1927 1268 1995 ἄλλῃ
1308 1929 1631 1997 καινολογίᾳ
1667 1947 1828 1980 κατα-
1851 1939 1908 1982 45

167 2018 529 2084 πληττόμενοι
567 2017 665 2068 τὸν
706 2017 944 2084 ἰδιώτην.
1015 2017 1175 2084 δηλοῖ
1213 2011 1274 2067 δὲ
1312 2022 1474 2068 τοῦτο
1516 2017 1754 2085 Γοργίας
1791 2035 1850 2069 τε

170 2105 199 2158 ὁ
219 2108 530 2172 Λεοντῖνος,
558 2103 616 2156 ἐν
635 2109 861 2167 πολλοῖς
883 2105 1030 2157 πάνυ
1055 2104 1324 2174 φορτικήν
1347 2123 1404 2155 τε
1426 2101 1517 2155 καὶ
1539 2102 1851 2174 ὑπέρογκον

289 2283 431 2322 9—13
465 2279 514 2321 cf
538 2278 769 2321 Maximus
793 2278 1027 2322 Planudes
1051 2277 1113 2320 W
1142 2279 1164 2320 t
1194 2293 1223 2321 v
1253 2292 1283 2333 p
1309 2281 1408 2333 446,
1436 2283 1579 2322 9—13
1625 2279 1848 2335 Syrianus

170 2338 191 2380 Ι
225 2342 292 2393 11,
319 2342 506 2393 25-12,
533 2338 615 2380 3R
675 2337 717 2380 fr
747 2338 852 2392 περὶ
884 2355 978 2393 μιμ.
1011 2336 1119 2381 VHI
1459 2368 1466 2372 x

290 2503 315 2540 2
355 2496 383 2554 ἢ
423 2498 503 2541 καὶ
541 2512 569 2540 V
704 2503 731 2541 4
772 2496 822 2541 δὲ
863 2499 961 2556 καὶ]
1003 2495 1054 2542 δὲ
1096 2497 1175 2542 GV
1216 2499 1221 2554 Ι
1265 2495 1431 2541 ἐλάττω
1472 2497 1552 2541 GV
1687 2504 1712 2543 5
1745 2499 1847 2558 τὸν]

169 2556 223 2601 τὸ
255 2557 313 2599 F¹
405 2562 429 2600 6
464 2554 729 2609 ἐπεδείξατο
763 2557 841 2599 Gv
935 2563 960 2600 8
995 2554 1213 2614 ἑρμηνεία
1246 2555 1460 2612 suppleui
1490 2555 1609 2610 λέξις
1641 2558 1848 2603 Sadaeus

290 2620 315 2658 9
356 2614 494 2671 φάσει
524 2615 559 2658 F
690 2620 743 2658 10
784 2615 859 2658 ἐπὶ
897 2623 1031 2659 τοῦτο
1065 2615 1203 2659 ΜΡΒ
1247 2615 1252 2674 Ι
1294 2614 1439 2659 αὐτὸν
1479 2629 1554 2658 om
1585 2616 1731 2660 F¹Gv
1921 2649 1925 2661 .

174 2680 225 2718 11
259 2674 340 2718 καὶ
370 2673 559 2729 περιττὰ
601 2674 681 2718 καὶ
713 2673 857 2730 σεμνὰ
890 2674 971 2717 Gv
1093 2680 1147 2718 14
1178 2673 1402 2729 πρότερον
1436 2673 1642 2718 Sadaeus
1686 2676 1691 2733 Ι
1734 2675 1850 2720 ἀλλὰ
1922 2677 1925 2692 ⁵

172 2734 366 2777 Usener:
414 2731 512 2776 ἀλλ’
558 2732 602 2776 οἱ
737 2738 788 2775 15
829 2737 1109 2787 προσθεῖναι
1150 2732 1321 2788 Taylor
1363 2734 1367 2789 Ι
1410 2732 1562 2789 λόγοις
1592 2733 1848 2780 Victorius:
1922 2730 1925 2787 f

172 2791 297 2843 ὅλοις
325 2793 329 2850 Ι
357 2808 440 2836 τ..
467 2792 667 2837 ἰδιώτ.ν
691 2792 749 2834 F¹
788 2792 977 2847 ἰδιώτην
1002 2807 1030 2835 v
1068 2792 1153 2848 τὴν
1185 2791 1391 2836 ἰδιῶτινῗ
1416 2792 1498 2835 sed
1515 2791 1604 2848 esp
1621 2797 1730 2848 13‚9

175 2856 226 2894 17
253 2852 525 2909 μεταβολαῖς
555 2866 585 2895 v
681 2856 734 2894 18
767 2853 1175 2907 γλωττηματισμῶν
1206 2850 1266 2892 Β1
1368 2855 1423 2893 20
1454 2851 1535 2895 καὶ
1565 2849 1711 2903 ξένων
1741 2854 1851 2909 posi:

172 2918 492 2968 σχηματισμῶν
523 2909 665 2954 iterat
696 2911 732 2953 P
831 2915 884 2953 21
918 2910 998 2953 τὸν
1031 2923 1086 2953 ex
1116 2925 1171 2953 τ.
1192 2939 1206 2953 .
1239 2908 1298 2951 F²
