1958 3192
187 131 258 185 30
608 133 949 178 ΔΙΟΝΥΣΙΟΤ
979 131 1446 175 ΑΛΙΚΑΡΝΑΣΕΩΣ

115 318 119 322 .
185 268 218 337 ἢ
258 278 368 322 τῶν
404 269 512 323 ὑπὸ
546 271 762 322 Λυσίου
800 275 1117 338 γραφεισῶν
1148 264 1431 335 εἰληφέναι
1462 267 1527 319 τὰ
1558 266 1863 337 παραγγέλ-
1917 234 1937 329 ς

186 378 326 427 ματα
363 357 454 411 καὶ
492 359 588 420 τὰς
627 357 890 427 ἀφορμάς.
957 354 1048 407 καὶ
1087 356 1191 424 γὰρ
1230 356 1291 407 τὸ
1324 355 1600 424 σύντομον
1631 356 1864 424 μάλιστα
1923 349 1949 409 ‘5

186 442 346 499 αὗται
384 449 606 515 ἔχουσιν
645 447 701 498 αἱ
739 446 1017 513 διηγήσεις
1061 441 1153 495 καὶ
1198 443 1259 496 τὸ
1300 440 1469 512 σαφὲς
1511 442 1516 514 Ι
1558 443 1743 512 ἡδεῖαί
1783 443 1892 496 τέ4
1923 496 1933 509 „

186 536 330 588 εἰσιν
367 536 440 598 ὡς
479 534 579 604 οὐχ
618 532 795 604 ἕτεραι
833 531 924 585 καὶ
961 529 1199 584 πιθαναὶ
1247 531 1338 585 καὶ
1376 533 1477 600 τὴν
1521 534 1709 585 πίστιν
1754 533 1864 601 ἅμα
1923 523 1937 589 ³.,

141 649 162 681 5
186 625 498 692 λεληθότως
531 620 1012 692 συνεπιφέρουσιν,
1044 621 1182 673 ὥστε
1213 621 1284 689 μὴ
1318 619 1513 691 ῥᾴδιον
1545 617 1686 673 εἶναι
1720 619 1856 690 μήθ’
1920 616 1934 690 3

187 712 322 780 ὅλην
368 713 625 780 διήγησιν
669 712 938 780 μηδεμίαν
987 710 1120 778 μήτε
1165 708 1328 779 μέρος
1374 709 1541 778 αὐτῆς
1586 706 1784 773 ψευδὲς
1829 708 1862 778 ἢ
1925 693 1933 773 j¹

186 799 466 853 ἀπίθανον
505 800 828 870 εὑρεθῆναι·
856 798 1152 866 ’τοσαύτην
1189 799 1298 866 ἔχει
1335 799 1513 851 πειθὼ
1560 796 1651 850 καὶ
1691 797 1864 869 ἀφρο-

187 890 345 957 δίτην
383 890 448 941 τὰ
480 891 746 956 λεγόμενα
775 885 864 939 καὶ
897 886 1071 948 οὕτως
1102 887 1370 939 λανθάνει
1401 888 1530 948 τοὺς
1561 886 1864 949 ἀκούοντας
1922 887 1933 935 ’Ξ

187 976 283 1030 εἴτ’
324 977 504 1046 ἀληθῆ
544 979 676 1029 ὄντα
712 981 818 1028 εἴτε
853 970 1244 1044 πεπλασμέναζ
1282 973 1422 1027 ὥσθ’
1463 960 1593 1044 ὅπερ
1625 973 1862 1046 Ὅμηρος

119 1093 161 1124 10
186 1065 426 1118 ἐπαινῶν
456 1066 554 1118 τὸν
577 1062 839 1116 Ὀδυσσέα
863 1064 935 1125 ὡς
958 1064 1205 1115 πιθανὸν
1228 1064 1403 1116 εἰπεῖν
1429 1061 1520 1115 καὶ
1543 1063 1863 1116 πλάσασθαι

183 1155 249 1206 τὰ
272 1155 344 1223 μὴ
368 1156 636 1222 γενόμενα
668 1158 865 1223 εἴρηκε,
897 1154 1059 1205 τοῦτό
1091 1172 1184 1220 μοι
1217 1153 1368 1205 δοκεῖ
1394 1150 1498 1204 κᾶν
1535 1150 1621 1204 ἐπὶ
1647 1155 1862 1205 Λυσίου
1927 1146 1938 1187 “·’
1956 1170 1958 1180 ·

183 1262 264 1304 τις
303 1243 503 1295 εἰπεῖν’
1955 1227 1958 1239 ’

329 1327 510 1383 εἶσκεν
546 1331 752 1394 ψεύδεα
789 1330 966 1382 πολλὰ
1006 1327 1182 1396 λέγων
1222 1328 1504 1398 ἐτύμοισιν
1543 1329 1717 1398 ὁμοῖα.
1922 1392 1934 1405 .

181 1421 320 1471 πᾶσί
367 1438 424 1471 τε
477 1417 567 1471 καὶ
619 1419 824 1480 παντὸς
876 1418 1110 1486 μάλιστα
1162 1425 1324 1469 τοῦτο
1381 1418 1862 1487 παρεκελευσάμην
1920 1406 1958 1451 ²³³*

118 1530 159 1563 15
183 1506 371 1560 ἀσκεῖν
407 1508 468 1559 τὸ
508 1505 671 1576 μέρος
711 1505 771 1559 ἐν
808 1514 923 1568 τοῖς
963 1508 1178 1558 Λυσίου
1223 1506 1626 1575 παραδείγμασι
1671 1524 1862 1560 ποιου-

183 1594 383 1663 μένους
432 1593 436 1664 Ι
487 1596 582 1657 τὰς
642 1597 959 1663 γυμνασίας.
1042 1595 1301 1663 κράτιστα
1354 1595 1458 1663 γὰρ
1512 1593 1652 1663 <ὄὶν>
1707 1594 1838 1648 ἀπο-
1860 1606 1931 1665 49Ιχ

184 1683 419 1747 δείξαιτο
451 1684 656 1751 ταύτην
686 1684 787 1750 τὴν
820 1681 974 1735 ἰδέαν
1004 1682 1033 1735 ὁ
1065 1683 1298 1751 μάλιστα
1329 1690 1528 1735 τοῦτον
1559 1684 1656 1735 τὸν
1685 1685 1861 1754 ἄνδρα

183 1773 567 1840 μιμησάμενος.

294 1859 355 1912 ἐν
372 1857 431 1912 δὲ
449 1867 523 1931 τῷ
540 1865 876 1912 πιστοῦσθαι
900 1860 966 1911 τὰ
988 1860 1278 1929 πράγματα
1302 1861 1550 1922 τοιοῦτός
1573 1879 1654 1922 τις
1672 1859 1700 1913 ὁ
1718 1859 1858 1931 ἀνήρ
1922 1914 1933 1930 γ’,

98 1958 164 2010 19
184 1948 346 2001 ἐστιν.
386 1948 614 2018 ἄρξομαι
633 1945 693 2000 δὲ
710 1946 814 2000 ἀπὸ
833 1957 943 2000 τῶν
958 1946 1314 2016 καλουμένων
1332 1947 1600 2016 ἐντέχνων
1622 1951 1860 2001 πίστεων

117 2060 158 2092 21
182 2035 271 2089 καὶ
311 2035 476 2106 χωρὶς
513 2032 652 2106 ὑπὲρ
694 2034 922 2089 ἑκάστου
960 2034 1160 2106 μέρους
1199 2035 1527 2105 διαλέξομαι.
1594 2045 1749 2108 τριχῇ
1789 2037 1857 2105 δὴ
1918 2066 1923 2070 ·

302 2230 356 2267 13
390 2224 539 2281 Odyss
570 2242 595 2268 τ
622 2229 705 2268 -203

300 2406 325 2444 8
358 2400 414 2444 τὰ
439 2402 533 2444 add
557 2402 614 2444 F1
642 2402 647 2460 Ι
676 2401 793 2446 ούτω
819 2401 895 2445 Gv
987 2406 1012 2444 9
1045 2402 1124 2445 καὶ
1152 2400 1450 2457 πεπλασμένα
1477 2402 1537 2458 Sy
1564 2404 1569 2458 Ι
1599 2400 1720 2445 ὥσθ’
1743 2401 1855 2457 ὅπερ

181 2460 527 2504 Desrousseaux
565 2461 644 2504 καὶ
677 2459 787 2516 ὅπερ
814 2461 910 2504 Gv:
944 2459 1091 2516 ὥσπερ
1124 2460 1306 2503 FMPB
1347 2461 1406 2511 ὡς
1432 2460 1708 2516 ἐφαρμόζειν
1731 2461 1856 2519 αυτῷ

180 2519 231 2563 τὸ
253 2516 501 2574 Ομηρικὸν
519 2519 580 2574 Sy
658 2524 710 2562 12
735 2537 802 2570 τις
820 2534 939 2563 omv
1016 2525 1069 2563 13
1089 2518 1208 2564 εἴσκε
1225 2520 1261 2562 Ρ
1294 2518 1389 2563 ἴσκε
1409 2519 1557 2575 Sva
1636 2525 1688 2562 14
1713 2526 1856 2563 πᾶσιν

181 2578 274 2620 ΜΒ
325 2580 330 2635 Ι
380 2576 811 2651 παρακελευσαίμην
853 2578 929 2622 Gv
983 2578 1042 2622 ἄν
1083 2578 1218 2622 addit
1256 2578 1435 2634 Krtiger
1578 2583 1631 2621 15
1671 2578 1721 2622 ἐν
1758 2585 1856 2628 τοῖς

180 2635 418 2680 Usener:
402 2654 462 2680 αν
486 2653 536 2680 το
562 2666 575 2681 .
618 2651 722 2680 eum
737 2652 812 2680 ras
829 2635 912 2679 F
897 2636 956 2681 ἂν
979 2639 1030 2682 τὸ
1047 2638 1185 2681 ΜΡΒ
1218 2639 1359 2682 αὐτοῦ
1379 2637 1479 2680 Gv
1476 2655 1479 2693 g
1501 2635 1854 2693 παραδείγματα

183 2695 261 2739 GV
288 2698 294 2752 Ι
322 2693 628 2751 ποιουμένους
658 2695 895 2740 Reiskius:
927 2698 1205 2753 ποιούμενος
1316 2701 1370 2739 16
1400 2695 1482 2746 τὰς
1514 2694 1768 2752 γυμνασίας
1796 2695 1856 2738 F²

180 2756 235 2798 ut
279 2754 467 2798 uidetur
505 2768 561 2798 ex
600 2753 657 2797 τὰ
696 2754 923 2810 γυμνάσια
980 2759 986 2812 l
1044 2773 1103 2800 αν
1144 2755 1239 2799 add
1275 2755 1456 2811 Krfiger
1512 2759 1517 2811 1
1575 2753 1853 2807 ἀποδέξαιτο

180 2813 363 2856 FMPB
480 2817 533 2856 19
575 2813 623 2857 ἐν
664 2812 715 2857 δε
755 2817 816 2872 τῷ
854 2818 1135 2858 πιστοῦσθαι
1175 2813 1234 2857 τὰ
1271 2812 1519 2870 πράγματα
1559 2812 1853 2885 Sylburgius:

184 2871 233 2917 ἔν
265 2888 314 2929 γε
347 2875 410 2928 (τε
436 2871 491 2928 G)
523 2876 584 2931 τῷ
616 2876 895 2916 πιστοῦσθαι
924 2874 1005 2918 τὸν
1037 2874 1188 2929 ἄνδρα
1213 2890 1269 2916 τα
1293 2871 1540 2945 πράγματα
1630 2877 1687 2915 20
1718 2869 1854 2927 ἀρκέ-

182 2946 319 2988 σομαι
351 2929 402 2975 δε
433 2935 495 2989 τῷ
526 2939 617 2976 τῶν
649 2931 691 2974 ci
722 2932 897 2975 Usener
987 2938 1039 2976 21
1074 2933 1132 2989 δὴ
1164 2932 1242 2976 F¹2
1275 2929 1326 2975 δε
1359 2930 1653 2975 F²MPBGv

1915 2806 1922 2811 ι
1918 2657 1922 2659 ,
1918 2531 1921 2538 ,

1935 2945 1937 2962 -
1934 2922 1937 2936 -
1927 2590 1941 2902 ψ-Μ,ᾼ-.-.,-,,..ν.“
