1958 3192
183 107 251 160 12
602 109 943 152 ΔΙοΝΤΣιοΤ
973 109 1440 151 ΑΛῙΚΑΡΝΑΣΕΩΣ

179 237 214 315 ᾗ
265 245 332 297 τὰ
385 244 625 313 ὀνόματα
685 251 875 312 κοσμεῖ
926 262 983 295 τε
1036 240 1126 294 καὶ
1186 241 1379 310 ἡδύνει
1436 239 1607 312 μηδὲν
1660 244 1856 312 ἔχοντα

181 333 417 400 ὀγκῶδες
455 329 591 401 μηδὲ
630 334 908 402 φορτικόν.
977 330 1181 398 ταύτην
1219 330 1484 401 δευτέραν
1520 331 1621 399 τὴν
1656 330 1857 401 ἀρετὴν

179 421 381 474 κελεύω
420 421 566 490 παρὰ
605 428 704 472 τοῦ
745 420 973 489 ῥήτορος
1010 419 1211 471 τούτου
1250 420 1574 488 λαμβάνειν,
1625 424 1679 471 εἴ
1711 438 1857 481 τινες

180 508 394 573 ἀξιοῦσι
418 510 516 561 τὸν
540 508 709 560 αὐτὸν
733 507 920 578 ἐκείνω
945 505 1300 574 διαλέγεσθαι
1323 510 1544 578 τρόπον.
1600 506 1855 575 ἐγένοντο

135 614 156 644 5
180 594 280 666 μὲν
320 593 422 650 οὖν
459 595 653 649 πολλοὶ
693 603 787 663 τῆς
823 593 1190 665 προαιρέσεως
1227 596 1426 665 ταύτης
1464 594 1692 665 ζηλωταὶ
1725 610 1856 663 συγ-

180 694 410 756 γραφεῖς
440 705 497 738 τε
527 683 616 737 καὶ
651 684 891 757 ῥήτορες,
930 685 1153 751 ἔγγιστα
1184 680 1245 736 δὲ
1277 684 1445 752 αὐτῆς
1475 686 1607 754 μετὰ
1639 686 1858 737 Λυσίαν

181 775 355 841 ἥψατο
401 783 512 826 τῶν
555 771 943 843 πρεσβυτέρων
995 770 1119 834 νέος
1173 771 1483 841 ἐπακμάσας
1527 771 1857 842 Ἰσοκράτης,
1934 766 1937 825 ζ

180 862 270 915 καὶ
310 863 410 916 οὐκ
449 861 517 914 ἂν
556 864 668 930 ἔχοι
707 881 789 922 τις
829 861 1003 913 εἰπεῖν
1032 859 1360 932 προσωτέρῳ
1391 861 1606 914 τούτων
1636 869 1858 914 σκοπῶν

182 950 399 1021 ἑτέρους
461 948 707 1020 ῥήτοξρας
770 950 929 1017 ἰσχὺν
987 947 1079 1001 καὶ
1141 949 1381 1018 δύναμιν
1440 950 1712 1018 τοσαύτην
1774 948 1834 1002 ἐν
1855 943 1935 1004 46’

116 1055 157 1086 10
181 1040 410 1108 ὀνόμασι
448 1042 659 1108 κυρίοις
697 1036 786 1090 καὶ
825 1046 1034 1099 κοινοῖς
1072 1036 1548 1106 ἀποδειξαμένους.

122 1128 156 1178 4
290 1131 479 1197 τρίτην
532 1126 731 1196 ἀρετὴν
784 1125 1162 1195 ἀποφαίνομαι
1213 1125 1340 1196 περὶ
1390 1127 1488 1179 τὸν
1537 1127 1714 1195 ἄνδρα
1757 1125 1859 1194 τὴν

180 1218 484 1284 σαφήνειαν
523 1215 589 1268 οὐ
628 1217 802 1284 μόνον
839 1215 940 1282 τὴν
980 1213 1040 1267 ἐν
1078 1223 1193 1276 τοῖς
1241 1214 1532 1283 ὀνόμασιν,
1585 1214 1723 1268 ἀλλὰ
1766 1212 1859 1267 καὶ

102 1335 113 1354 «,
179 1306 279 1373 τὴν
318 1304 378 1357 ἐν
415 1313 529 1366 τοῖς
566 1305 907 1374 πράγμασιν·
958 1304 1071 1355 ἔστι
1109 1303 1214 1373 γάρ
1254 1323 1337 1365 τις
1375 1301 1465 1356 καὶ
1511 1303 1857 1373 πραγματικὴ

181 1396 448 1462 σαφήνεια
499 1392 564 1445 οὐ
610 1396 836 1454 πολλοῖς
881 1392 1170 1462 γνώριμος.
1239 1394 1595 1461 τεκμαίρομαι
1642 1390 1726 1460 δέ,
1773 1392 1858 1445 ὅτι
1930 1437 1933 1460 1,

115 1497 156 1530 15
179 1490 273 1549 τῆς
311 1479 412 1550 μὲν
454 1482 804 1534 Θουκυδίδου
844 1479 1035 1544 λέξεως
1072 1478 1163 1532 καὶ
1198 1478 1616 1549 Δημοσθένους,
1657 1483 1714 1533 οἳ
1749 1481 1860 1533 δει-
1930 1500 1933 1547 3

180 1573 398 1623 νότατοι
428 1570 715 1639 πράγματα
747 1569 980 1633 ἐξειπεῖν
1012 1567 1284 1637 ἐγένοντο,
1322 1571 1499 1622 πολλὰ
1530 1570 1859 1622 δυσείκαστά

182 1658 330 1712 ἐστιν
374 1657 506 1727 ἡμῖν
550 1656 639 1710 καὶ
687 1658 871 1726 ἀσαφῆ
925 1656 1015 1710 καὶ
1069 1658 1302 1726 δεόμενα
1352 1656 1639 1726 ἐξηγητῶν.
1714 1657 1747 1725 ἡ
1795 1654 1858 1710 δὲ
1928 1692 1930 1718 ;

182 1750 396 1799 Λυσίου
446 1746 587 1810 λέξις
641 1747 820 1799 ἅπασά
867 1745 979 1798 ε’στι
1026 1747 1239 1816 φανερὰ
1284 1744 1374 1798 καὶ
1421 1746 1600 1815 σαφὴς
1643 1743 1735 1798 καὶ
1780 1752 1857 1817 τῷ
1927 1729 1930 1787 3

180 1836 327 1887 πάνυ
380 1837 566 1904 πόρρω
623 1835 880 1887 δοκοῦντι
939 1838 1238 1887 πολιτικῶν
1297 1834 1599 1903 ἀφεστάναι
1660 1836 1856 1902 λόγων.
1925 1830 1931 1884 ἶ

116 1940 158 1971 20
181 1922 269 1975 καὶ
310 1924 356 1975 εἰ
395 1919 494 1991 μὲν
533 1921 606 1975 δι’
646 1923 944 1976 ἀσθένειαν
983 1923 1266 1992 δυνάμεως
1313 1922 1521 1990 ἐγίνετο
1567 1923 1629 1975 τὸ
1670 1921 1857 1992 σαφές,

182 2011 283 2063 οὐκ
337 2010 491 2074 ἄξιον
543 2007 613 2078 ἦν
666 2011 797 2064 αὐτὸ
850 2011 1088 2079 ἀγαπᾶν,
1142 2018 1249 2063 νῦν
1296 2008 1356 2063 δὲ
1396 2011 1425 2064 ὁ
1463 2016 1702 2074 πλοῦτος
1746 2020 1857 2064 τῶν
1924 2039 1929 2082 ;

181 2100 389 2167 κυρίων
443 2099 727 2167 ὀνομάτων
782 2099 839 2152 ἐκ
891 2103 1097 2167 πολλῆς
1150 2098 1297 2170 αὐτῷ
1352 2102 1671 2169 περιουσίας
1725 2099 1857 2153 ἀπο·
1923 2130 1927 2171 3

183 2188 459 2239 δείκνυται
498 2188 702 2254 ταύτην
739 2189 840 2255 τὴν
878 2188 1090 2258 ἀρετήν.
1159 2188 1295 2240 ὥστε
1331 2186 1336 2257 Ι
1378 2186 1467 2239 καὶ
1514 2188 1615 2255 τὴν
1661 2190 1835 2257 σαφή-
1858 2200 1885 2239 4
1920 2243 1926 2260 ¹

183 2293 337 2327 νειαν
391 2274 561 2327 αὐτοῦ
616 2278 814 2343 ζηλοῦν
864 2276 1031 2340 ἄξιον.
1107 2273 1196 2327 καὶ
1244 2275 1372 2349 μὴν-ἱ
1402 2277 1463 2328 τό
1509 2295 1570 2343 γε
1616 2275 1858 2346 βραχέως

304 2452 356 2490 18
391 2447 440 2490 cf
465 2447 695 2491 Maximus
727 2448 961 2494 Planudes
997 2450 1054 2493 W
1085 2451 1106 2493 t
1136 2464 1166 2493 v
1195 2463 1226 2505 p
1250 2453 1350 2504 446,
1378 2452 1402 2491 7

303 2614 324 2651 1
367 2606 667 2665 ἢ-ἔχουσαῗ
789 2615 813 2652 6
856 2609 1048 2666 ἕγγυστα
1078 2610 1162 2653 ΡΒ
1292 2613 1315 2652 7
1355 2608 1623 2666 ἐπαγμάσας
1654 2610 1689 2653 F
1745 2611 1856 2655 ἐπα-

184 2666 355 2722 σκήσας
394 2667 469 2710 Gv
532 2667 581 2710 cf
614 2667 751 2710 Plato
790 2667 975 2712 Phaedr
1013 2673 1126 2712 278β
1252 2673 1278 2712 8
1325 2666 1614 2727 προσωτέρωι
1657 2670 1781 2714 solus
1819 2671 1856 2714 F

183 2723 442 2780 προσοτέρω
482 2726 517 2768 Ρ
643 2731 667 2768 9
717 2723 871 2781 ἑτέρου
919 2726 1110 2783 ῥήτορος
1149 2727 1188 2770 G
1317 2732 1371 2770 10
1417 2727 1782 2784 ἀποδειξαμενος
1819 2730 1855 2773 F

182 2783 530 2839 ἀποδεξάμενος
563 2784 601 2827 G
726 2790 776 2827 11
811 2786 915 2839 περὶ
955 2784 1211 2843 σαφηνείας
1247 2800 1327 2842 mg
1360 2786 1498 2829 rubro
1530 2786 1578 2829 M
1700 2793 1755 2832 14
1787 2787 1858 2833 ὅτι

184 2857 259 2887 om
292 2843 330 2886 G
431 2848 483 2886 15
516 2841 805 2895 λέξεως-Ιὸ
838 2843 1084 2900 πράγματα
1115 2859 1195 2900 mg
1223 2844 1272 2887 M
1372 2849 1425 2888 16
1458 2861 1649 2902 πραγμα
1679 2846 1739 2889 F¹

184 2907 237 2945 17
273 2902 492 2958 ἐξηγητοῦ
526 2901 603 2945 Gv
694 2906 749 2945 20
782 2900 960 2959 ἐγένετο
993 2904 1028 2946 Ρ
1119 2909 1174 2947 23
1207 2903 1287 2947 καὶ
1319 2917 1392 2946 om
1425 2902 1501 2947 Gv
