2004 3202
202 103 307 156 128
626 105 965 148 ΔΙΟΝΤΣΙΟΤ
994 104 1461 146 ΑΛῙΚΑΡΝΑΣΕΩΣ

194 239 535 308 θεράποντες
582 236 684 308 μὲν
729 248 839 291 τῶν
878 238 1079 300 ἀδίκως
1126 239 1568 307 δυστυχούντων,
1615 238 1875 292 κολασταὶ

195 323 258 379 δὲ
324 336 436 379 τῶν
505 327 706 389 ἀδίκως
775 326 1180 394 εὐτυχούντων,
1249 326 1550 394 (αὐθάδεις
1617 327 1755 397 πρὸς
1813 327 1875 380 τὸ

197 414 540 485 συμφέρον>,
597 415 883 485 εὐόργητοι
929 414 1067 483 πρὸς
1112 414 1173 466 τὸ
1221 413 1450 484 πρέπον,
1500 421 1576 486 τῷ
1622 417 1875 486 φρονίμῳ

195 510 290 570 τῆς
343 505 563 572 γνώμης
615 503 883 564 παύοντες
937 502 997 554 τὸ
1053 503 1253 572 ἄφρον,
1307 501 1563 573 ὑβρισταὶ
1617 503 1695 565 εἰς
1748 504 1878 566 τοὺς

149 591 540 660 5ὑβρίζοντας,
603 594 819 659 κόσμιοι
874 591 950 652 εἰς
1004 591 1134 652 τοὺς
1194 594 1480 659 κοσμίους,
1542 593 1745 660 ἄφοβοι
1801 593 1879 654 εἰς

195 682 324 742 τοὺς
378 680 647 748 ἀφόβους,
704 677 877 731 δεινοὶ
933 677 993 730 ἐν
1038 687 1153 740 τοῖς
1204 680 1422 741 δεινοῖς.
1497 680 1770 750 μαρτύρια
1816 676 1878 732 δὲ

194 769 406 821 τούτων
459 770 691 838 τρόπαια
748 767 1043 835 ἐστήσαντο
1098 776 1210 819 τῶν
1260 770 1538 836 πολεμίων
1583 769 1722 830 Διὸς
1775 764 1878 837 μὲν

195 856 477 926 ἀγάλματα
530 857 741 908 τούτων
795 853 856 908 δὲ
911 855 1262 924 ἀναθήματα,
1326 855 1427 908 οὐκ
1480 857 1695 926 ἄπειροι
1751 857 1878 908 οὔτε

197 945 443 1014 ἐμφύτου
478 944 683 1014 ’Ἁρεως
723 945 848 996 οὔτε
887 947 1137 1013 νομίμων
1180 943 1399 1014 ἐρώτων
1444 944 1570 996 οὔτε
1617 943 1877 997 ἐνοπλίου

129 1054 171 1084 10
196 1035 376 1103 ἔριδος
418 1034 542 1086 οὔτε
582 1033 889 1101 φιλοκάλου
929 1034 1165 1103 εἰρήνης,
1206 1031 1396 1102 σεμνοὶ
1435 1029 1537 1102 μὲν
1573 1033 1712 1102 πρὸς
1749 1035 1878 1097 τοὺς

193 1123 363 1184 θεοὺς
401 1129 475 1192 τῷ
516 1123 727 1193 δικαίῳ,
768 1122 911 1174 ὅσιοι
951 1118 1012 1174 δὲ
1050 1122 1187 1192 πρὸς
1226 1123 1355 1184 τοὺς
1392 1120 1582 1183 τοκέας
1613 1129 1677 1191 τῇ
1709 1126 1878 1191 θερα-

193 1213 335 1280 πείᾳ,
374 1211 580 1262 δίκαιοι
630 1206 692 1262 δὲ
737 1211 875 1279 πρὸς
919 1212 1048 1272 τοὺς
1095 1210 1295 1272 ἀστοὺς
1340 1217 1416 1281 τῷ
1464 1215 1589 1282 ἴσῳ,
1637 1209 1879 1277 εὐσεβεῖς

195 1295 255 1350 δὲ
308 1299 446 1367 πρὸς
502 1300 631 1361 τοὺς
692 1302 892 1367 φίλους
944 1307 1008 1369 τῇ
1063 1302 1256 1351 πίστει.
1342 1306 1642 1368 τοιγαροῦν
1695 1297 1879 1350 αὐτῶν

194 1386 596 1439 ἀποθανόντων
628 1387 657 1440 ὁ
688 1389 866 1449 πόθος
898 1387 965 1440 οὐ
997 1386 1402 1454 συναπέθανεν,
1442 1386 1561 1440 ἀλλ’
1599 1386 1878 1449 ἀθάνατος

128 1494 170 1524 15
196 1474 256 1527 ἐν
294 1474 396 1527 οὐκ
436 1474 738 1537 ἀθανάτοις
777 1477 987 1544 σώμασι
1028 1479 1085 1545 ζῇ
1127 1475 1194 1528 οὐ
1234 1476 1485 1539 ζώντων.9
1514 1494 1540 1524 *
1626 1494 1652 1523 ιιι
1738 1494 1764 1522 *
1850 1494 1876 1523 *

196 1582 1875 1613 ****************

200 1650 537 1718 (ἐστασίαζέ
572 1672 628 1704 τε
667 1648 771 1705 οὗν
801 1654 866 1704 τὰ
905 1662 1016 1704 τῶν
1045 1639 1313 1720 πόλε>ων,
1351 1651 1441 1704 καὶ
1480 1653 1546 1704 τά
1585 1651 1878 1721 ἀφυστερί-

197 1740 357 1802 ζοντά
409 1757 518 1791 που
570 1740 763 1792 πύστει
815 1749 926 1792 τῶν
978 1739 1400 1810 προγενομένων
1452 1741 1594 1792 πολὺ
1650 1739 1878 1809 ἐπέφερε

196 1827 297 1893 τὴν
334 1827 649 1896 ὑπερβολήν
689 1827 742 1890 ἐς
781 1829 840 1880 τὸ
879 1835 1214 1881 καινοῦσθαι
1253 1830 1347 1890 τὰς
1386 1830 1785 1904 διανοίας,τῶν
1822 1827 1869 1880 τ’

129 1935 172 1964 20
198 1913 585 1983 ἐπιχειρήσεων
600 1918 974 1985 περιτεχνήσει
997 1915 1087 1968 καὶ
1114 1916 1226 1986 [τῇ]
1245 1926 1355 1968 τῶν
1371 1925 1650 1986 τιμωριῶν
1666 1915 1877 1987 ἀτοπίᾳ.

195 2001 285 2054 καὶ
325 2004 425 2071 τὴν
464 2005 733 2057 εἰωθυῖαν
771 2004 997 2068 ἀξίωσιν
1042 2015 1152 2058 τῶν
1198 2005 1486 2074 ὀνομάτων
1534 2003 1587 2066 ἐς
1631 2006 1698 2057 τὰ
1743 2006 1878 2074 ἔργα

319 2168 371 2206 17
406 2162 704 2218 Thucydides
735 2164 800 2207 III
825 2167 895 2219 82,
922 2169 1049 2220 3sqq

315 2313 342 2351 4
372 2310 452 2353 τὸν
485 2310 640 2366 ἀφρόν
674 2311 702 2354 S
794 2316 819 2354 5
853 2311 1048 2368 κόσμηοι
1079 2311 1120 2355 V
1213 2317 1236 2355 7
1269 2309 1321 2355 δὲ
1353 2313 1461 2368 posi}
1491 2311 1693 2366 τρόπαια
1717 2312 1812 2355 add
1834 2311 1877 2354 V

316 2373 340 2410 9
366 2367 572 2424 νομίμων
591 2370 640 2414 S:
675 2369 885 2426 vduva
970 2376 1023 2414 10
1050 2369 1330 2426 φιλοκάλλου
1355 2385 1411 2415 ex
1435 2369 1709 2427 φιλοκαλίου
1728 2370 1758 2414 S

201 2431 253 2467 1⁶2
287 2424 338 2469 δὲ
372 2441 446 2469 om
472 2427 500 2469 S
537 2429 541 2485 Ι
577 2430 743 2479 ἀστοὺς
769 2429 817 2472 S:
852 2431 1021 2480 αὐτοὺς
1044 2430 1085 2473 V
1179 2435 1234 2473 14
1266 2432 1319 2474 οὐ
1353 2443 1428 2473 om
1450 2429 1493 2472 V
1528 2431 1532 2486 Ι
1572 2428 1687 2472 ἀλλὰ
1718 2427 1875 2472 θάνα-

195 2500 274 2534 τος
298 2485 338 2526 V
392 2485 507 2528 ἀλλὰ
536 2487 619 2530 ἀθ.
647 2487 675 2530 S
787 2492 841 2530 15
874 2489 958 2532 οὐκ
991 2488 1041 2533 ἐν
1065 2489 1107 2531 V
1215 2493 1268 2532 17
1301 2487 1410 2531 hinc
1440 2487 1674 2544 incipiunt
1704 2487 1838 2531 MBP
1866 2488 1872 2547 Ι

201 2541 495 2587 Θουκυδίδου
530 2544 748 2600 ἔκφρασις
777 2553 858 2602 τῆς
889 2546 1076 2598 στάσεος
1113 2556 1204 2592 τῶν
1235 2545 1536 2603 Κερκυραίων
1572 2546 1876 2602 superscribit

198 2602 235 2644 P
277 2605 283 2657 Ι
328 2603 651 2658 supplementa
684 2604 957 2661 Sylburgius
991 2606 1123 2650 dedit
1165 2609 1170 2664 Ι
1212 2607 1292 2651 καὶ
1322 2605 1381 2650 τὰ
1411 2603 1775 2661 ἀφυστερίζοντά
1805 2604 1876 2648 in-

197 2660 314 2716 cipit
336 2661 372 2703 P
466 2667 518 2704 18
549 2663 697 2706 πύστα
723 2664 758 2706 Β
805 2662 976 2708 πείστει
1000 2665 1036 2708 Ρ
1081 2666 1243 2709 πύστει
1269 2667 1309 2710 Θ
1340 2664 1374 2721 (i
1398 2678 1422 2708 e
1447 2663 1760 2720 Thucydides)
1794 2664 1876 2708 sed

201 2719 277 2762 ἐπὶ
301 2720 460 2763 πύστει
485 2727 526 2763 A
549 2721 834 2778 (Dionysius)
858 2738 889 2778 p
915 2728 997 2767 886
1023 2724 1057 2779 (i
1081 2738 1106 2768 e
1131 2724 1385 2778 ἐπιπύστει)
1410 2723 1418 2781 f
1445 2730 1536 2767 τῶν
1561 2738 1758 2779 προγεγρ
1783 2730 1876 2767 τῶν

196 2778 550 2834 προγενομένων
574 2780 609 2822 Ρ
662 2788 752 2825 τῶν
783 2781 1192 2838 προγεγενημένων
1215 2788 1258 2827 A
1289 2781 1466 2825 ibidem
1572 2786 1626 2825 19
1657 2789 1740 2825 τοῦ
1771 2799 1875 2825 και-

198 2841 401 2881 νοῦσθαι
421 2839 503 2882 ΘΛ
525 2853 556 2894 p
572 2843 658 2882 886
751 2845 806 2882 ‘20
832 2839 1114 2898 ἐπιτεχνήσει
1134 2847 1175 2886 A
1198 2857 1229 2898 p
1246 2845 1331 2885 887
1359 2842 1366 2898 ξ
1399 2847 1455 2897 τῇ
1480 2853 1556 2883 om
1577 2840 1643 2884 B?
1660 2846 1702 2884 A
1724 2855 1756 2897 p
1772 2844 1874 2896 886,

198 2901 282 2940 887
317 2895 510 2940 seclusit
540 2896 815 2954 Sylburgius
908 2905 959 2942 21
994 2908 1084 2945 τῶν
1118 2898 1358 2956 ὀνομάτων
1389 2896 1578 2952 ἀξίωσιν
1602 2903 1644 2943 A
1674 2914 1706 2955 p
1730 2904 1814 2943 887
