2004 3202
185 147 290 199 130
599 146 941 190 ΔιοΝΤΣῐοΤ
971 143 1438 186 ΑΑΙΚΑΡΝΑΣΕΩΣ

183 282 383 351 ναμιν.’
475 281 506 349 ἡ
570 278 671 350 μὲν
733 277 835 334 οὖν
898 276 1264 346 ἐξηλλαγμένη
1332 275 1422 330 καὶ
1487 277 1710 347 περιττὴ
1771 275 1863 330 καὶ

185 370 576 438 ἐγκατάσκευος
626 367 716 422 καὶ
762 364 1199 430 τοῖςέπιθέτοις
1245 367 1469 435 κόσμοις
1515 367 1683 418 ἅπασι
1732 380 1865 434 συμ-

184 457 578 529 πεπληρωμένη
619 456 777 524 λέξις,
817 452 879 523 ἧς
919 456 1046 525 ὄρος
1084 451 1174 506 καὶ
1213 455 1397 507 κανὼν
1436 454 1464 508 ὁ
1503 454 1866 522 Θουκυδίδης,

187 546 252 600 ὃν
300 545 490 608 οὐθεὶς
544 544 672 598 οὔθ’
718 544 1082 614 ὑπερεβάλετο
1137 552 1248 595 τῶν
1295 542 1694 612 ἐπιγινομένων
1741 542 1866 595 οὔτε

142 655 160 684 ν»
185 636 299 702 <εῑς
338 636 543 705 ἅκρον>
586 634 897 703 ἐμιμήσατο,
937 632 1162 700 τοιαύτη
1202 652 1284 694 τις
1322 628 1404 700 ἦν.
1441 632 1446 701 Ι
1987 684 1990 691 ,

295 723 326 791 ἡ
368 721 428 775 δὲ
469 722 622 792 ἑτέρα
661 721 802 785 λέξις
839 720 871 789 ἡ
913 721 1034 788 λιτὴ
1081 718 1172 772 καὶ
1211 719 1439 789 ἀφελὴς-
1464 719 1554 773 καὶ
1595 722 1837 774 δοκοῦσα
1870 736 1955 775 956
2003 734 2004 770 ι

187 813 524 878 κατασκευήν
584 830 641 862 τε
701 807 790 861 καὶ
855 797 1015 877 ἰσχὺν
1076 809 1178 876 τὴν
1237 810 1374 879 πρὸς
1438 809 1663 877 ἰδιώτην
1725 811 1870 877 ἔχειν

189 903 356 967 λόγον
408 896 498 951 καὶ
546 898 837 967 ὁμοιότητα
883 898 1125 959 πολλοὺς
1171 893 1271 966 μὲν
1318 899 1438 966 ἔσχε
1483 895 1573 949 καὶ
1621 896 1870 964 ἀγαθοὺς

189 989 393 1057 ἄνδρας
431 986 737 1056 προστάτας
777 993 1116 1055 συγγραφεῖς
1154 1004 1212 1037 τε
1256 983 1346 1038 καὶ
1387 987 1733 1054 φιλοσόφους
1779 984 1870 1038 καὶ

192 1075 436 1145 ῥήτορας.
505 1073 595 1127 καὶ
635 1076 738 1144 γὰρ
773 1075 825 1127 οἱ
856 1075 951 1136 τὰς
984 1077 1336 1142 γενεαλογίας
1376 1072 1750 1142 ἐξενέγκαντες
1780 1071 1871 1126 καὶ

190 1164 237 1214 οἱ
281 1164 374 1224 τὰς
413 1164 637 1224 τοπικὰς
686 1164 928 1233 ἱστορίας
972 1163 1518 1271 πραγματευσάμενοι
1569 1160 1660 1214 καὶ
1708 1162 1761 1214 οἱ
1806 1163 1872 1214 τὰ

190 1253 394 1319 φυσικὰ
435 1252 910 1320 φιλοσοφήσαντες
955 1249 1046 1303 καὶ
1087 1252 1139 1303 οἱ
1177 1260 1288 1303 τῶν
1334 1250 1550 1318 ἠθικῶν
1595 1251 1872 1318 διαλόγων

188 1342 425 1408 ποιηταί,
466 1335 543 1392 ὧν
582 1360 652 1407 ην
691 1339 751 1391 τὸ
793 1340 1153 1409 Σωκρατικὸν
1193 1340 1579 1392 διδασκαλεῖον
1621 1346 1733 1392 πᾶν
1773 1338 1873 1402 ἔξω

192 1429 520 1495 Πλάτωνος,
573 1427 664 1480 καὶ
721 1429 773 1480 οἱ
826 1429 955 1490 τοὺς
1010 1429 1414 1497 δημηγορικοὺς
1467 1426 1499 1494 ή
1556 1427 1875 1489 δικανικοὺς

148 1537 167 1566 5
193 1519 617 1585 συνταττόμενοι
658 1518 857 1583 λόγους
895 1516 1089 1583 ὀλίγου
1129 1517 1248 1568 δεῖν
1285 1516 1484 1577 πάντες
1523 1515 1721 1583 ταύτης
1762 1514 1873 1582 ἐγέ-

192 1624 355 1657 νοντο
408 1611 502 1671 τῆς
555 1602 936 1677 προαιρέσεως.
1015 1602 1292 1656 ἐτελείωσε
1339 1602 1390 1655 δ’
1440 1603 1613 1671 αὐτὴν
1660 1602 1761 1655 καῖ
1797 1605 1875 1666 εἰς

192 1695 363 1761 ἄκρον
395 1694 563 1760 ἤγαγε
594 1699 687 1759 τῆς
722 1693 864 1753 ἰδίας
896 1691 1089 1761 ἀρετῆς
1122 1694 1332 1753 Λυσίας
1364 1691 1392 1745 ὁ
1426 1693 1707 1761 Κεφάλου,
1739 1693 1874 1745 κατὰ

191 1783 321 1842 τοὺς
360 1780 561 1842 αὐτοὺς
600 1768 835 1849 χρόνους
876 1783 1085 1851 Γοργίᾳ
1125 1800 1181 1832 τε
1228 1779 1318 1833 καὶ
1363 1781 1680 1851 Θουκυδίδῃ
1720 1783 1871 1848 γενό-

193 1889 369 1937 μενος.
430 1871 512 1931 τίς
543 1865 603 1920 δὲ
635 1864 705 1935 ἦν
734 1867 766 1935 ἡ
792 1871 1111 1938 προαίρεσις
1143 1868 1314 1922 αὐτοῦ
1345 1867 1435 1921 καὶ
1459 1871 1542 1931 τίς
1564 1869 1597 1937 ἡ
1624 1869 1874 1938 δύναμις,

128 1976 146 2007 2
196 1956 254 2008 ἐν
293 1964 355 2025 τῇ
395 1956 501 2024 πρὸ
540 1956 738 2023 ταύτης
771 1957 1071 2024 δεδήλωται
1108 1965 1293 2027 γραφῇ
1332 1955 1422 2009 καὶ
1456 1954 1622 2010 οὐδὲν
1654 1959 1739 2011 δεῖ
1769 1965 1875 2011 νῦν
1994 2014 1997 2022 Δ

194 2045 361 2096 πάλιν
399 2040 536 2113 ὑπὲρ
581 2042 585 2113 1
632 2053 743 2096 τῶν
782 2044 964 2097 αὐτῶν
1003 2044 1198 2112 λέγειν.
1268 2044 1484 2116 ἀρκέσει
1523 2042 1584 2098 δὲ
1622 2054 1853 2099 τοσοῦτο
1879 2062 1963 2102 957
1994 2028 1998 2076 ‘⁶

195 2134 368 2200 μόνον
407 2133 606 2199 εἰπεῖν,
647 2133 729 2184 ὅτι
769 2133 870 2200 τὴν
909 2135 1193 2185 διαπασῶν
1233 2134 1504 2203 ἁρμονίαν
1544 2130 1698 2187 οὗτοι
1737 2136 1874 2204 πρὸς
1995 2116 1997 2126 ¹

197 2219 466 2287 ἀλλήλους
506 2222 558 2272 οἱ
597 2221 794 2290 ἄνδρες
832 2221 1168 2291 ἡρμόσαντο,
1220 2223 1315 2284 τὰς
1354 2221 1652 2292 ἀκρότητας
1700 2223 1875 2293 ἀμφο-

197 2307 352 2377 τέρας
390 2316 485 2375 τῆς
523 2307 732 2387 λέξεως,
772 2312 832 2361 αἳ
861 2314 1121 2363 πλεῖστον
1153 2309 1406 2378 ἀλλήλων
1437 2309 1717 2380 ἀπέχουσι,
1757 2313 1875 2364 δαι-

155 2399 361 2466 5μονίᾳ
407 2398 617 2467 σπουδῇ
667 2400 1033 2467 προελόμενοί
1074 2419 1131 2451 τε
1176 2397 1266 2451 καὶ
1313 2399 1706 2461 τελειώσαντες.
1784 2398 1875 2452 καὶ

318 2531 342 2568 ⁵)
376 2524 741 2581 ηεγκατάσκευος
772 2527 808 2569 Β
858 2543 897 2571 ει
929 2527 1263 2584 ἐγκατάσκευος
1292 2528 1329 2572 Ρ
1371 2529 1377 2585 Ι
1419 2526 1543 2578 ἅπας
1573 2528 1610 2571 Β
1711 2532 1739 2571 4
1772 2528 1871 2572 οὔτ’

201 2584 236 2626 Β
264 2587 318 2640 (Ῥ)
439 2590 463 2626 5
498 2585 561 2635 εἰς
592 2584 737 2639 ἄκρον
769 2586 1005 2644 Kiessling
1037 2588 1131 2632 add
1173 2591 1178 2644 Ι
1222 2586 1461 2643 ἐτιμήσατο
1495 2586 1578 2630 ΒΡ
1699 2593 1723 2631 6
1757 2588 1785 2643 ἡ
1819 2586 1867 2631 δ’

204 2642 333 2698 ἕτερα
358 2644 392 2685 Ρ
438 2643 466 2698 ἡ
500 2641 543 2686 δ’
567 2642 695 2698 ἑτέρα
722 2644 758 2686 Β
804 2645 832 2701 ἡ
866 2645 1058 2701 δευτέρα
1091 2646 1382 2718 Sylburgius
1423 2650 1480 2689 7
1513 2645 1653 2702 iunge
1686 2645 1876 2703 ἰδιώτην

202 2702 338 2758 λόγον
497 2706 521 2743 9
565 2701 822 2756 προστάτας
868 2704 917 2746 111
954 2719 1028 2748 ras
1069 2706 1117 2748 M
1177 2705 1292 2760 πρὸς
1336 2703 1417 2756 τὰς
1454 2704 1492 2746 Β
1543 2705 1548 2763 Ι
1598 2714 1877 2761 συγγραφεῖς

202 2777 247 2804 τε
281 2776 329 2803 111
361 2774 435 2804 ras
468 2760 515 2803 M
627 2766 679 2804 12
715 2761 824 2832 οἱ]
810 2762 837 2818 ἠ
870 2763 918 2805 111
950 2778 1028 2820 mg
1058 2765 1198 2808 rubro
1233 2763 1275 2808 οἱ
1306 2763 1343 2806 Β
1459 2767 1513 2805 13
1547 2764 1808 2808 διδασλεῖον
1839 2765 1876 2807 Ρ

322 2824 375 2862 14
423 2818 449 2875 ἢ
498 2820 719 2869 δικανοὺς
769 2838 795 2875 η
845 2823 1113 2874 δικανικοὺς
1158 2824 1195 2867 Ρ
1317 2827 1369 2866 16
1424 2821 1517 2864 fort
1571 2821 1877 2896 προαιρέσεως

204 2875 393 2935 ζηλωταί
530 2883 582 2921 17
623 2877 815 2936 Λυσίας]
863 2881 1001 2935 λύρας
1031 2883 1067 2924 Ρ
1122 2882 1262 2938 λήρας
1301 2881 1349 2924 111
1387 2895 1466 2937 mg
1503 2881 1642 2925 rubro
1683 2884 1810 2938 λυρ
1838 2882 1877 2924 Β

322 2941 376 2980 23
409 2936 454 2980 οἱ
485 2937 745 2993 ἡρμόσαντο
777 2939 813 2980 P
