2004 3202
218 165 324 218 168
632 167 974 211 ΔῙοΝΤΣῙοΤ
1003 152 1471 210 ΑΛῑΚΑΡΝΑΣΕΩΣ

219 304 637 370 φιλοτιμεῖσθαί
677 322 734 355 τε
780 299 870 354 καὶ
919 286 1177 354 ἐπαινεῖν.
1230 299 1343 376 ,καὶ
1389 300 1448 354 ἐν
1486 303 1574 373 τῷ
1608 299 1795 355 “οὐδὲν
1834 299 1895 355 δὲ
1975 316 1977 318 ’

219 399 330 443 τῶν
361 389 543 443 αὐτῶν
576 389 804 452 ἐκείνοις
842 389 1176 460 πράττομεν’
1215 390 1276 442 τὸ
1318 389 1476 443 ςἀλλά
1514 397 1626 443 πᾶν
1664 389 1896 443 τούναν-

219 478 364 532 τίον’
379 496 390 507 ·
428 481 581 549 ἤρκει
620 480 724 548 γὰρ
757 477 940 530 αὐτῶν
971 479 1228 548 εἰρῆσθαι
1266 479 1522 549 θάτερον.
1585 477 1710 546 ἐξῆν
1742 477 1807 531 δέ
1834 498 1895 546 γε

141 565 144 570 ’
220 570 352 636 μίαν
386 567 442 620 ἐκ
473 576 593 620 τοῖν
617 568 778 619 δυοῖν
807 574 1031 634 ποιῆσαι
1062 567 1324 636 περίοδον
1355 565 1445 620 καὶ
1478 565 1897 637 συντομωτέραν
1965 566 1979 630 ἦ

177 654 311 709 5καὶ
358 653 737 725 χαριεστέραν·
789 654 896 716 “τίς
943 655 1048 724 γὰρ
1096 653 1166 707 ἂν
1212 656 1453 708 ἄλλοθεν
1499 654 1750 709 ἐπελθὼν
1797 655 1898 708 οὐκ

222 742 291 796 ἂν
336 747 632 812 μαίνεσθαι
677 745 954 811 νομίσειεν
999 741 1162 811 ἡμᾶς,
1211 746 1267 796 οἳ
1309 744 1752 813 φιλοτιμούμεθα
1797 740 1899 812 μὲν
1975 739 1979 742 ’

223 830 310 884 ἐπὶ
357 841 470 894 τοῖς
516 840 627 883 τῶν
669 833 964 901 προγόνων
1003 833 1208 901 ἔργοις,
1256 828 1423 884 οὐδὲν
1461 829 1522 884 δὲ
1567 841 1678 884 τῶν
1717 831 1899 884 αὐτῶν

224 920 451 981 ἐκείνοις
496 920 855 989 πράττομεν’;
904 921 1081 972 πολλὰ
1120 921 1347 973 τοιαῦτά
1386 919 1499 973 ἐστι
1537 920 1900 990 παραπληρώ-

223 1028 362 1077 ματα
392 1006 518 1060 καθ’
545 1006 776 1075 ἑκάστην
801 1007 994 1075 ὀλίγου
1027 1009 1148 1061 δεῖν
1177 1009 1440 1078 περίοδον
1465 1008 1566 1062 οὐκ
1597 1008 1900 1076 ἀναγκαίαν

158 1117 199 1149 10
223 1100 416 1166 ἔχοντα
470 1097 678 1166 χώραν,
735 1095 767 1148 ἃ
821 1105 968 1149 ποιεῖ
1019 1097 1121 1164 τὴν
1175 1095 1469 1166 ἑρμηνείαν
1516 1095 1900 1167 ἀμετροτέραν,

222 1187 321 1253 τὴν
360 1182 421 1237 δὲ
458 1185 722 1255 περίοδον
759 1183 1124 1255 κομψοτέραν.Δ
1187 1187 1367 1255 μακρά
1405 1182 1506 1254 μὲν
1546 1181 1648 1238 οὖν
1685 1185 1718 1253 ἡ
1759 1183 1902 1249 λέξις

223 1274 394 1335 οὕτως
450 1271 599 1326 ἐστὶν
652 1272 824 1345 αὐτῷ,
877 1261 1132 1344 πλαζτεῖα
1173 1271 1234 1327 δὲ
1290 1273 1383 1348 καὶ
1436 1264 1841 1345 ἀσυγκρότητος
1874 1286 1986 1328 1010

222 1372 362 1427 πῶς;
425 1361 693 1415 εκάκεῖνοι
755 1359 856 1431 μὲν
919 1361 1343 1432 ἐλευθεροῦντες
1405 1365 1500 1425 τὰς
1559 1365 1747 1425 πόλεις
1807 1363 1902 1425 τὰς

216 1449 539 1518 Ἑλληνίδας
577 1449 667 1502 καὶ
703 1443 1044 1518 βοηθοῦντες
1076 1450 1265 1513 αὐταῖς
1295 1458 1390 1518 τῆς
1420 1451 1714 1519 ἡγεμονίας
1744 1449 1902 1518 ἠξιώ-

159 1558 200 1590 15
224 1544 424 1606 θησαν,
470 1537 623 1607 ἡμεῖς
670 1535 731 1590 δὲ
778 1536 915 1607 [καὶ]
963 1539 1465 1607 καταδουλούμενοι
1511 1537 1602 1591 καὶ
1640 1539 1902 1591 τάναντιά

225 1635 339 1689 τοῖς
377 1629 498 1679 τότε
542 1627 873 1695 πράττοντες
912 1626 1344 1696 ἀγανακτοῦμεν,
1393 1629 1439 1679 εἰ
1478 1628 1550 1696 μὴ
1589 1628 1691 1695 τὴν
1729 1627 1902 1696 αὐτὴν
1992 1693 1995 1704 Ι

226 1716 389 1783 τιμὴν
436 1714 664 1776 ἐκείνοις
717 1713 948 1784 ἕξομεν’.
1025 1723 1194 1767 ταῦτα
1247 1715 1631 1784 κεκολπωμένα
1678 1715 1903 1785 σφίγξαι
1990 1710 1997 1766 1

226 1807 436 1871 μᾶλλον
491 1802 622 1870 ἐνῆν
674 1801 765 1855 καὶ
820 1805 1270 1874 στρογγυλώτερα
1324 1799 1436 1856 ὧδέ
1487 1822 1601 1866 πως
1653 1811 1903 1872 ποιῆσαι·

228 1891 496 1943 (κάκεῖνοι
529 1888 628 1959 μὲν
661 1890 1083 1962 ἐλευθεροῦντες
1113 1892 1214 1959 τὴν
1246 1891 1483 1945 Ἑλλάδα
1521 1891 1611 1945 καὶ
1645 1891 1904 1965 σῴζοντες

162 1999 204 2031 20
230 1977 315 2031 ἐπὶ
370 1980 470 2046 τὴν
515 1978 814 2047 ἡγεμονιάν
859 1984 1165 2049 προῆλθον,
1218 1979 1371 2049 ἡμεῖς
1421 1977 1482 2033 δὲ
1535 1981 1905 2034 καταδουλού-
1974 1979 2004 2017 1,

228 2086 383 2135 μενοι
429 2065 519 2119 καὶ
567 2067 884 2129 διολλύντες
931 2067 1361 2137 ἀγανακτοῦμεν,
1409 2070 1456 2122 εἰ
1501 2069 1574 2138 μὴ
1621 2079 1731 2122 τῶν
1770 2075 1905 2123 ἴσων
1984 2098 1985 2101 “

349 2261 403 2299 10
444 2255 653 2299 scholion
691 2254 954 2312 μακροτέρα
992 2257 1019 2314 ἡ
1060 2254 1177 2310 λέξις
1215 2255 1391 2314 γίνεται
1427 2265 1528 2308 ταῖς
1565 2258 1905 2302 ἀναδιπλώσεσι

229 2322 318 2359 τῶν
350 2315 522 2370 κώλων,
562 2318 753 2359 πλατεῖα
786 2313 837 2359 δὲ
876 2323 977 2366 ταῖς
1015 2314 1376 2373 περιττολογίαις
1413 2324 1504 2361 τῶν
1535 2314 1699 2370 λέξεων
1731 2317 1811 2361 καὶ
1848 2324 1904 2375 τῇ

230 2374 521 2428 ἑπισωρεύσει
552 2382 642 2418 τῶν
674 2373 914 2430 ὀνομάτων
945 2390 1024 2431 mg
1055 2375 1103 2418 M

349 2554 374 2591 3
408 2547 459 2592 δέ
493 2564 541 2605 γε
576 2549 802 2594 Sadaeus:
835 2566 883 2594 τε
917 2550 1003 2607 γὰρ
1124 2557 1151 2595 4
1183 2546 1307 2610 τοῖν]
1334 2559 1425 2595 τῶν
1449 2550 1626 2594 MBPv
1666 2551 1671 2606 Ι
1714 2552 1844 2596 δυεῖν
1875 2567 1906 2595 v

349 2613 374 2651 6
409 2607 452 2651 οἱ
482 2609 518 2651 Ρ
610 2613 635 2650 9
669 2610 752 2652 οὐκ
785 2609 1347 2667 ἀναγκαίαν-περίοδον
1377 2609 1428 2652 in
1458 2624 1537 2666 mg
1568 2608 1804 2665 suppleuit
1834 2610 1907 2653 Μ’
1973 2647 1979 2649 ε

353 2671 404 2709 11
431 2665 727 2723 κομψοτέραν
753 2681 808 2711 ex
831 2666 970 2723 τέραν
993 2671 1158 2725 postea
1183 2668 1336 2714 effecit
1359 2668 1408 2711 M
1498 2673 1553 2711 12
1579 2670 1687 2711 ante
1712 2670 1905 2712 πλατεῖα
1974 2707 1977 2709 ,

233 2725 436 2769 fenestra
468 2725 532 2768 III
570 2725 650 2768 litt
684 2725 734 2768 in
765 2726 801 2768 B
855 2735 954 2770 τεῖα
987 2742 1092 2772 cum
1122 2728 1291 2772 lacuna
1321 2727 1407 2770 XII
1444 2725 1540 2770 fere
1578 2725 1658 2770 111313
1687 2727 1736 2769 M
1779 2730 1783 2783 Ι
1826 2728 1902 2771 καὶ
1972 2742 1979 2770 ·,

234 2798 310 2828 om
340 2784 375 2826 P
499 2788 553 2826 13
585 2784 774 2828 κάκεῖνο
806 2785 889 2828 ΒΡ
929 2788 933 2842 Ι
973 2784 1057 2842 μὲν
1091 2786 1190 2832 ἕλευ
1220 2788 1385 2844 postea
1416 2785 1510 2828 add
1541 2784 1590 2828 M
1711 2790 1766 2828 14
1797 2787 1906 2844 βοη-
1972 2805 1981 2818 -·

233 2846 441 2893 θοῦντας
463 2843 511 2885 Μ
542 2842 611 2886 ita
643 2845 695 2886 ut
726 2846 933 2894 θοῦντας
963 2848 1128 2901 postea
1158 2845 1385 2890 insertum
1417 2843 1479 2887 sit
1506 2845 1511 2901 Ι
1540 2842 1683 2894 αὐτὰς
1705 2843 1788 2887 ΒΡ
1967 2851 1982 2891 ,ἒ

235 2906 291 2946 15
323 2901 403 2946 καὶ
435 2902 566 2945 deest
596 2917 626 2958 p
653 2906 765 2944 1002
860 2908 910 2945 17
947 2902 1141 2955 ἐκείνοις
1170 2903 1305 2960 τιμὴν
1332 2918 1364 2947 v
1455 2906 1509 2946 18
1542 2904 1906 2959 στρογγυλώτερα
1967 2904 2004 2938 ³¹

237 2960 532 3018 Sylburgius:
566 2960 921 3018 στρογγυλότερα
1025 2968 1077 3007 19
1111 2963 1202 3020 μὴν
1226 2963 1262 3006 Β
1362 2966 1415 3005 21
1450 2962 1684 3012 διολύντες
1706 2962 1789 3005 ΒΡ
1971 2960 1978 2978 ’·
