2004 3202
182 128 291 181 334
608 131 950 174 ΔΙΟΝΥΣΙΟΤ
979 131 1444 175 ΑΑῙΚΑΡΝΑΣΕῼΣ

183 263 371 332 αὐτός,
419 264 520 334 οὐχ
565 265 832 334 ἥρμοττεν
887 264 1304 333 ἐγκαταμίσγειν
1351 273 1414 334 τῇ
1466 266 1716 334 διηγήσει
1763 268 1860 329 τὰς

181 355 476 423 θεατρικὰς
505 356 754 422 γοητείας
786 349 917 406 οὐδὲ
947 353 1084 422 πρὸς
1114 353 1215 420 τὴν
1246 352 1459 421 ἀπάτην
1490 353 1859 424 ἁρμόττεσθαι

182 449 293 495 τῶν
339 441 838 510 ἀναγνωσομένων,
885 441 955 508 ἣν
1003 439 1207 493 ἐκεῖναι
1255 442 1531 510 πεφύκασι
1571 440 1764 512 φέρειν
1803 444 1859 495 αἱ
1953 500 1969 521 ⁴-

183 529 487 598 συντάξεις,
539 529 676 582 ἀλλὰ
714 530 851 598 πρὸς
889 529 990 596 τὴν
1029 528 1324 597 ὠφέλειαν,
1372 530 1444 591 ὡς
1483 529 1646 592 αὐτὸς
1686 530 1747 582 ἐν
1784 537 1858 602 τςῖ
1895 578 1903 581 .

139 620 453 689 επροοιμίῳ
508 625 601 685 τῆς
659 619 900 687 ἱστορίας
961 618 1236 684 δεδήλωκε
1296 619 1431 670 κατὰ
1484 617 1632 681 λέξιν
1686 618 1860 681 οὕτως
1957 603 1965 615 ’

183 708 434 777 γράφων·
475 704 590 758 ἱκαὶ
631 704 684 767 ἐς
730 702 832 774 μὲν
880 705 1144 775 ἀκρόασιν
1183 707 1243 758 τὸ
1276 707 1347 774 μὴ
1381 707 1637 774 μυθῶδες
1676 706 1860 759 αὐτῶν

183 794 575 865 ἀτερπέστερον
620 783 911 865 φαίΙνεταί·
959 794 1081 846 ὅσοι
1127 791 1188 846 δὲ
1226 796 1593 862 βουλήσονται
1637 804 1749 848 τῶν
1786 815 1844 848 τε
1862 813 1980 871 8244,

181 885 491 951 γεγονότων
529 883 589 935 τὸ
631 879 802 951 σαφὲς
841 891 1082 950 σκοπεῖν,
1122 881 1212 934 καὶ
1243 891 1354 935 τῶν
1385 885 1700 951 μελλόντων
1729 881 1860 937 ποτὲ

181 973 315 1024 κατὰ
331 972 391 1023 τὸ
410 971 766 1040 ἀνθρώπειον
791 971 1058 1023 τοιούτων
1081 969 1171 1022 καὶ
1196 974 1593 1041 παραπλησίων
1616 974 1859 1040 ἔσεσθαι,

118 1084 159 1115 10
184 1059 430 1129 ὠφέλιμα
461 1062 676 1127 κρίνειν
706 1058 843 1111 αὐτὰ
875 1059 1190 1130 ἀρκούντως
1228 1058 1359 1123 ἕξει·
1397 1061 1572 1128 κτῆμά
1601 1079 1658 1113 τε
1691 1059 1744 1123 ἐς
1775 1059 1859 1113 ἀεὶ

181 1153 390 1218 μᾶλλον
435 1146 468 1215 ἢ
516 1146 802 1216 ἀγώνισμα
854 1146 906 1209 ἐς
956 1149 1016 1200 τὸ
1074 1155 1400 1218 παραχρῆμα
1457 1148 1680 1201 ἀκούειν
1734 1148 1858 1216 ξύγ-
1981 1157 1986 1269 Ι

182 1237 388 1290 κειται.’
1982 1299 1985 1310 1

132 1327 162 1378 8
292 1328 671 1395 Μαρτυρεῖται
712 1322 772 1377 δὲ
823 1331 898 1396 τῷ
945 1323 1108 1394 ἀνδρὶ
1154 1325 1289 1394 τάχα
1335 1322 1436 1393 μὲν
1481 1325 1588 1378 ὑπὸ
1635 1327 1857 1378 πάντων
1982 1314 1985 1341 ⁴

183 1416 509 1482 φιλοσόφων
539 1433 596 1465 τε
629 1411 718 1465 καὶ
749 1413 1015 1483 ρητόρων,
1049 1414 1096 1466 εἰ
1129 1410 1189 1465 δὲ
1212 1415 1301 1482 μή,
1333 1422 1444 1466 τῶν
1475 1433 1536 1480 γε
1566 1417 1855 1481 πλείστων,

116 1525 156 1558 15
182 1503 265 1555 ὅτι
303 1500 394 1555 καὶ
443 1509 537 1570 τῆς
584 1501 870 1570 ἀληθείας,
919 1498 984 1570 ἧς
1032 1501 1236 1571 ἱέρειαν
1282 1497 1422 1553 εἶναι
1461 1503 1562 1569 τὴν
1609 1503 1857 1572 ἱστορίαν

182 1593 515 1659 βουλόμεθα,
561 1593 822 1658 πλείστην
862 1589 1152 1658 ἐποιήσατο
1187 1591 1474 1658 πρόνοιαν,
1517 1591 1641 1642 οὔτε
1687 1605 1854 1660 πρυσ-
1983 1626 1985 1650 ,

182 1677 357 1741 τιθεὶς
424 1687 539 1739 τοῖς
604 1679 921 1746 πράγμασιν
982 1675 1149 1750 οὐδὲν
1211 1677 1240 1730 ὃ
1301 1679 1372 1746 μὴ
1450 1679 1668 1731 δίκαιον
1730 1680 1855 1731 οὔτε
1979 1684 1986 1796 Ι

77 1761 99 1775 ‘
183 1766 454 1836 ἀφαιρῶν,
494 1763 624 1819 οὐδὲ
664 1765 1053 1842 ἐνεξουσιάζων
1084 1774 1147 1836 τῇ
1188 1774 1389 1836 γραφῇ,
1431 1766 1764 1835 ἀνέγκλητον
1794 1764 1855 1819 δὲ
1980 1807 1986 1865 Ι

182 1854 271 1907 καὶ
311 1856 565 1924 καθαρὰν
603 1856 704 1923 τὴν
741 1858 1064 1925 προαίρεσιν
1111 1855 1215 1907 ἀπὸ
1262 1856 1465 1917 παντὸς
1504 1858 1727 1924 φθόνου
1763 1855 1855 1908 καὶ
1983 1918 1985 1922 .

117 1968 159 1998 20
182 1945 356 2011 πάσης
400 1942 698 2014 κοΙλακείας
737 1945 1052 2013 φυλάττων,
1092 1944 1323 2012 μάλιστα
1362 1942 1411 1995 δ’
1460 1942 1520 1995 έν
1558 1943 1836 2014 ταῖςπερὶ
1856 1959 1939 1999 825
1979 1926 1986 2005 Ι

183 2042 292 2085 τῶν
331 2031 560 2100 ἀγαθῶν
592 2032 813 2102 ἀνδρῶν
844 2035 1102 2101 γνώμαις.
1164 2029 1254 2084 καὶ
1287 2034 1390 2102 γὰρ
1427 2032 1855 2101 Θεμιστοκλέους
1980 2020 1985 2037 ’

184 2120 244 2173 ἐν
282 2129 344 2190 τῇ
394 2122 580 2190 πρώτῃ
628 2122 815 2192 βύβλῳ
862 2120 1128 2190 μνησθεὶς
1178 2122 1273 2182 τὰς
1318 2120 1668 2191 ὑπαρχούσας
1706 2122 1854 2193 αὐτῷ

300 2301 324 2338 6
358 2294 486 2338 Thuc
510 2295 530 2337 I
555 2300 609 2338 22
741 2300 796 2340 22
829 2296 878 2339 ef
898 2294 1192 2351 Thucydides
1217 2295 1237 2338 I
1264 2299 1347 2339 138

304 2460 325 2498 1
363 2452 684 2513 ἐγκαταμίγειν
715 2458 807 2500 ΜΡ
841 2458 1221 2514 ἐγκαταμιγνύειν
1253 2458 1290 2502 f:
1325 2471 1425 2501 corr
1455 2457 1763 2514 Kiesslingius

185 2519 209 2556 2
228 2517 451 2570 γοηθειάς
467 2515 502 2556 Ρ
572 2520 598 2558 5
623 2516 861 2571 δεδήλωκα
878 2517 936 2560 Ρ1
964 2519 968 2574 Ι
998 2514 1219 2559 καταλέλι-
1213 2534 1270 2560 -ιν
1288 2516 1344 2558 Ρ1
1365 2517 1372 2575 Ι
1393 2532 1509 2560 ουτω
1534 2517 1558 2559 f
1621 2521 1646 2560 6
1670 2517 1720 2560 τὸ
1738 2516 1850 2561 MP:

186 2571 290 2623 ἴσως
320 2572 369 2616 τὸ
406 2573 477 2617 &f
566 2579 589 2616 7
624 2573 839 2629 φαίνεται
864 2575 975 2620 MP:
1010 2583 1227 2651 φανεῖται
1256 2575 1326 2620 &f
1412 2579 1437 2618 8
1461 2575 1715 2631 γεγονότων
1738 2575 1850 2619 MP:

183 2629 441 2687 γενομένων
470 2631 568 2688 &fl
596 2648 705 2676 ποτε
730 2634 841 2679 MP.
867 2632 976 2678 ποτὲ
1003 2632 1145 2685 αὖθις
1171 2634 1243 2679 &f
1322 2639 1347 2677 9
1379 2634 1682 2689 ἀνθρώπινον
1706 2634 1828 2678 1Θοῑὲ

183 2691 281 2748 καὶ]
306 2705 352 2733 τε
378 2691 456 2733 καὶ
480 2690 515 2732 Ρ
544 2694 548 2747 Ι
578 2690 805 2746 ἐσομένων
838 2693 929 2736 ΜΡ
1016 2697 1070 2736 10
1101 2709 1148 2736 τε
1180 2693 1274 2738 Mf:
1307 2691 1347 2735 τ’
1375 2693 1411 2735 Ρ
1439 2694 1444 2749 Ι
1472 2693 1545 2735 ἀεὶ
1570 2693 1682 2737 MP:
1717 2693 1808 2736 αἰεὶ

274 2754 326 2792 15
354 2746 527 2803 ἱέρειαν
552 2763 655 2792 cum
687 2754 942 2795 correctore
976 2752 1148 2796 codicis
1181 2751 1426 2795 Bodleiani
1450 2750 1849 2806 Βθ131ς1ιιεεὶερὰν

183 2808 308 2850 MPf
425 2813 476 2851 17
511 2807 615 2851 οὔτε
648 2808 790 2851 etiam
823 2810 1028 2854 Sadaeus
1059 2826 1090 2867 p
1116 2816 1222 2855 214:
1257 2807 1364 2854 οὐδὲ
1396 2810 1521 2852 MPf
1637 2815 1689 2853 19
1720 2810 1848 2867 prius

184 2867 262 2911 καὶ
286 2881 359 2910 om
383 2866 418 2908 P
511 2871 563 2909 21
591 2883 775 2922 γνωμας
799 2867 856 2909 Ρ1
889 2869 1087 2924 μνήμαις
1111 2869 1153 2912 ci
1177 2868 1485 2925 Kiesslingius
1514 2871 1564 2912 at
1589 2869 1637 2912 cf
1657 2868 1848 2924 Thucyd

184 2931 232 2982 3,
266 2931 320 2970 36
443 2930 496 2968 22
530 2925 678 2983 βύβλω
710 2925 765 2970 P:
800 2925 936 2984 βίβλω
969 2928 1049 2970 Mf
