2004 3202
1916 87 1953 116 225·
1968 85 1975 109 ἡ

173 134 281 186 364
603 132 943 176 ΔΙΟΝΤΣῙΟΤ
973 129 1439 173 ΑΑΙΚΑΡΝΑΣΕΩΣ

172 274 515 336 πεπαῦσθαι,
561 268 698 320 καλὰ
743 265 832 319 καὶ
878 264 1146 332 ἀναγκαῖα
1190 265 1521 333 θεωρήματα
1567 262 1628 316 ἐν
1680 270 1850 317 πᾶσιν

174 360 306 411 ὄντα
344 365 457 419 τοῖς
495 358 692 426 ἔργοις,
732 354 798 407 οὐ
838 355 929 406 διὰ
959 354 1134 420 πάσης
1172 358 1267 419 τῆς
1299 351 1540 422 ἱστορίας
1572 351 1851 420 φυλάττει.

103 445 170 493 2ἷ)
286 441 712 514 Προειρημένων
772 439 832 494 δὲ
892 441 1104 493 τούτων
1163 441 1554 508 κεφαλαιωδῶς
1607 437 1696 492 ἐπὶ
1755 441 1853 503 τὰς

176 532 478 596 ἀποδείξεις
528 531 710 584 αὐτῶν
758 531 872 599 ὥρα
926 527 1238 597 τρέπεσθαι.
1317 530 1615 597 ποιήσομαι
1669 525 1730 580 δὲ
1783 527 1850 581 οὐ

130 641 149 671 5
175 619 338 689 χωρὶς
398 617 535 689 ὑπὲρ
610 618 833 685 ἑκάστης
895 615 1042 678 ἰδέας
1110 617 1208 668 τὸν
1269 617 1462 685 λόγον,
1530 616 1852 669 ὑποτάττων

175 709 363 771 αὐταῖς
397 709 403 776 Ι
438 709 538 775 τὴν
586 706 935 759 Θουκυδίδου
981 703 1152 773 λέξιν,
1207 703 1346 758 ἀλλὰ
1394 707 1531 758 κατὰ
1581 705 1838 774 περιοχάς
1854 717 1937 759 871
1976 699 1980 747 ῗ

175 815 327 857 τινας
375 795 463 847 καὶ
510 797 734 862 τόπους,
780 787 916 863 μέρη
962 793 1259 862 λαμβάνων
1304 800 1399 862 τῆς
1444 813 1502 846 τε
1553 795 1852 862 διηγήσεως

175 883 265 936 καὶ
304 894 413 936 τῶν
452 884 747 952 ῥητορειῶν
795 880 886 934 καὶ
930 880 1257 951 παρατιθεὶς
1302 891 1418 945 τοῖς
1455 901 1852 953 τεπραγματι-

175 981 291 1034 κοῖς
335 970 424 1024 καὶ
471 980 584 1033 τοῖς
635 975 901 1032 λεκτικοῖς
954 971 1381 1041 κατορθώμασιν
1425 969 1458 1038 ἢ
1507 970 1852 1042 ἁμαρτήμασι

112 1086 151 1113 10
175 1062 268 1122 τὰς
306 1061 496 1127 αἰτιάς,
537 1058 610 1111 δι’
644 1058 705 1120 ἃς
744 1059 970 1111 τοιαῦτά
1001 1058 1137 1111 ε’στι·
1176 1057 1398 1127 δεηθεὶς
1429 1067 1532 1112 σοῦ
1562 1061 1732 1114 πάλιν
1761 1058 1853 1113 καὶ

175 1158 283 1200 τῶν
331 1149 514 1200 ἄλλων
559 1150 876 1216 φιλολόγων
929 1156 1040 1200 τῶν
1091 1146 1494 1218 ἐντευξομένων
1538 1156 1604 1220 τῇ
1649 1157 1854 1220 γραφῇ,

175 1237 232 1287 τὸ
272 1236 520 1304 βούλημά
550 1256 658 1304 μου
696 1243 790 1304 τῆς
820 1234 1141 1299 ὑποθέσεως
1170 1233 1235 1305 ἧς
1265 1234 1578 1308 προῄρημαι
1610 1247 1853 1307 σκοπεῖν,

175 1326 256 1376 ὅτι
295 1326 630 1394 χαρακτῆρός
669 1323 782 1377 ε’στι
821 1325 1057 1392 δήλωσις
1103 1325 1317 1378 ἅπαντα
1362 1330 1749 1396 περιειληφυῖα
1787 1327 1854 1379 τὰ

175 1415 549 1482 συμβεβηκότα
587 1412 733 1484 αὐτςῖ
772 1411 862 1466 καὶ
902 1414 1135 1482 δεόμενα
1174 1415 1369 1482 λόγου,
1410 1415 1617 1468 σκοπὸν
1654 1417 1854 1483 ἔχουσα

109 1523 148 1553 15
173 1502 271 1568 τὴν
310 1499 584 1570 ὠφέλειαν
613 1501 795 1554 αὐτῶν
826 1511 937 1555 τῶν
967 1501 1395 1571 βουλησομένων
1432 1509 1721 1572 μιμεῖσθαι
1755 1504 1854 1556 τὸν

174 1590 362 1658 ἄνδρα.

276 1676 369 1730 Ἐν
408 1677 545 1748 ἀρχῇ
585 1676 685 1748 μὲν
725 1675 828 1732 οὖν
867 1687 965 1732 τοῦ
1011 1682 1310 1749 προοιμίου
1350 1679 1616 1750 προθέσει
1655 1680 1854 1749 χρησά-

173 1785 358 1833 μενος,
399 1766 480 1818 ὅτι
519 1766 772 1835 μέγιστος
813 1767 1026 1836 ἐγένετο
1074 1777 1185 1821 τῶν
1229 1769 1335 1838 πρὸ
1383 1767 1554 1821 αὐτοῦ
1600 1766 1855 1836 πολέμων

174 1854 202 1906 ὁ
238 1857 778 1924 Πελοποννησιακός,
817 1858 952 1909 κατὰ
991 1855 1140 1920 λέξιν
1180 1856 1322 1909 οὕτω
1363 1857 1587 1927 γράφει’
1636 1855 1720 1908 (τὰ
1747 1857 1853 1925 γὰρ

107 1965 150 1994 20
172 1943 277 2011 πρὸ
319 1942 500 1995 αὐτῶν
537 1942 627 1996 καὶ
672 1945 737 1996 τὰ
785 1947 864 1997 ε”τι
910 1947 1242 2015 παλαιότερα
1290 1954 1477 2014 σαφῶς
1523 1941 1625 2014 μὲν
1670 1944 1857 2014 εὑρεῖν

174 2032 265 2083 διὰ
305 2033 508 2099 χρόνου
546 2036 759 2100 πλῆθος
798 2032 1077 2086 ἀδύνατον
1107 2029 1198 2102 ἧν·
1238 2031 1297 2085 ἐκ
1329 2030 1390 2086 δὲ
1420 2035 1743 2103 τεκμηρίων,
1775 2027 1856 2084 ὧν

175 2117 259 2170 ἐπὶ
314 2121 653 2189 μακρότατον
699 2124 1002 2174 σκοποῦντί
1048 2141 1142 2190 μοι
1189 2120 1387 2190 ξυνέβη
1433 2128 1736 2189 πιστεῦσαι,
1786 2119 1853 2173 οὐ

174 2207 379 2273 μεγάλα
418 2211 615 2276 νομίζω
648 2208 908 2276 γενέσθαι
942 2210 1068 2263 οὔτε
1098 2211 1234 2263 κατὰ
1265 2212 1394 2273 τοὺς
1423 2208 1697 2280 πολέμους
1728 2210 1854 2262 οὔτε

176 2295 251 2355 εἰς
296 2296 360 2346 τὰ
407 2297 557 2348 ἄλλα.
594 2296 598 2342 ἱ
635 2300 887 2365 φαίνεται
936 2299 1039 2368 γὰρ
1078 2298 1111 2366 ἡ
1152 2306 1258 2351 νῦν
1290 2298 1482 2361 Ἑλλὰς
1528 2296 1837 2367 καλουμένη
1855 2309 1940 2351 872

111 2402 151 2431 κε,
177 2381 242 2431 οὐ
288 2383 453 2434 πάλαι
500 2387 732 2451 βεβαίως
778 2385 1095 2455 οἰκουμένη,
1143 2386 1281 2440 ἀλλὰ
1326 2387 1747 2456 μεταναστάσεις
1795 2403 1853 2438 τε

302 2543 351 2581 19
384 2539 510 2582 Thue
537 2541 554 2583 Ι
584 2548 603 2583 1

298 2688 323 2726 5
355 2684 436 2727 τὸν
469 2686 604 2742 λόγον
630 2688 666 2731 f:
699 2695 788 2731 τῶν
821 2689 966 2745 λόγων
983 2691 1076 2734 MP
1191 2697 1215 2736 8
1250 2691 1523 2750 ῤἠτοειῶνΡ
1552 2695 1556 2749 Ι
1584 2700 1680 2743 τοῖς
1703 2707 1750 2735 τε
1775 2707 1851 2747 πρ.

182 2743 259 2785 καὶ
293 2756 365 2785 om
391 2743 448 2808 Ιῗῑ
607 2751 658 2788 15
692 2753 782 2790 τῶν
815 2761 888 2790 om
920 2749 976 2790 P¹
1101 2756 1154 2794 19
1187 2751 1244 2794 τὰ
1275 2751 1364 2808 γὰρ
1397 2752 1485 2806 πρὸ
1519 2751 1671 2795 αὐτῶν
1703 2750 1753 2793 in
1783 2750 1853 2794 la-

179 2814 299 2844 cuna
331 2815 501 2845 omlssa
532 2803 669 2846 rubro
703 2805 887 2860 supplet
918 2806 965 2848 M
1094 2815 1146 2852 ⁶21
1181 2810 1395 2854 ἀδύνατα
1430 2812 1470 2854 Θ
1502 2810 1583 2853 sed
1616 2809 1854 2854 ἀδύνατον

180 2859 298 2902 codd
331 2859 429 2903 FG
590 2867 642 2904 22
677 2862 842 2920 ξυνέβη
876 2865 1002 2919 (ξυμέ
1035 2883 1061 2922 η
1094 2867 1166 2923 P1)
1201 2876 1438 2912 πιστεῦσαι
1470 2868 1583 2912 MP:
1617 2875 1854 2911 πιστεῦσαι

181 2916 419 2975 ξυμβαίνει
450 2919 518 2963 ΓΘ
550 2920 598 2962 cf
619 2926 791 2974 355,10
914 2928 968 2965 ‘24
1019 2941 1039 2973 ς
1063 2924 1133 2968 f&
