1958 3192
125 104 198 157 20
547 102 886 146 ΔΙΟΝΥΣΙΟΤ
917 101 1383 143 ΑΛΙΚΑΡΝΑΣΕΩΣ

127 242 330 307 ἄλογον
369 243 648 307 αἴσθησιν,
689 236 809 290 οὐδ’
852 236 947 289 ἐὰν
983 236 1131 288 πάνυ
1170 235 1352 297 δεινὸς
1390 230 1531 287 εἶναι
1562 236 1628 287 τὰ
1659 242 1799 302 γοῦν

127 330 265 381 ἄλλα
303 348 396 396 μοι
435 328 567 397 δοκῇ
600 324 689 378 καὶ
720 334 981 396 περιττῶς
1014 321 1425 393 ἐξειργασμένος
1457 323 1485 376 ὁ
1519 325 1695 390 λόγος,
1735 323 1796 375 τὸ

126 413 228 485 μὲν
266 412 326 468 εὗ
365 416 601 485 γράφειν
638 419 861 475 πολλοῖς
900 414 1149 480 οἰόμενος
1185 411 1453 482 ὑπάρχειν
1481 412 1617 464 κατά
1646 430 1800 473 τινας

126 502 216 557 καὶ
256 506 456 565 ἄλλους
497 504 673 564 ἰδίους
719 501 909 565 λέξεως
954 506 1293 570 χαρακτῆρας
1339 496 1649 570 (πολυειδὲς
1694 500 1799 569 γὰρ

83 613 104 645 5
128 590 332 663 τοῦτο),
363 593 424 644 τὸ
458 590 508 643 δ’
544 589 715 659 ἡδέως
746 588 834 642 καὶ
865 586 1265 657 κεχαρισμένως
1299 586 1389 640 καὶ
1423 587 1801 658 ἐπαφροδίτως

131 684 326 751 Λυσίᾳ.

238 770 505 838 τεκμηρίῳ
546 765 597 834 γ’
638 762 739 818 οὖν
773 765 874 818 οὐκ
906 766 1050 836 ἄλλῳ
1083 763 1193 818 τινὶ
1223 768 1494 835 κρείττονι
1525 766 1802 835 χρώμενος

129 857 161 925 ἢ
201 864 275 928 τῷ
313 855 442 909 καθ’
481 855 688 923 ἡδονὴν
728 853 1127 923 ἑρμηνεύεσθαι
1165 855 1231 906 τὰ
1267 854 1375 906 ὑπὸ
1411 854 1613 906 τούτου
1651 855 1804 920 λεγό-

45 952 112 1004 12
131 966 267 1015 μενα
314 938 402 1016 [ᾧ]
450 945 688 1005 πολλοὺς
726 943 830 1010 ἤδη
881 951 992 994 τῶν
1038 940 1466 1012 ἀναφερομένων
1512 943 1588 1004 εἰς
1635 941 1804 994 αὐτὸν

64 1056 106 1087 10
131 1037 311 1102 λόγων
350 1031 439 1085 καὶ
477 1029 923 1099 πεπιστευμένων
959 1031 1068 1083 ὑπὸ
1107 1038 1207 1084 τοῦ
1245 1033 1515 1099 πλήθους,
1553 1031 1625 1092 ὡς
1665 1027 1806 1082 εἰσὶν

132 1122 191 1175 ἐν
236 1130 350 1183 τοῖς
396 1122 543 1173 πάνυ
585 1122 832 1188 γνησίοις
872 1122 1111 1188 Λυσιόυ,
1165 1118 1256 1172 καὶ
1302 1120 1368 1172 τά
1414 1139 1476 1187 γε
1522 1120 1660 1172 ἄλλα
1706 1117 1806 1185 οὐκ

131 1210 342 1271 ἀτόπως
380 1211 625 1277 ἔχοντας,
678 1208 761 1261 ὅτι
799 1208 901 1276 τὴν
937 1209 1100 1279 χάριν
1138 1208 1205 1260 οὐ
1251 1209 1661 1278 προσβάλλουσι
1707 1207 1807 1274 τὴν

132 1298 414 1365 Λυσιακὴν
475 1293 605 1349 οὐδὲ
666 1297 767 1364 τὴν
827 1296 1122 1365 εὐστομίαν
1175 1298 1398 1365 ἔχουσιν
1452 1295 1660 1364 ἐκείνης
1712 1303 1807 1362 τῆς

132 1385 339 1454 λέξεως,
369 1382 730 1456 ὑποπτεύΙσας
762 1404 819 1437 τε
849 1383 940 1437 καὶ
971 1387 1271 1453 βασανίσας
1303 1381 1469 1455 εὗρον
1500 1384 1600 1437 οὐκ
1625 1386 1786 1445 ὄντας
1809 1403 1894 1444 478

66 1495 107 1526 15
134 1477 361 1526 Λυσίου.
431 1468 509 1526 ὧν
549 1472 661 1525 ε’στι
699 1471 791 1525 καὶ
830 1472 859 1526 ὁ
897 1471 1023 1543 περὶ
1061 1479 1156 1541 τῆς
1187 1471 1531 1543 Ἰφικράτους
1579 1474 1808 1540 εἰκόνος,

133 1562 199 1614 ὃν
237 1558 344 1614 οἷδ’
392 1562 474 1614 ὅτι
521 1559 717 1614 πολλοὶ
763 1560 854 1613 καὶ
899 1569 1211 1632 χαρακτῆρα
1259 1561 1555 1630 ἡγήσαιντο
1603 1560 1673 1614 ἂν
1719 1559 1808 1613 καὶ

133 1653 338 1703 κανόνα
387 1656 480 1717 τῆς
527 1649 740 1702 ε’κείνου
786 1650 1083 1718 δυνάμεως.
1154 1646 1315 1712 οὗτος
1353 1648 1540 1718 μέντοι
1580 1649 1608 1702 ὁ
1649 1651 1811 1716 λόγος

135 1739 163 1791 ὁ
203 1737 292 1790 καὶ
331 1746 444 1800 τοῖς
483 1738 750 1806 ὀνόμασιν
786 1738 1169 1809 ἡρμηνεῦσθαι
1209 1740 1391 1792 δοκῶν
1432 1740 1668 1808 ἰσχυρῶς
1719 1736 1810 1790 καὶ

135 1835 249 1887 τοῖς
282 1825 662 1895 ἐνθυμήμασιν
694 1827 964 1897 εὑρῆσθαι
994 1836 1256 1897 περιττῶς
1287 1825 1377 1879 καὶ
1410 1828 1577 1889 ἄλλας
1607 1828 1813 1888 πολλὰς

71 1935 113 1967 20
137 1915 329 1984 ἀρετὰς
368 1917 507 1982 ἔχων
545 1916 734 1984 ἄχαρίς
773 1915 886 1968 ε’στι
924 1913 1015 1968 καὶ
1053 1919 1263 1968 πολλοῦ
1302 1917 1387 1969 δεῖ
1428 1916 1488 1968 τὸ
1530 1916 1813 1968 Λυσιακὸν

137 2002 448 2071 ἐπιφαίνειν
494 2005 677 2078 στόμα.
746 2005 977 2072 μάλιστα
1016 2002 1067 2056 δ’
1108 2002 1321 2072 ἐγένετό
1361 2024 1453 2072 μοι
1496 2002 1814 2072 καταφανὴς

138 2090 219 2142 ὅτι
260 2089 359 2158 οὐχ
397 2088 501 2142 ὑπ”
533 2090 744 2143 ἐκείνου
783 2099 882 2143 τοῦ
922 2091 1152 2162 ῥήτορος
1187 2090 1191 2162 Ι
1229 2091 1458 2162 ἐγράφη,
1497 2093 1628 2153 τοὺς
1665 2093 1790 2161 χρό-
1813 2111 1899 2151 479
1952 2098 1958 2155 ἓ

138 2198 268 2239 νους
307 2178 766 2251 ἀναλογισαμένῳ.
829 2181 875 2233 εἰ
905 2182 1010 2251 γὰρ
1043 2181 1476 2249 ὀγδοηκονταετῆ
1510 2181 1812 2248 γενόμενον
1954 2174 1958 2266 Ι

260 2371 280 2408 1
316 2363 422 2409 οὐδὲ
456 2363 515 2410 ἂν
547 2366 655 2409 libri
686 2382 715 2410 v
758 2370 762 2424 Ι
806 2366 851 2424 y’
882 2366 967 2413 οὖν
997 2369 1170 2413 PBGv
1290 2375 1315 2412 2
1357 2371 1488 2413 δοκεῖ
1525 2367 1608 2411 GF
1624 2381 1725 2410 corr
1763 2367 1813 2410 in
1954 2297 1958 2406 Ι

141 2426 276 2479 δοκῆι
310 2426 316 2480 Ι
356 2425 379 2468 ὁ
411 2423 827 2481 λόγος-οἰόμενος
855 2427 928 2470 bis
960 2429 996 2472 P
1086 2433 1114 2471 4
1145 2426 1306 2480 λέξεως
1337 2427 1527 2483 Taylor:
1562 2425 1695 2479 ἕξεως
1955 2418 1958 2433 ’

142 2487 167 2525 5
206 2482 257 2526 τὸ
297 2480 344 2525 δ’
382 2481 526 2539 ἡδέως
564 2484 643 2527 καὶ
682 2498 733 2528 a:
780 2486 808 2541 ἡ
845 2484 895 2528 δὲ
929 2488 989 2538 ὡς
1019 2488 1099 2531 καὶ
1131 2487 1166 2530 F
1206 2501 1281 2531 sec
1319 2486 1668 2530 Desrousseaux
1699 2484 1727 2541 ἡ
1761 2482 1813 2528 δὲ

141 2542 201 2591 ὡς
240 2543 335 2584 cett
455 2547 479 2585 6
513 2549 625 2597 γοῦν
658 2543 828 2587 PBGv
865 2545 979 2589 haec
1018 2547 1163 2590 uerba
1202 2546 1263 2590 ad
1302 2544 1545 2600 sequentia
1582 2543 1815 2588 trahenda

142 2613 241 2644 esse
295 2599 597 2643 Marklandus
653 2600 774 2644 uidit
909 2609 932 2646 7
986 2607 1199 2661 praestat
1250 2605 1573 2662 ἡρμηνεῦσθαι
1706 2608 1731 2646 9
1781 2595 1816 2661 ᾧ

143 2658 334 2703 seclusit
372 2658 674 2702 Marklandus
710 2663 716 2716 1
751 2660 1123 2718 ἀναφερωμένων
1155 2665 1203 2708 Μ
1325 2668 1377 2706 13
1412 2660 1630 2719 εὐτομίαν
1662 2662 1697 2705 Ρ

145 2722 198 2762 18
229 2717 552 2774 ἡρμηνεύσθαι
577 2717 1089 2776 (εἰῶ-ἐνθυμήμασιν
1131 2723 1181 2766 in
1218 2737 1298 2779 mg
1337 2722 1396 2765 F¹
1445 2723 1450 2781 Ι
1501 2722 1692 2779 ἰσχυρῶς
1736 2720 1817 2764 καὶ

142 2776 192 2819 in
221 2790 297 2820 ras
329 2776 386 2819 F¹
507 2781 560 2819 19
594 2778 821 2832 εὑρῆσθαι
857 2779 1115 2826 Dobraeus:
1157 2782 1374 2838 εἰρῆσθαι
1494 2785 1550 2823 20
1589 2779 1668 2823 καὶ
1706 2776 1815 2822 οὐδὲ

143 2837 313 2938 731λέοέ
323 2834 392 2919 1Μ
424 2837 470 2878 et
502 2834 538 2877 B
571 2835 650 2890 qui
682 2835 731 2878 in
761 2851 839 2892 mg
870 2838 949 2881 καὶ
980 2842 1147 2884 πολλοῦ
1179 2841 1324 2884 habet
1359 2841 1365 2899 1
1400 2847 1480 2884 τοῦ
1513 2843 1748 2883 Λυσιακοῦ
1780 2837 1816 2880 F
