2004 3202
749 166 1173 210 ΔΗΜΟΣΘΕΝΗΣ
1694 167 1798 219 159

120 305 295 370 λόγος.
372 304 419 355 εἰ
465 299 567 371 μὲν
612 298 715 354 οὖν
761 304 964 371 χρόνον
1011 301 1286 370 ἀρκοῦντα
1340 296 1506 369 εἶχον,
1560 300 1649 354 καὶ
1704 304 1798 365 τὰς

119 391 289 456 λέξεις
328 391 495 453 αὐτὰς
535 388 604 442 ἂν
635 394 957 459 παρετίθην.
1018 394 1240 443 πολλῶν
1272 388 1338 441 δέ
1372 410 1464 458 μοι
1503 388 1593 441 καὶ
1633 389 1797 457 ἀναγ-

119 484 291 533 καίων
329 482 409 532 ἔτι
451 478 944 547 καταλειπομένων,
991 486 1152 532 τοῦτο
1192 475 1293 547 μὲν
1332 477 1496 545 ε’άσω,
1545 479 1797 547 δείγμασι

119 567 180 622 δὲ
219 571 393 638 μόνον
433 567 494 620 ἐν
531 575 607 639 τῷ
644 570 878 637 παρόντι
918 569 1186 637 χρήσομαι
1225 558 1587 637 βραχυτάτοις
1626 567 1698 629 ὡς
1739 567 1798 619 έν

118 659 293 711 εἰδόσι
333 656 523 725 λέγων.
586 659 700 709 ἔστι
734 657 801 724 δὴ
842 658 906 709 τὰ
945 663 1170 709 τοιαῦτα
1201 663 1299 708 τοῦ
1331 654 1502 724 μέσου
1533 664 1797 726 χαρακτῆ-

119 767 215 816 ρος
267 747 681 816 παραδείγματα
728 744 785 797 ἐκ
839 742 940 814 μὲν
985 752 1079 812 τῆς
1128 745 1398 813 Αἰσχίνου
1443 747 1797 814 κατηγορίας·

118 834 254 887 (Ἀεὶ
301 826 402 903 μὲν
448 836 578 903 γάρ,
626 831 666 886 ὦ
716 835 913 903 ἄνδρες
950 832 1262 901 Ἀθηναῖοι,
1308 835 1571 903 προσήκει
1617 842 1798 902 μισεῖν

116 923 206 976 καὶ
246 925 495 988 κολάζειν
533 925 662 984 τοὺς
700 923 972 992 προδότας
1010 920 1100 974 καὶ
1142 923 1514 991 δωροδόκους,
1563 923 1797 991 μάλιστα

117 1010 178 1065 δὲ
217 1021 323 1066 νῦν
363 1011 450 1065 ἐπὶ
490 1020 588 1065 τοῦ
635 1019 832 1080 καιροῦ
872 1011 1072 1064 τούτου
1119 1009 1317 1078 γένοιτ’
1353 1010 1423 1063 ἂν
1461 1010 1551 1063 καὶ
1590 1011 1797 1072 πάντας

118 1101 452 1170 ὠφελήσειεν
492 1101 826 1170 ἀνθρώπους
865 1108 1037 1170 κοινῇ.
1103 1102 1315 1168 νόσημα
1354 1101 1476 1169 γάρ,
1516 1096 1557 1152 ὦ
1599 1101 1797 1170 ἄνδρες

110 1189 416 1258 Ἀθηναῖοι,
457 1190 645 1242 δεινὸν
677 1187 1021 1257 ἐμπέπτωκεν
1052 1189 1130 1250 εἰς
1167 1189 1268 1256 τὴν
1301 1187 1535 1241 Ἐλλάδα
1574 1187 1664 1241 καὶ
1704 1209 1797 1257 χα-

117 1281 301 1346 λεπόν,
342 1278 370 1330 ὃ
411 1282 616 1345 πολλῆς
654 1297 804 1339 τινος
844 1277 1097 1345 εὐτυχίας
1134 1276 1224 1329 καὶ
1264 1276 1388 1346 παρ’
1419 1277 1577 1346 ὑμῶν
1617 1277 1796 1345 ἐπιμε-

28 1381 112 1420 997
140 1370 287 1429 λείας
320 1366 625 1437 δεόμεινον’
665 1364 754 1418 καὶ
789 1367 924 1433 (τὰ)
958 1364 1195 1434 ἑπόμενα
1225 1366 1455 1427 τούτοις.
1519 1365 1577 1418 ἐκ
1610 1363 1670 1418 δὲ
1702 1373 1796 1434 τῆς

108 1455 562 1525 Ἀριστοκράτους
607 1457 958 1523 κατηγορίας·
1006 1455 1218 1507 ςΠολλοὶ
1260 1451 1362 1522 μὲν
1402 1455 1467 1522 δὴ
1508 1454 1631 1524 παρ’
1664 1454 1797 1523 ἡμῖν

116 1544 227 1597 ἐστι
275 1552 525 1610 τοιαῦτα,
575 1536 663 1596 οἶα
710 1543 810 1611 οὐχ
859 1541 1114 1612 ἑτέρωθι,
1163 1543 1225 1595 ἓν
1271 1541 1320 1594 δ’
1358 1539 1461 1595 οὖν
1506 1544 1797 1596 ἰδιώτατον

114 1634 337 1686 πάντων
367 1631 458 1686 καὶ
491 1635 825 1701 σεμνότατον
849 1633 909 1684 τὸ
937 1631 997 1683 έν
1019 1630 1211 1702 Ἀρείῳ
1243 1632 1398 1703 πάγῳ
1424 1633 1795 1701 δικαστήριον,

113 1721 238 1792 περὶ
272 1718 338 1775 οὗ
370 1722 609 1775 τοσαῦτά
641 1721 755 1774 ἐστι
794 1723 933 1774 καλὰ
971 1720 1391 1791 παραδεδομένα
1430 1720 1520 1773 καὶ
1561 1722 1796 1789 μυθώδη

115 1809 204 1863 καὶ
237 1807 316 1863 ὧν
347 1810 503 1864 αὐτοὶ
543 1811 815 1880 μάρτυρες
848 1809 1027 1879 ἐσμέν,
1067 1811 1168 1863 ὅσα
1206 1809 1331 1879 περὶ
1364 1810 1592 1872 οὐδενὸς
1625 1811 1797 1862 ἄλλου

116 1900 500 1969 δικαστηριόυ’
547 1898 637 1951 καὶ
684 1901 750 1952 τὰ
798 1898 930 1967 ἑξῆς.
1008 1899 1066 1952 ἐκ
1106 1896 1166 1951 δὲ
1213 1907 1312 1952 τοῦ
1357 1898 1482 1969 περὶ
1529 1909 1640 1952 τῶν
1679 1899 1796 1951 ἀτε-

115 1993 280 2040 λειῶν
312 1990 506 2055 λόγου·
542 1988 799 2057 ςΠρῶτον
830 1985 932 2056 μὲν
963 1991 1158 2040 τοίνυν
1180 1990 1418 2040 Κόνωνα
1451 1997 1715 2056 σκοπεῖτε,
1749 1989 1796 2040 εἰ

115 2078 221 2146 ἄρα
253 2075 408 2139 ἄξιον
438 2075 959 2145 καταμεμψαμένους
989 2075 1021 2144 ἢ
1054 2077 1152 2128 τὸν
1184 2077 1360 2145 ἄνδρα
1392 2075 1424 2143 ἢ
1458 2077 1522 2128 τὰ
1556 2094 1795 2144 πεπραγ-

113 2164 251 2233 μένα
291 2166 499 2234 ἄκυρόν
537 2185 589 2216 τι
627 2172 849 2232 ποιῆσαι
890 2174 1000 2216 τῶν
1041 2164 1228 2236 ἐκείνῳ
1270 2163 1568 2217 δοθέντων.
1634 2160 1796 2225 οὗτος

114 2254 244 2323 γάρ,
299 2254 372 2315 ὡς
425 2253 582 2322 ὑμῶν
635 2261 804 2305 τινῶν
858 2255 1007 2306 ἔστιν
1060 2252 1290 2305 ἀκοῦσαι
1345 2262 1455 2304 τῶν
1507 2253 1642 2304 κατὰ
1695 2251 1795 2318 τὴν

1821 1117 1863 1148 10

1823 1558 1865 1591 15

1819 2003 1862 2035 20

234 2389 257 2427 7
290 2383 625 2427 Demosthenes
667 2383 723 2426 de
755 2382 876 2426 falsa,
915 2382 1150 2439 legatione
1191 2396 1242 2426 or
1273 2382 1378 2425 XIX
1404 2387 1488 2426 258
1613 2386 1667 2424 14
1706 2381 1822 2424 De·-

114 2443 379 2487 mosthenes
411 2440 513 2487 κατ’
542 2441 912 2497 Ἀριστοκράτους
944 2455 995 2486 or
1025 2442 1174 2485 XXIII
1200 2447 1255 2485 65
1369 2446 1426 2484 20
1457 2440 1793 2485 Demosthenes

113 2502 229 2557 πρὸς
259 2500 494 2559 Λεπτίνην
526 2515 577 2544 or
608 2501 690 2543 XX
716 2505 771 2544 68

233 2627 258 2664 3
279 2627 413 2664 τοῦτο
429 2622 595 2677 postea
616 2619 709 2662 add
726 2619 773 2679 Μ
835 2623 862 2661 4
887 2619 1214 2676 βραχυτούτοις
1231 2619 1267 2661 Ρ
1319 2618 1517 2662 ἐνειδόσι
1534 2619 1568 2662 Ρ
1631 2623 1657 2661 5
1685 2617 1792 2661 ἔστω

115 2678 295 2736 Kriiger
371 2685 396 2722 6
422 2677 674 2737 αἰσχ[ί]νου
699 2692 804 2721 oum
823 2692 898 2721 ras
919 2677 967 2720 M
1043 2683 1065 2721 7
1092 2677 1300 2736 [ἄν]δρες
1324 2691 1429 2721 cum
1449 2692 1523 2721 ras
1546 2678 1593 2720 M
1667 2682 1691 2719 9
1718 2677 1793 2720 ἐπὶ

115 2745 280 2793 καιροῦ
305 2745 439 2782 τοῦτο
456 2738 497 2781 D
583 2743 635 2781 12
663 2735 686 2781 ὃ
712 2737 792 2781 καὶ
816 2736 854 2779 D
885 2739 890 2793 Ι
919 2734 1206 2794 εὐτυχίαςΙ);
1233 2735 1477 2794 συντυχίας
1497 2736 1674 2779 MBPV

117 2801 171 2839 13
202 2796 260 2840 τὰ
292 2797 388 2840 add
412 2797 686 2854 Sylburgius
780 2800 833 2839 15
867 2792 945 2839 οἷα
973 2793 1049 2839 οἷα
1074 2796 1110 2839 Ρ
1154 2795 1230 2840 οἷα
1261 2795 1337 2840 οἵα
1362 2795 1399 2838 Β
1493 2801 1545 2839 17
1573 2793 1689 2850 ὑπὲρ
1714 2794 1753 2836 D
1783 2794 1788 2850 Ι

117 2853 236 2900 ἐστιν
269 2855 417 2900 εἰπεῖν
448 2855 567 2900 καλὰ
599 2871 627 2899 v
653 2869 707 2899 ex
739 2854 778 2898 D
819 2858 824 2910 Ι
863 2855 1053 2910 μυθώδε
1077 2855 1112 2898 Ρ
1204 2860 1259 2898 20
1291 2853 1464 2899 κόνων’
1489 2855 1731 2898 ἀσκοπεῖτε
1756 2853 1791 2893 Ρ

233 2919 287 2957 21
321 2913 600 2980 μέμψασθαι
632 2911 960 2987 μεμψαμένους
983 2914 1019 2957 Ρ
1066 2912 1395 2970 μεμψαμένους
1419 2913 1455 2956 Β
1490 2916 1495 2971 Ι
1532 2915 1654 2970 αὐτῷ
1685 2913 1791 2967 post:

117 2971 415 3030 πεπραγμένα
444 2989 470 3018 v
561 2979 615 3017 22
649 2973 838 3017 ἐκεινων
863 2973 899 3015 Ρ
990 2978 1044 3015 23
1077 2973 1196 3029 ἀνὴρ
1227 2975 1335 3029 post
1365 2971 1452 3029 γὰρ
1477 2988 1504 3015 v
1544 2975 1550 3027 Ι
1595 2971 1685 3014 ἔστι
1709 2969 1790 3011 ΒΡ
