2004 3202
237 124 346 176 426
659 126 998 168 ΔΙΟΝΥΣΙΟΤ
1028 126 1495 171 ΑΑΙΚΑΡΝΑΣΕΩΣ

235 261 470 328 ματικὴν
510 259 570 312 ἐν
599 262 851 313 πλείοσιν
890 260 1156 329 ὀνόμασιν
1186 259 1218 328 ἢ
1253 260 1490 330 ῥήμασιν
1523 259 1722 332 ἐκφέρῃ
1762 279 1915 331 περι·
1987 299 1991 318 ;

236 349 459 419 φράζων
496 349 598 417 τὴν
636 348 809 417 αὐτὴν
847 351 1066 416 νόησιν,
1116 349 1378 417 τοιαύτην
1421 358 1568 402 ποιεῖ
1604 349 1705 417 τὴν
1744 349 1912 414 λέξιν·

239 433 338 505 εἦν
378 438 481 507 γὰρ
522 437 550 490 ὁ
596 440 963 506 Θεμιστοκλῆς
1009 439 1333 505 βεβαιότατα
1381 438 1447 506 δὴ
1495 439 1712 507 φύσεως
1753 441 1913 508 ἰσχὺν
1986 464 1989 506 j

237 526 487 593 δηλώσας
531 524 622 578 καὶ
669 527 1043 595 διαφερόντως
1089 546 1140 578 τι
1189 525 1243 589 ἐς
1289 526 1421 579 αὐτὸ
1468 532 1678 596 μᾶλλον
1725 525 1913 598 ἑτέρου

189 628 212 660 5
237 614 386 678 ἄξιος
424 614 743 683 θαυμάσαι.’
813 612 902 665 καὶ
941 614 1050 682 μὴν
1091 613 1150 666 ἐν
1188 621 1264 685 τῷ
1304 613 1571 683 ἐπιταφίῳ
1611 614 1912 686 γέγραφεν·
1984 597 1992 679 ζ

237 703 375 757 “οὐδ’
416 700 484 756 αὖ
524 705 658 756 κατὰ
695 705 910 770 πενιάν,
950 705 1090 771 ἔχων
1129 701 1194 755 δέ
1227 723 1279 755 τι
1320 702 1536 770 ἀγαθὸν
1574 705 1773 774 δρᾶσαι
1811 705 1913 773 τὴν
1987 693 1991 730 Ῐ

233 795 415 860 πόλιν,
471 791 773 860 ἀξιώματος
827 788 1063 862 ἀφανείᾳ
1115 792 1464 844 κεκώλυται’·
1517 790 1607 845 καὶ
1654 794 1758 863 γὰρ
1807 791 1909 865 ε’νΙ
1988 806 1990 810 “

233 883 450 943 τούτοις
496 882 556 933 τὸ
617 881 894 949 σύντομον
946 889 1093 933 ποιεῖ
1137 882 1235 933 τὸν
1274 883 1443 948 λόγον
1492 889 1770 950 τοιοῦτον,
1825 882 1897 944 ὡς
1916 900 1968 940 79

236 969 322 1022 ἐπὶ
369 977 467 1022 τοῦ
516 970 960 1038 Λακεδαιμονίου
1007 970 1255 1039 Βρασίδα
1301 968 1550 1038 τέθηκεν,
1606 971 1694 1023 ὅτε
1748 973 1912 1040 μαχό-

167 1075 209 1106 10
233 1078 396 1127 μενος
433 1056 559 1128 περὶ
596 1059 792 1111 Πύλον
825 1057 929 1110 ἀπὸ
962 1065 1056 1125 τῆς
1088 1059 1224 1120 νεὼς
1256 1062 1588 1128 τραυματίας
1619 1062 1912 1129 γενόμενος

235 1146 503 1211 ἐξέπεσεν·
545 1147 827 1209 “πεσόντος
859 1143 921 1199 δὲ
953 1146 1145 1199 αὐτοῦ’
1186 1150 1357 1215 φησίν
1396 1147 1492 1209 (εἰς
1530 1148 1631 1216 τὴν
1668 1147 1911 1219 παρεξει-

233 1239 423 1306 ρεσίαν
479 1236 511 1304 ἡ
568 1234 730 1298 ἀσπὶς
781 1236 1113 1306 περιερρύη.’
1201 1236 1456 1304 βούλεται
1509 1238 1614 1307 γὰρ
1677 1238 1910 1305 δηλοῦν·

233 1325 515 1387 επεσόντος
563 1321 623 1377 δὲ
670 1323 843 1377 αὐτοῦ
890 1323 989 1388 ἔξω
1037 1332 1131 1392 τῆς
1176 1325 1313 1387 νεὼς
1364 1323 1450 1377 ἐπὶ
1498 1326 1564 1378 τὰ
1608 1324 1910 1396 προέχοντα

231 1411 366 1484 μέρη
406 1421 500 1482 τῆς
539 1413 793 1483 εἰρεσίας’
835 1413 936 1482 [εἰς
974 1413 1295 1482 θάλατταν]

179 1502 212 1554 5
334 1500 429 1554 Ἐν
454 1495 535 1564 οἷς
560 1499 620 1554 δὲ
645 1503 710 1554 τὰ
743 1502 1009 1570 ῥηματικὰ
1037 1504 1202 1572 μόρια
1226 1509 1320 1570 τῆς
1351 1499 1543 1564 λέξεως
1575 1502 1908 1571 ὀνοματικῶς

166 1606 206 1637 16
232 1594 558 1660 σχηματίζει,
597 1591 857 1658 τοιαύτην
895 1599 1043 1643 ποιεῖ
1080 1591 1180 1658 τὴν
1219 1591 1447 1659 φράσιν·
1487 1592 1636 1642 ἔστιν
1667 1587 1728 1642 δὲ
1760 1590 1907 1661 αὐτῷ

229 1681 367 1749 πρὸς
413 1679 746 1747 Ἀθηναίους
799 1679 827 1732 ὁ
882 1681 1192 1747 Κορίνθιος
1247 1678 1307 1730 ἐν
1359 1687 1422 1748 τῇ
1478 1680 1665 1748 πρώτῃ
1719 1679 1906 1750 βύβλῳ

229 1769 358 1820 τάδε
413 1767 608 1835 λέγων·
664 1768 1020 1835 ςδικαιώματα
1073 1763 1175 1836 μὲν
1230 1763 1332 1819 οὖν
1385 1768 1513 1819 τάδε
1576 1768 1713 1838 πρὸς
1766 1768 1907 1836 ὑμᾶς

230 1859 448 1925 ἔχομεν,
496 1859 822 1926 παραίνεσιν
869 1852 930 1907 δὲ
977 1853 1068 1907 καὶ
1115 1854 1341 1919 ἀξίωσιν
1387 1857 1605 1926 χάριτος
1651 1856 1906 1909 τοιάνδἐ.’

162 1959 207 1992 20
230 1946 290 1996 τὸ
317 1946 420 2014 γὰρ
446 1954 794 2014 παραινεῖν
823 1942 913 1996 καὶ
947 1941 1176 2006 ἀξιοῦν
1208 1944 1418 2013 ῥήματα
1442 1946 1573 1997 ὄντα
1610 1945 1906 2013 ὀνοματικὰ

348 2123 373 2162 3
407 2119 534 2162 Thuc
559 2119 580 2162 I
605 2123 688 2162 138
811 2123 836 2162 6
869 2118 910 2161 Π
935 2123 988 2161 37
1113 2122 1163 2160 11
1198 2118 1261 2161 IV
1290 2123 1340 2160 12
1466 2123 1518 2162 18
1551 2119 1647 2161 141

349 2285 370 2322 1
407 2279 664 2336 ἐμπλείοσιν
690 2281 745 2324 P:
780 2281 829 2325 ἐν
862 2280 1038 2324 deleuit
1061 2281 1396 2324 Herwerdenus
1488 2286 1516 2324 4
1547 2298 1589 2324 τι
1615 2281 1660 2331 ἐς
1696 2281 1807 2325 αὐτὸ
1834 2281 1902 2325 Gs

226 2354 298 2382 τισ
329 2354 415 2382 σαυ
447 2356 498 2383 το
531 2340 566 2382 Ρ
597 2338 665 2390 τίς
698 2340 867 2384 σαυτὸν
892 2354 943 2384 a:
973 2348 1045 2383 τϊσ
1076 2340 1220 2384 αὐτὸν
1251 2339 1291 2382 D
1322 2354 1395 2383 τι*
1428 2340 1571 2384 αὐτὸν
1596 2339 1627 2383 C
1723 2346 1748 2383 5
1780 2343 1902 2384 θαν-

228 2405 370 2453 μᾶσαι
386 2398 421 2439 Ρ
505 2403 530 2441 8
563 2399 613 2442 τὸ
640 2399 886 2473 σύντομον]
911 2399 961 2442 τὸ
988 2398 1329 2454 σημαινόμενον
1349 2398 1385 2441 Ρ
1395 2413 1423 2441 a
1448 2397 1730 2456 σχηματίζων
1756 2399 1902 2455 ὄνομα

228 2457 270 2500 ci
303 2457 566 2512 Kruegerus
597 2457 648 2500 τὸ
683 2472 1023 2514 σημαινομενον
1041 2458 1143 2517 <εἰς
1175 2457 1224 2501 ἓν
1253 2455 1501 2516 συνάγων>
1526 2458 1581 2501 Η.
1601 2458 1901 2502 Schenkelius

227 2516 438 2559 Zeitschr.
464 2518 497 2569 f.
523 2521 672 2560 ‹Jstffl-r.
703 2518 866 2573 Gymn.
884 2522 996 2560 1890
1019 2532 1050 2572 p
1069 2521 1152 2560 317
1246 2522 1270 2559 9
1303 2514 1513 2561 τέθεικεν
1539 2531 1566 2560 a
1652 2522 1706 2560 10
1731 2525 1844 2568 νεῶς
1866 2517 1900 2559 Ρ

348 2578 398 2616 11
436 2572 614 2626 ἐξέπεσε
647 2589 674 2617 a
702 2577 708 2632 Ι
735 2575 954 2626 πεσόντος
986 2574 1056 2634 δὲ]
1090 2575 1169 2619 καὶ
1200 2576 1420 2626 πεσόντος
1454 2577 1494 2619 Θ
1638 2581 1690 2618 12
1723 2591 1901 2631 περιερ-
1956 2620 1960 2621 ⁷

227 2633 354 2688 ρύηι·
380 2632 415 2674 Ρ
617 2638 665 2675 13
699 2633 938 2692 πεσόντος]
970 2635 1021 2678 τὸ
1054 2634 1188 2685 ὄντος
1211 2634 1284 2676 Pa
1315 2634 1366 2678 τὸ
1399 2632 1619 2685 πεσόντος
1652 2634 1899 2691 Sylburgio

228 2692 343 2734 duce
376 2691 653 2747 Kruegerus.
700 2693 752 2734 tu
785 2693 833 2735 cf
859 2709 890 2749 p
914 2698 1013 2748 428,
1042 2699 1095 2736 13
1216 2698 1269 2735 14
1302 2694 1368 2743 εἰς
1397 2692 1638 2737 θάλατταν
1668 2693 1899 2749 glossema

228 2749 497 2806 supplendis
545 2750 830 2805 Thucydidis
879 2751 1033 2795 uerbis
1065 2767 1096 2795 u
1129 2757 1181 2794 12
1231 2752 1517 2808 adscriptum
1564 2751 1738 2795 deleuit
1785 2751 1897 2795 illuc

226 2809 476 2853 traiecerat:
508 2809 782 2865 Sylburgius
916 2815 969 2852 15
1003 2811 1285 2866 ὀνοματικῶς
1309 2811 1343 2853 Ρ
1376 2811 1686 2866 ὀνομαστικῶς
1718 2809 1779 2852 Os

229 2873 282 2911 16
319 2867 408 2911 ἔστι
441 2882 468 2910 a
590 2873 642 2910 17
677 2866 815 2926 βίβλῳ
849 2882 876 2910 a
976 2873 1028 2911 19
1065 2869 1244 2926 ἔχομεν]
1280 2869 1439 2926 ἔχομεν
1471 2868 1611 2913 ἱκανὰ
1642 2868 1761 2912 κατὰ
1791 2870 1899 2920 τοὺς

218 2925 452 2982 <Ελλήνων
478 2926 647 2982 νόμους
682 2928 721 2970 Θ
842 2931 897 2969 20
931 2927 1240 2983 ὀνομαστικῶς
1262 2928 1333 2971 Ds
