2004 3202
1658 0 1671 41 Ι.

661 134 809 176 ΠΕΡΙ
839 132 1242 177 ΘΟΤΚΤΔΙΔΟΤ
1595 50 1661 213 s
1698 143 1805 196 393

75 311 77 314 .
124 267 286 329 πίδος
326 264 414 319 ἐπὶ
451 274 599 339 κακῷ
636 276 752 330 τοῖς
783 267 1105 339 ἀνθρώποις
1135 266 1444 337 γινομένης,
1482 215 1622 354 21th&
1660 278 1810 343 λέξιν

126 353 302 417 οὕτως
331 355 584 425 γράφων·
636 354 848 418 (Ἐλπὶς
879 352 940 409 δὲ
969 355 1239 409 κινδύνου
1275 357 1639 426 παραμύθιον
1671 363 1810 420 οὖσα

126 444 256 506 τοὺς
294 439 396 512 μὲν
434 442 539 496 ἀπὸ
578 447 901 515 περιουσίας
938 442 1253 515 χρωμένους
1285 443 1422 516 αὐτῇ
1460 454 1570 508 εχᾶν
1607 456 1808 525 βλάψῃ,

66 560 67 563 ¹
126 530 194 584 οὐ
232 536 512 585 καθεῖλεν·
553 540 669 595 τοῖς
707 529 767 585 δὲ
799 531 855 594 ἐς
883 540 995 586 πᾶν
1024 533 1086 586 τὸ
1123 533 1375 603 ὑπάρχον
1405 531 1810 615 ἀναρριπτοῦσι

127 615 396 690 (δάπανος
433 621 540 691 γὰρ
579 618 771 692 φύσει)
810 621 920 690 ἅμα
957 640 1015 674 τε
1063 622 1423 689 γιγνώσκεται
1463 631 1808 700 σφαλέντων,
1855 651 1878 684 5

124 706 216 761 καὶ
263 707 324 762 ἐν
370 709 476 782 ὅτῳ
524 708 827 778 φυλάξεταί
865 729 948 772 τις
994 709 1170 779 αὐτὴν
1217 715 1656 790 γνωρισθεῖσαν,
1708 720 1809 774 οὐκ

68 875 74 877 Α
127 795 376 850 ἐλλείπει.
454 797 482 850 ὃ
521 798 678 867 ὑμεῖς
723 797 978 860 ἀσθενεῖς
1023 818 1080 851 τε
1132 796 1224 851 καὶ
1278 796 1367 851 ἐπὶ
1421 812 1631 875 σκοπιῆς
1684 817 1810 878 μιᾶς

126 887 280 949 ὄντες
316 886 388 956 μὴ
427 886 701 955 βούλεσθε
738 892 944 940 παθεῖν
980 885 1106 956 μηδ’
1145 886 1489 956 ὁμοιωθῆναι
1527 896 1649 960 τοῖζς
1678 902 1810 951 πολ-

70 987 124 1028 14
142 979 275 1043 λοῖς,
314 968 470 1044 <οἷς>
506 974 511 1043 Ι
546 976 726 1046 παρὸν
757 974 1117 1045 ἀνθρωπείως
1148 977 1228 1028 ἔτι
1261 974 1548 1047 σῴζεσθαι,
1580 975 1812 1039 ἐπ.ςιδὰν

125 1061 478 1132 πιεζομένους
524 1063 724 1126 αὐτοὺς
773 1063 1126 1117 ἐπιλείπωσιν
1171 1065 1229 1117 αἱ
1279 1063 1517 1135 φανεραὶ
1570 1064 1810 1143 ε’λπᾶδες,
1837 1095 1879 1127 10

128 1149 217 1204 ε’πὶ
262 1152 358 1214 τὰς
403 1151 634 1221 ἀφανεῖς
679 1155 1069 1221 καθίστανται,
1115 1155 1384 1222 μαντικήν
1435 1173 1493 1206 τε
1538 1151 1630 1206 καὶ
1676 1144 1723 1223 χΙ
1789 1197 1812 1203 -

126 1241 300 1310 σμοὺς
329 1239 420 1293 καὶ
453 1240 554 1294 ὅσα
584 1248 809 1294 τοιαῦτα
839 1239 952 1310 μετ’
982 1240 1223 1295 ἐλπίδων
1253 1242 1605 1311 λυμαίνεταιῖ
1647 1155 1826 1313 wrong}>

126 1329 229 1383 οὐκ
291 1326 416 1383 οἶδα
474 1338 589 1392 πῶς
650 1331 720 1382 ἄν
779 1350 862 1392 τις
924 1329 1260 1383 ἐπαινέσειεν
1321 1331 1394 1393 ὡς
1455 1332 1805 1401 προσήκοντα

58 1491 59 1494 ¹
125 1419 383 1489 εἰρῆσθαι
430 1427 753 1489 στρατηγοῖς
790 1417 1128 1488 Ἀθηναίων,
1178 1419 1262 1472 ὅτι
1308 1422 1629 1489 λυμαίνεται
1674 1420 1805 1481 τοὺς

125 1507 461 1577 ἀνθρώπους
505 1506 538 1574 ἡ
584 1509 731 1577 παρὰ
785 1516 897 1560 τῶν
949 1513 1101 1560 θεῶν
1155 1506 1308 1570 ἐλπὶς
1366 1506 1457 1560 καὶ
1505 1508 1630 1560 οὔτε
1676 1527 1804 1578 χρη-
1828 1526 1874 1560 15

125 1605 279 1665 σμῶν
325 1597 524 1665 ὄφελος
570 1596 697 1648 οὔτε
742 1603 1008 1664 μαντικῆς
1052 1605 1167 1659 τοῖς
1213 1596 1408 1665 εὐσεβῆ
1454 1594 1545 1649 καὶ
1588 1597 1806 1649 δίκαιον
1892 1624 1893 1627 ¹

123 1682 528 1758 προῃρημένοις
565 1684 664 1736 τὸν
702 1687 842 1753 βίον.
882 1686 930 1737 εἰ
968 1685 1072 1755 γάρ
1111 1705 1164 1737 τι
1202 1683 1293 1738 καὶ
1332 1686 1484 1754 ἄλλο,
1523 1693 1617 1753 τῆς
1640 1683 1805 1753 Ἀθη-

125 1776 300 1825 ναίων
337 1773 547 1834 πόλεως
582 1770 674 1824 καὶ
713 1771 858 1826 τοῦτ’
907 1771 968 1826 ἐν
1012 1781 1128 1835 τοῖς
1175 1773 1414 1843 πρώτοις
1452 1772 1603 1826 ἐστὶν
1641 1773 1806 1841 ἐγκώ-

126 1881 280 1931 μιον,
326 1861 388 1913 τὸ
427 1858 557 1930 περὶ
597 1861 802 1924 παντὸς
845 1861 1163 1931 πράγματος
1200 1859 1291 1914 καὶ
1332 1861 1393 1914 ἐν
1430 1860 1595 1915 παντὶ
1633 1870 1806 1934 καιρῷ

125 1959 240 2012 τοῖς
300 1955 457 2011 θεοῖς
509 1947 740 2001 ἕπεσθαι
801 1947 891 2002 καὶ
952 1946 1125 2018 μηδὲν
1191 1950 1326 2002 ἄνευ
1393 1958 1654 2019 μαντικῆς
1714 1949 1804 2003 καὶ
1829 1971 1874 2002 20

127 2048 386 2109 χρησμῶν
433 2036 716 2090 ἐπιτελεῖν.
800 2039 1078 2105 λεγόντων
1132 2057 1189 2090 τε
1242 2046 1353 2090 τῶν
1404 2041 1666 2107 Μηλίων,
1721 2039 1805 2092 ὅτι

127 2129 234 2179 σὺν
278 2134 343 2197 τῇ
389 2126 537 2196 παρά
582 2135 693 2178 τῶν
737 2131 890 2179 θεῶν
935 2129 1170 2197 βοηθείᾳ
1214 2124 1305 2179 καὶ
1347 2129 1805 2196 Λακεδαιμονίοις

125 2217 479 2282 πεποίθασιν,
519 2213 616 2275 οὓς
656 2214 703 2266 εἰ
740 2212 830 2266 καὶ
870 2215 963 2266 διὰ
1000 2210 1174 2282 μηδὲν
1205 2215 1356 2282 ἄλλο,
1396 2215 1489 2267 διά
1527 2223 1668 2283 γοῦν
1704 2216 1806 2283 τὴν

128 2303 398 2372 αἰσχύνην
435 2301 623 2364 αὐτοῖς
661 2303 965 2370 βοηθήσειν
1010 2300 1101 2354 καὶ
1149 2301 1215 2354 οὐ
1261 2304 1628 2372 περιόψεσθαι
1675 2318 1806 2372 συγ-

249 2453 274 2491 2
307 2447 436 2491 Thuc
459 2447 500 2491 V
526 2451 610 2490 103
732 2451 784 2490 21
819 2446 869 2490 cf
894 2446 936 2489 V
954 2451 1039 2490 104

50 2642 51 2646 Ἰ
139 2638 151 2654 ,
246 2580 509 2655 2Ῑκινδύνφ
533 2579 556 2622 f
563 2581 604 2623 Θ
745 2583 773 2622 4
804 2581 994 2655 κάθεῖλε
1018 2578 1042 2621 f
1064 2581 1070 2635 Ι
1098 2577 1144 2631 ἐς
1174 2586 1271 2624 πᾶν
1302 2580 1417 2626 MP:
1449 2579 1629 2626 ἐσάπαν
1660 2581 1692 2638 f,
1719 2583 1761 2655 ΗΘ
1798 2582 1802 2625 i

128 2638 613 2756 ssss'ffssgss'gsssszzgffm
643 2643 698 2753 12⁵1
722 2637 1211 2742 ss‘”oe⁶”⁸‘ss‘gf2{5m{³
1230 2637 1806 2757 ,gffoefgfssffiffezffm‘iffffi'

130 2757 206 2801 ἐπὶ
237 2755 382 2815 ῥοπῆς
405 2757 477 2802 f&
583 2761 608 2799 8
641 2756 702 2812 μὴ
726 2755 817 2801 ΪΘε
852 2757 905 2800 οὐ
930 2755 1022 2799 ΜΡ
1050 2758 1055 2814 Ι
1084 2757 1309 2815 βούλεσθε
1333 2758 1434 2802 ΜΘ
1465 2758 1717 2816 βούλεσθαι
1748 2759 1804 2802 P:

131 2816 360 2875 βούλησθε
381 2816 405 2859 f
425 2830 529 2860 eum
547 2815 588 2859 G
652 2820 677 2858 9
704 2811 774 2866 οἷς
798 2829 873 2859 om
888 2815 981 2858 MP
1001 2815 1007 2874 Ι
1027 2814 1318 2872 ἀνθρωπίοις
1337 2817 1430 2860 ΜΡ
1514 2822 1567 2860 12
1592 2815 1804 2861 ταῦτ’Μ;

129 2882 276 2919 ταῦτα
293 2874 360 2919 Pf
418 2879 474 2919 14
489 2871 792 2930 λυμαίνονται
808 2874 903 2917 ΜΡ
965 2878 1018 2918 15
1035 2883 1221 2932 χρημῶν
1238 2876 1286 2918 Μ
1356 2880 1410 2919 17
1434 2892 1477 2919 τι
1494 2876 1573 2918 καὶ
1589 2876 1637 2918 Μ
1661 2891 1728 2925 τις
1744 2875 1804 2919 P:

129 2950 174 2978 τι
196 2933 220 2976 f
307 2938 360 2977 18
392 2941 489 2984 τοῖς
505 2934 528 2976 f
591 2937 647 2976 20
672 2930 824 2989 μηθὲν
840 2932 908 2976 Pf
966 2938 1020 2976 23
1045 2935 1126 2977 δῖα
1142 2934 1191 2977 Μ
1268 2939 1323 2977 24
1348 2934 1599 2991 βοηθήσεις
1616 2935 1651 2977 Ρ
1672 2934 1678 2992 Ι
1699 2948 1804 2990 συγ-
