2004 3202
727 116 872 157 ΠΕΡΙ
903 113 1305 157 ΘΟΤΚΤΔΙΔΟΤ
1750 110 1853 164 341

179 247 239 303 δὲ
279 248 461 303 οὐκέτι
502 249 791 303 ἐποιοῦντο
831 249 1159 318 ἀνασχετόν,
1199 245 1315 300 ἀλλ’
1363 246 1702 318 ἐπιχειρητέα
1741 247 1858 301 ἐδό-

89 350 175 390 836
192 358 274 391 κει
307 334 448 391 εἶναι
478 338 624 408 πάσῃ
661 338 667 406 Ι
701 340 1005 409 προθυμίᾳ,
1036 335 1127 390 καὶ
1158 334 1488 406 καθαιρετέα
1516 336 1550 404 ἡ
1585 338 1757 405 ἰσχύς,
1788 336 1859 405 ἢν

176 427 478 494 δύνωνται,
533 426 828 497 ἀραμένοις
874 428 1035 480 τόνδε
1081 426 1180 478 τὸν
1225 424 1499 494 πόλεμον.’
1586 424 1751 495 ἐχρῆν
1797 422 1942 478 δὲ11

176 515 348 568 αὐτὸν
386 514 694 584 ἀρξάμενον
732 517 827 578 τὰς
867 516 1042 577 αἰτίας
1079 521 1179 567 τοῦ
1216 512 1468 583 πολέμου
1500 517 1676 582 ζητεῖν
1713 524 1858 584 πρῶ-

177 624 275 656 τον
314 603 620 656 ἀποδοῦναι
659 605 761 672 τὴν
800 604 981 672 ἀληθῆ
1020 601 1110 656 καὶ
1151 601 1325 674 ἑαυτῷ
1365 603 1653 655 δοκοῦσαν.
1730 604 1763 671 ἥ
1801 623 1859 656 τε
1904 619 1924 652 5

176 694 280 761 γὰρ
321 692 490 761 φύσις
529 690 719 763 ἀπῄτει
751 694 816 745 τὰ
845 694 1086 762 πρότερα
1123 700 1235 744 τῶν
1264 689 1511 762 ὑστέρων
1550 684 1739 762 ἄρχειν
1768 690 1859 744 καὶ

175 780 390 849 τάληθῆ
436 781 543 850 πρὸ
584 791 696 834 τῶν
741 782 964 844 ψευδῶν
1015 779 1300 848 λέγεσθαι,
1347 780 1381 848 ἥ
1427 799 1486 833 τε
1530 787 1625 848 τῆς
1671 780 1859 847 διηγή-

176 885 311 933 σεως
363 871 584 938 εἰσβολὴ
639 872 902 938 κρείττων
955 868 1025 921 ἂν
1080 868 1291 937 ἐγίνετο
1346 875 1552 940 μακρῷ,
1606 868 1861 936 τοιαύτης

177 960 493 1028 οἰκονομίας
539 965 795 1026 τυχοῦσα.
873 954 1003 1010 οὐδὲ
1052 958 1156 1026 γὰρ
1205 956 1381 1010 ἐκεῖνό
1434 976 1516 1018 τις
1563 955 1632 1008 ἂν
1686 957 1861 1009 εἰπεῖν

177 1050 291 1116 ἔχοι
339 1056 450 1099 τῶν
500 1045 901 1114 ἀπολογεῖσθαι
947 1044 1072 1116 περὶ
1120 1045 1293 1099 αὐτοῦ
1347 1044 1727 1114 βουλομένων,
1774 1046 1857 1098 ὅτι
1882 1063 1925 1095 ιο

176 1137 343 1205 μικρὰ
390 1133 480 1188 καὶ
530 1134 630 1187 οὐκ
677 1134 800 1198 ἄξια
848 1137 1020 1202 λόγου
1067 1136 1132 1187 τὰ
1178 1135 1468 1205 πράγματα
1513 1130 1583 1202 ἦν
1621 1133 1653 1202 ἢ
1700 1135 1861 1187 κοινὰ

176 1223 266 1277 καὶ
306 1222 751 1293 κατημαξευμένα
790 1232 905 1286 τοῖς
943 1224 1050 1294 πρὸ
1090 1223 1280 1291 αὐτοῦ,
1320 1224 1452 1286 ὥςτε
1490 1224 1562 1292 μὴ
1595 1224 1715 1276 δεῖν
1754 1222 1860 1275 ἀπὸ

176 1312 390 1365 τούτων
436 1312 610 1382 ἀρχὴν
647 1318 947 1365 ποιεῖσθαι.
1025 1312 1188 1374 αὐτὸς
1235 1314 1339 1382 γὰρ
1387 1313 1460 1374 ὡς
1500 1310 1861 1381 ἐκλειφθέντα

176 1402 277 1453 τὸν
323 1403 494 1454 τόπον
546 1408 747 1454 τοῦτον
795 1401 902 1453 ὑπὸ
958 1410 1069 1453 τῶν
1122 1401 1367 1471 ἀρχαίων
1416 1399 1571 1464 ἄξιον
1620 1401 1862 1470 ἱστορίας

175 1490 500 1559 ὑπείληφεν,
541 1489 732 1552 αὐταῖς
771 1489 984 1554 λέξεσιν
1015 1489 1189 1552 οὕτως
1221 1490 1473 1559 γράφων·
1528 1490 1762 1558 εἔγραψα
1800 1485 1862 1542 δὲ
1883 1504 1926 1536 15

174 1577 314 1630 αὐτὰ
367 1576 458 1631 καὶ
504 1579 606 1646 τὴν
653 1578 886 1647 ἐκβολὴν
931 1586 1031 1631 τοῦ
1082 1580 1253 1646 λόγου
1300 1578 1663 1647 ἐποιησάμην,
1718 1579 1860 1630 διότι

175 1675 290 1729 τοῖς
336 1667 443 1736 πρὸ
495 1666 628 1736 ἐμοῦ
676 1668 880 1720 ἅπασιν
934 1663 1147 1729 ἐκλιπὲς
1197 1668 1258 1719 τὸ
1305 1670 1510 1737 χωρίον
1556 1674 1719 1719 τοῦτο
1770 1662 1860 1734 ἧν·

16 1800 28 1817 ⁶
87 1765 172 1805 837
194 1754 284 1808 καὶ
324 1755 356 1823 ἢ
397 1758 462 1809 τὰ
498 1755 503 1826 Ι
538 1757 644 1826 πρὸ
684 1765 796 1809 τῶν
834 1757 1108 1824 Μηδικῶν
1147 1755 1438 1824 Ἑλληνικὰ
1485 1754 1861 1823 ξυνετίθεσαν,

176 1843 208 1911 ἢ
252 1843 390 1896 αὐτὰ
436 1845 501 1896 τὰ
548 1845 790 1912 Μηδικά.
859 1845 1074 1898 τούτων
1122 1841 1183 1897 δὲ
1231 1839 1412 1914 ὧνπερ
1451 1842 1542 1896 καὶ
1587 1844 1764 1911 ἥψατο
1802 1842 1862 1896 ἐν

10 1926 29 1972 *3
176 1939 239 2000 τῇ
273 1929 488 2001 Ἀττικῇ
529 1941 822 2003 συγγραφῇ
855 1931 1201 2000 Ἑλλάνικος,
1241 1931 1483 2002 βραχέως
1522 1952 1578 1984 τε
1617 1930 1707 1984 καὶ
1746 1941 1862 1994 τοῖς
1884 1947 1927 1980 20

177 2021 399 2088 χρόνοις
432 2019 532 2072 οὐκ
565 2019 802 2090 ἀκριβῶς
835 2019 1175 2090 ἐπεμνήσθη·
1215 2022 1324 2090 ἅμα
1357 2018 1418 2073 δὲ
1448 2019 1538 2073 καὶ
1567 2028 1661 2088 τῆς
1694 2019 1861 2090 ἀρχῆς

176 2107 460 2171 ἀπόδειξιν
499 2110 606 2177 ἔχει
646 2116 741 2176 τῆς
780 2118 890 2161 τῶν
920 2107 1252 2177 Ἀθηναίων,
1295 2108 1354 2162 ἐν
1387 2110 1483 2180 οἴῳ
1523 2111 1705 2180 τρόπῳ
1738 2128 1860 2161 κατ-

176 2196 335 2264 έστη.’
417 2197 610 2248 ἰκανὸν
656 2193 759 2265 μὲν
811 2192 914 2249 οὖν
959 2195 1049 2249 καὶ
1096 2205 1259 2250 τοῦτο
1307 2199 1599 2267 τεκμήριον
1646 2194 1715 2265 ἦν
1759 2205 1858 2250 τοῦ
1879 2194 1947 2246 12

8 2278 23 2362 ᾗ
175 2286 246 2354 μὴ
279 2286 415 2337 κατὰ
439 2285 538 2337 τὸν
563 2286 792 2353 ἄριστον
823 2287 1031 2354 τρόπον
1056 2284 1445 2357 ᾠκονομῆσθαι
1477 2287 1578 2354 τὴν
1602 2287 1861 2354 διήγησιν

6 1183 40 1526 ···’-νφτνο«ι--ϊ<
16 1157 20 1162 ’
17 1087 29 1098 ⁴

295 2464 348 2502 15
382 2458 510 2502 Thuc
534 2459 554 2502 I
579 2463 633 2502 97

297 2627 317 2665 1
354 2619 526 2679 οὐκέτι]
561 2621 645 2664 οὐκ
680 2619 771 2664 ἔστι
796 2620 831 2663 Ρ
859 2624 863 2676 Ι
893 2621 1136 2666 ἐποιοῦντο
1169 2620 1423 2680 ἀνασχετόν
1454 2622 1568 2667 MP:
1601 2622 1857 2680 ἀνασχετὸν

177 2679 244 2723 ἐπ.
279 2680 302 2723 f
310 2683 349 2725 Θ
471 2686 499 2724 4
531 2680 716 2735 πρώτην
748 2680 873 2723 MPf
988 2685 1013 2724 6
1047 2682 1207 2737 φύσεις
1230 2681 1265 2724 Ρ
1396 2687 1447 2725 11
1483 2695 1623 2738 supra
1653 2697 1710 2724 τα
1740 2681 1790 2724 in
1821 2681 1857 2723 P

174 2738 331 2783 nescio
365 2753 484 2795 quae
515 2740 629 2782 nota
661 2737 835 2795 legitur
927 2745 980 2783 12
1004 2740 1085 2799 μὴ]
1111 2738 1258 2797 μηδὲν
1282 2741 1409 2784 MPf
1496 2745 1549 2783 13
1581 2739 1675 2784 fort
1699 2740 1819 2799 <τὴν

174 2798 323 2871 ἀρχὴν
447 2803 500 2841 14
532 2798 706 2841 τούτων
737 2812 792 2854 pr
815 2798 850 2840 P
878 2799 884 2855 Ι
910 2799 991 2843 τὸν
1015 2799 1051 2842 Ρ
1154 2804 1208 2843 15
1242 2798 1359 2844 οὕτω
1391 2799 1414 2842 f
1512 2804 1566 2843 16
1598 2798 1717 2843 διότι
1741 2799 1788 2841 Μ
1844 2817 1855 2842 t

175 2858 256 2900 δια
287 2855 392 2901 τόδε
427 2856 495 2901 ὅτι
526 2857 597 2902 f&
778 2861 831 2900 17
864 2865 997 2902 τοῦτο
1029 2853 1088 2915 ἦν
1119 2859 1169 2903 τὸ
1202 2857 1370 2916 χωρίον
1405 2861 1445 2904 Θ
1567 2862 1621 2900 18
1654 2855 1680 2912 ἢ
1714 2871 1784 2900 om
1819 2856 1856 2899 P

181 2921 234 2959 19
270 2911 333 2961 ὧν
367 2931 451 2971 περ
487 2916 568 2959 Mf
602 2914 666 2959 ὥν
691 2930 776 2970 περ
809 2916 867 2961 P:
901 2915 950 2968 ὅς
980 2933 1065 2971 περ
1097 2932 1120 2960 r
1151 2931 1205 2962 ex
1234 2920 1273 2962 Θ
1424 2923 1479 2961 ‘20
1512 2918 1752 2973 ξυγγραφῇ
1783 2915 1856 2959 s&
