2004 3202
16 0 88 196 ἔ
811 111 1158 154 ῙΣοΚΡΑΤΗΣ
1759 111 1826 165 77

16 238 43 301 ;.’·
148 254 243 315 τῆς
290 245 504 314 ἀγωγῆς
549 243 640 297 καὶ
686 254 798 298 τῶν
842 246 1118 315 περιόδων
1156 244 1185 299 ὁ
1226 246 1606 315 χαριεντισμὸς
1653 249 1830 300 ἔνεστι

16 327 18 330 ’
147 334 252 388 κάν
289 334 523 401 τούτοις,
561 335 628 387 τὰ
667 330 727 386 δὲ
764 335 1031 403 θεατρικὰ
1069 343 1181 386 τῶν
1220 334 1509 403 σχημάτων
1555 354 1831 403 τεταμιευ-

147 422 324 493 μένως
360 426 736 492 παρείληπται.
804 430 974 475 ταῦτα
1012 419 1114 492 μὲν
1160 422 1228 491 δὴ
1274 430 1526 493 παρορᾶν
1573 424 1658 475 δεῖ
1703 425 1830 485 τοὺς

60 526 145 566 566
169 508 699 582 ἀναγιγνώΙσκοντας
766 510 857 563 καὶ
926 512 998 580 μὴ
1069 509 1192 575 ἄξια
1250 509 1509 579 ἡγεῖσθαι
1572 513 1831 579 σπουδῆς,

147 602 328 669 ὥσπερ
375 598 535 667 <καὶ>
580 598 697 652 κατ’
744 599 913 670 ἀρχὰς
961 602 1126 669 ἔφην,
1180 608 1295 662 τοῖς
1342 584 1638 661 δὲάλλοις
1683 599 1831 652 πάνυ
1878 619 1898 650 5

146 687 437 758 προσέχειν
474 689 572 741 τὸν
610 695 764 741 νοῦν.
835 690 1055 758 ἄρχεται
1095 685 1156 741 δὲ
1194 688 1224 742 ὁ
1264 690 1427 756 λόγος
1468 687 1757 741 ἐντεῦθεν·

260 775 546 839 “Ἁπαντες
585 774 685 846 μὲν
721 778 990 830 εἰώθασιν
1022 778 1074 830 οἱ
1103 779 1394 847 παριόντες
1428 776 1630 830 ἐνθάδε
1661 784 1832 829 ταῦτα
1852 783 1919 836 16

149 863 376 934 μέγιστα
423 866 656 934 φάσκειν
703 861 844 918 εἶναι
890 864 981 918 καὶ
1028 866 1261 935 μάλιστα
1308 867 1551 933 σπουδῆς
1600 864 1722 929 ἄξια
1767 873 1831 935 τῇ

148 956 322 1022 πόλει,
360 953 485 1023 περὶ
525 949 604 1006 ὧν
643 952 799 1007 αὐτοὶ
839 953 1100 1023 μέλλουσι
1133 955 1548 1023 συμβουλεύειν.
1617 953 1684 1007 οὐ
1724 954 1833 1022 μὴν

150 1042 267 1095 ἀλλ’
322 1044 369 1095 εἰ
422 1041 512 1095 καὶ
573 1041 698 1112 περὶ
761 1044 944 1095 ἄλλων
1002 1052 1172 1096 τινῶν
1231 1042 1567 1113 πραγμάτων
1627 1042 1831 1112 ἥρμοσε
1858 1064 1899 1096 ιο

150 1139 376 1184 τοιαῦτα
413 1140 728 1201 προειπεῖν,
768 1131 956 1198 <δοκεῐ
994 1153 1087 1200 μοι
1125 1130 1389 1201 πρέπειν>
1429 1129 1520 1184 καὶ
1558 1129 1684 1201 περὶ
1721 1139 1834 1183 τῶν

151 1227 258 1272 νῦν
287 1222 580 1290 παρόντων
611 1219 875 1272 ἐντεῦθεν
904 1222 1243 1288 ποιήσασθαι
1268 1221 1369 1288 τὴν
1393 1219 1580 1290 ἀρχήν.
1630 1219 1835 1287 ἥκομεν

151 1310 255 1377 γὰρ
312 1307 760 1376 ἐκκλησιάσοντες
803 1311 934 1378 περί
974 1329 1032 1361 τε
1076 1308 1319 1378 πολέμου
1365 1307 1456 1361 καὶ
1504 1309 1745 1378 εἰρήνης,
1800 1307 1834 1360 ἃ

151 1399 414 1464 μεγίστην
451 1399 560 1465 ἔχει
601 1397 840 1466 δύναμιν
880 1396 940 1450 ἐν
977 1404 1054 1468 τῷ
1093 1400 1196 1468 βίῳ
1238 1404 1315 1468 τῷ
1360 1407 1471 1449 τῶν
1518 1396 1835 1466 ἀνθρώπων

150 1483 241 1536 καὶ
302 1483 427 1554 περὶ
488 1481 568 1538 ὧν
629 1485 837 1554 ἀνάγκη
905 1487 1036 1548 τοὺς
1104 1485 1289 1555 ὀρθῶς
1357 1484 1834 1554 βουλευσαμένους
1859 1506 1900 1537 15

153 1574 380 1642 ἄμεινον
433 1584 544 1626 τῶν
599 1575 782 1627 ἄλλων
834 1575 1107 1644 πράττειν.
1182 1575 1243 1627 τὸ
1291 1571 1392 1643 μὲν
1446 1569 1548 1626 οὖν
1601 1571 1835 1642 μέγεθος

152 1659 289 1731 ὑπὲρ
338 1657 417 1715 ὧν
467 1663 922 1731 συνεληλύθαμεν
975 1664 1300 1730 τηλικοῦτόν
1355 1661 1518 1715 ε’στιν.
1610 1661 1720 1731 ὁρῶ
1776 1657 1836 1713 δὲ

152 1751 293 1819 ὑμᾶς
332 1750 433 1804 οὐκ
472 1750 525 1815 ἐξ
567 1756 692 1804 ἴσου
730 1760 841 1804 τῶν
881 1754 1157 1819 λεγόντων
1195 1752 1296 1819 τὴν
1334 1750 1600 1821 ἀκρόασιν
1645 1767 1835 1802 ποιου-

155 1838 370 1908 μένους,
410 1839 548 1892 ἀλλά
586 1849 701 1902 τοῖς
739 1837 841 1909 μὲν
877 1838 1248 1909 προσέχοντας
1286 1840 1385 1893 τὸν
1422 1847 1586 1907 νοῦν,
1626 1847 1736 1891 τῶν
1775 1835 1836 1891 δὲ

156 1924 286 1979 οὐδὲ
331 1935 425 1995 τῆς
475 1935 663 1996 φωνῆς
708 1927 1086 1997 ἀνεχομένους.
1162 1927 1252 1981 καὶ
1298 1929 1624 1997 θαυμαστὸν
1670 1924 1836 1981 οὐδὲν
1862 1950 1903 1981 20

69 2030 152 2070 567
178 2024 395 2069 ποιεῖτε.
471 2003 561 2068 καὶ
616 2018 720 2087 γὰρ
775 2017 874 2069 τὸν
926 2018 1098 2070 ἄλλον
1151 2019 1355 2087 χρόνον
1408 2014 1654 2087 εῑώξθατε
1707 2018 1836 2078 τοὺς

157 2106 357 2166 ἄλλους
396 2105 637 2167 ἅπαντας
676 2104 962 2174 ἐκβάλλειν
998 2106 1144 2173 πλὴν
1182 2107 1311 2168 τοὺς
1362 2106 1836 2175 συναγορεύοντας

278 2283 301 2322 7
334 2279 458 2322 Isocr
481 2278 588 2322 VIII
616 2283 756 2321 1—17

276 2446 302 2484 2
335 2438 425 2485 κᾶν
457 2440 505 2483 Μ
551 2458 642 2484 καν
674 2440 732 2483 F¹
778 2440 857 2484 καὶ
889 2439 948 2483 F²
974 2442 979 2497 1
1008 2438 1250 2498 σχημάτων
1275 2441 1375 2498 (sic)
1407 2442 1442 2484 F
1474 2441 1524 2484 in
1555 2441 1643 2484 fine
1676 2454 1836 2484 uersus

277 2504 305 2543 4
335 2500 744 2556 ἀναγινώσκοντας
767 2500 802 2542 Ρ
830 2501 835 2555 1
863 2499 943 2543 καὶ
974 2499 1055 2557 μὴ]
1089 2500 1170 2544 καὶ
1193 2500 1228 2543 F
1238 2501 1252 2525 ¹
1342 2506 1367 2544 5
1402 2500 1482 2545 καὶ
1510 2501 1604 2544 add
1630 2499 1836 2544 Sadaeus

278 2563 304 2601 6
337 2558 558 2603 ἐντεῦθεν
583 2559 644 2604 F:
678 2556 874 2603 ἐνθένδε
904 2558 1044 2601 ΜΒΡ
1153 2564 1176 2603 7
1211 2559 1406 2603 εἰώθασι
1436 2560 1471 2603 F
1579 2565 1604 2603 9
1637 2559 1740 2612 περὶ
1772 2556 1836 2603 ὧν

160 2615 220 2662 ἂν
260 2618 392 2665 αὐτοὶ
432 2615 622 2674 μέλλωσι
660 2617 1015 2675 συμβουλεύσειν
1045 2618 1090 2661 Is
1211 2623 1266 2662 12
1299 2626 1385 2663 νῦν
1417 2619 1524 2663 FB:
1565 2618 1669 2662 νυνὶ
1701 2618 1794 2661 ΜΡ
1829 2618 1835 2674 Ι

161 2679 401 2720 ποιεῖσθαι
437 2677 471 2719 F
596 2683 647 2721 13
687 2684 768 2720 τοῦ
807 2674 1008 2732 πολέμου
1047 2677 1187 2720 ΜΒΡ
1310 2683 1362 2721 15
1404 2675 1741 2735 βουλοομένους
1780 2677 1838 2719 Β1

162 2733 524 2792 βουλευομένους
554 2736 598 2779 Is
706 2741 760 2779 16
793 2735 1019 2791 ἄμμεινον
1049 2735 1098 2779 Μ
1203 2741 1255 2780 17
1289 2734 1336 2780 δ’
1366 2737 1449 2780 ΒΡ
1550 2741 1602 2779 18
1637 2735 1682 2788 ἐξ
1717 2734 1836 2792 ἴσον]

162 2792 320 2846 ἀξίους
345 2795 403 2837 F¹
433 2808 536 2838 corr
565 2794 729 2839 eadem
752 2810 799 2837 m
890 2798 945 2838 20
975 2794 1060 2851 τὴν
1093 2796 1257 2852 φωνὴν
1289 2796 1331 2839 Is
1423 2801 1477 2839 21
1511 2795 1592 2839 τὸν
1624 2794 1771 2838 ἄλλων
1803 2795 1837 2836 F

162 2865 265 2895 corr
287 2853 346 2896 F¹
371 2855 379 2910 Ι
405 2854 512 2905 τοὺς
543 2853 707 2904 ἄλλους
738 2853 950 2903 ἅπαντας
980 2853 1213 2898 MBPF22
1244 2855 1352 2906 τοὺς
1383 2854 1547 2904 ἄλλους
1577 2853 1756 2903 πάντας
1781 2852 1837 2895 F¹

164 2909 342 2963 πάντας
364 2914 470 2963 τοὺς
494 2911 658 2963 ἄλλους
681 2913 723 2956 Is
749 2915 796 2956 et
821 2911 886 2955 sic
910 2911 1003 2956 fort
1025 2912 1274 2969 Dionysius
1363 2918 1416 2956 22
1450 2913 1569 2970 πλὴν
1593 2926 1649 2956 ex
1672 2913 1755 2967 τὴν
1780 2910 1838 2953 F¹
