<?xml version="1.0" encoding="UTF-8"?>
<!DOCTYPE html PUBLIC "-//W3C//DTD XHTML 1.0 Transitional//EN"
    "http://www.w3.org/TR/xhtml1/DTD/xhtml1-transitional.dtd">
<html xmlns="http://www.w3.org/1999/xhtml" xml:lang="en" lang="en">
 <head>
  <title>
</title>
<meta http-equiv="Content-Type" content="text/html;charset=utf-8" />
  <meta name='ocr-system' content='tesseract 3.04.00' />
  <meta name='ocr-capabilities' content='ocr_page ocr_carea ocr_par ocr_line ocrx_word'/>
</head>
<body>
  <div class='ocr_page' id='page_1' title='image "./quaeexstant05dionuoft_0137.png"; bbox 0 0 2004 3202; ppageno 0'>
   <div class='ocr_carea' id='block_1_1' title="bbox 806 130 1821 188">
    <p class='ocr_par' dir='ltr' id='par_1_1' title="bbox 806 130 1821 188">
     <span class='ocr_line' id='line_1_1' title="bbox 806 130 1821 188; baseline -0.001 -13"><span class='ocrx_word' id='word_1_1' title='bbox 806 133 1151 188; x_wconf 57' lang='lat' dir='ltr'>UOKPATHZ</span> <span class='ocrx_word' id='word_1_2' title='bbox 1752 130 1821 184; x_wconf 83' lang='lat'><em>87</em></span> 
     </span>
    </p>
   </div>
   <div class='ocr_carea' id='block_1_2' title="bbox 53 263 1898 2195">
    <p class='ocr_par' dir='ltr' id='par_1_2' title="bbox 53 263 1898 2195">
     <span class='ocr_line' id='line_1_2' title="bbox 144 263 1822 336; baseline 0.001 -19"><span class='ocrx_word' id='word_1_3' title='bbox 144 263 234 318; x_wconf 86' lang='grc' dir='ltr'><em>καὶ</em></span> <span class='ocrx_word' id='word_1_4' title='bbox 259 265 473 318; x_wconf 91' lang='grc' dir='ltr'><em>τούτων</em></span> <span class='ocrx_word' id='word_1_5' title='bbox 494 266 854 336; x_wconf 80' lang='grc' dir='ltr'><strong><em>ὑπαρχόντων</em></strong></span> <span class='ocrx_word' id='word_1_6' title='bbox 876 266 1114 335; x_wconf 84' lang='grc' dir='ltr'><em>ἡγοῦμαι</em></span> <span class='ocrx_word' id='word_1_7' title='bbox 1140 266 1386 335; x_wconf 86' lang='grc' dir='ltr'><em>φανερὸν</em></span> <span class='ocrx_word' id='word_1_8' title='bbox 1404 274 1538 319; x_wconf 87' lang='grc' dir='ltr'><em>πᾶσι</em></span> <span class='ocrx_word' id='word_1_9' title='bbox 1554 267 1822 335; x_wconf 81' lang='grc' dir='ltr'><em>ποιήσειν,</em></span> 
     </span>
     <span class='ocr_line' id='line_1_3' title="bbox 146 353 1823 424; baseline -0.001 -17"><span class='ocrx_word' id='word_1_10' title='bbox 146 354 228 407; x_wconf 84' lang='grc' dir='ltr'><em>ὅτι</em></span> <span class='ocrx_word' id='word_1_11' title='bbox 267 353 671 424; x_wconf 78' lang='grc' dir='ltr'><em>ἀποστεροῦμαι</em></span> <span class='ocrx_word' id='word_1_12' title='bbox 710 356 991 408; x_wconf 80' lang='grc' dir='ltr'><em>τοσούτων</em></span> <span class='ocrx_word' id='word_1_13' title='bbox 1040 355 1331 424; x_wconf 86' lang='grc' dir='ltr'><em>χρημάτων</em></span> <span class='ocrx_word' id='word_1_14' title='bbox 1367 354 1475 407; x_wconf 86' lang='grc' dir='ltr'><em>ὑπὸ</em></span> <span class='ocrx_word' id='word_1_15' title='bbox 1516 357 1823 417; x_wconf 84' lang='grc' dir='ltr'><em>Πασίωνος.</em></span> 
     </span>
     <span class='ocr_line' id='line_1_4' title="bbox 147 439 1823 512; baseline 0.001 -19"><span class='ocrx_word' id='word_1_16' title='bbox 147 440 199 506; x_wconf 81' lang='grc' dir='ltr'><em>ἐξ</em></span> <span class='ocrx_word' id='word_1_17' title='bbox 239 441 406 511; x_wconf 82' lang='grc' dir='ltr'><em>ἀρχῆς</em></span> <span class='ocrx_word' id='word_1_18' title='bbox 452 439 513 495; x_wconf 76' lang='grc' dir='ltr'><em>δὲ</em></span> <span class='ocrx_word' id='word_1_19' title='bbox 550 443 707 512; x_wconf 82' lang='grc' dir='ltr'><em>ὑμῖν,</em></span> <span class='ocrx_word' id='word_1_20' title='bbox 755 444 900 506; x_wconf 82' lang='grc' dir='ltr'><em>ὅπως</em></span> <span class='ocrx_word' id='word_1_21' title='bbox 946 442 1016 496; x_wconf 80' lang='grc' dir='ltr'><em>ἂν</em></span> <span class='ocrx_word' id='word_1_22' title='bbox 1061 444 1334 512; x_wconf 82' lang='grc' dir='ltr'><em>δύνωμαι,</em></span> <span class='ocrx_word' id='word_1_23' title='bbox 1382 444 1710 511; x_wconf 90' lang='grc' dir='ltr'><em>διηγήσομαι</em></span> <span class='ocrx_word' id='word_1_24' title='bbox 1757 443 1823 495; x_wconf 83' lang='grc' dir='ltr'><em>τὰ</em></span> 
     </span>
     <span class='ocr_line' id='line_1_5' title="bbox 57 529 1822 602; baseline -0.001 -16"><span class='ocrx_word' id='word_1_25' title='bbox 57 545 141 586; x_wconf 84' lang='grc'><em>579</em></span> <span class='ocrx_word' id='word_1_26' title='bbox 166 530 532 599; x_wconf 86' lang='grc' dir='ltr'><em>πεπραγμένα.</em></span> <span class='ocrx_word' id='word_1_27' title='bbox 609 530 727 600; x_wconf 84' lang='grc' dir='ltr'><em>ἐμοὶ</em></span> <span class='ocrx_word' id='word_1_28' title='bbox 767 533 897 601; x_wconf 85' lang='grc' dir='ltr'><em>γάρ,</em></span> <span class='ocrx_word' id='word_1_29' title='bbox 949 529 990 585; x_wconf 82' lang='grc' dir='ltr'><em>ὦ</em></span> <span class='ocrx_word' id='word_1_30' title='bbox 1039 533 1235 601; x_wconf 79' lang='grc' dir='ltr'><em>ἄνδρες</em></span> <span class='ocrx_word' id='word_1_31' title='bbox 1277 531 1282 600; x_wconf 91' lang='grc' dir='ltr'>Ι</span> <span class='ocrx_word' id='word_1_32' title='bbox 1325 532 1600 599; x_wconf 81' lang='grc' dir='ltr'><em>δικασταί,</em></span> <span class='ocrx_word' id='word_1_33' title='bbox 1646 532 1822 602; x_wconf 89' lang='grc' dir='ltr'><em>πατὴρ</em></span> 
     </span>
     <span class='ocr_line' id='line_1_6' title="bbox 143 617 1891 688; baseline 0 -17"><span class='ocrx_word' id='word_1_34' title='bbox 143 617 246 688; x_wconf 89' lang='grc' dir='ltr'><em>μέν</em></span> <span class='ocrx_word' id='word_1_35' title='bbox 291 618 404 672; x_wconf 90' lang='grc' dir='ltr'><em>ἐστι</em></span> <span class='ocrx_word' id='word_1_36' title='bbox 451 622 735 687; x_wconf 80' lang='grc' dir='ltr'><em>Σωπαῖος,</em></span> <span class='ocrx_word' id='word_1_37' title='bbox 791 619 857 672; x_wconf 88' lang='grc' dir='ltr'><em>ὃν</em></span> <span class='ocrx_word' id='word_1_38' title='bbox 911 621 964 672; x_wconf 82' lang='grc' dir='ltr'><em>οἱ</em></span> <span class='ocrx_word' id='word_1_39' title='bbox 1016 618 1272 682; x_wconf 79' lang='grc' dir='ltr'><em>πλέοντες</em></span> <span class='ocrx_word' id='word_1_40' title='bbox 1325 620 1402 682; x_wconf 88' lang='grc' dir='ltr'><em>εἰς</em></span> <span class='ocrx_word' id='word_1_41' title='bbox 1455 620 1554 672; x_wconf 90' lang='grc' dir='ltr'><em>τὸν</em></span> <span class='ocrx_word' id='word_1_42' title='bbox 1601 622 1825 673; x_wconf 84' lang='grc' dir='ltr'><em>Πόντον</em></span> <span class='ocrx_word' id='word_1_43' title='bbox 1870 639 1891 671; x_wconf 88' lang='lat'>5</span> 
     </span>
     <span class='ocr_line' id='line_1_7' title="bbox 144 708 1823 778; baseline 0.001 -18"><span class='ocrx_word' id='word_1_44' title='bbox 144 708 377 770; x_wconf 79' lang='grc' dir='ltr'><em>ἅπαντες</em></span> <span class='ocrx_word' id='word_1_45' title='bbox 423 713 609 760; x_wconf 78' lang='grc' dir='ltr'><em>ἴσασιν</em></span> <span class='ocrx_word' id='word_1_46' title='bbox 655 708 828 771; x_wconf 82' lang='grc' dir='ltr'><em>οὕτως</em></span> <span class='ocrx_word' id='word_1_47' title='bbox 883 710 1095 771; x_wconf 82' lang='grc' dir='ltr'><em>οἰκείως</em></span> <span class='ocrx_word' id='word_1_48' title='bbox 1139 709 1278 778; x_wconf 89' lang='grc' dir='ltr'><em>πρὸς</em></span> <span class='ocrx_word' id='word_1_49' title='bbox 1316 709 1576 777; x_wconf 75' lang='grc' dir='ltr'><em>Σάτυρον</em></span> <span class='ocrx_word' id='word_1_50' title='bbox 1623 710 1823 762; x_wconf 87' lang='grc' dir='ltr'><em>διακεί-</em></span> 
     </span>
     <span class='ocr_line' id='line_1_8' title="bbox 143 794 1825 867; baseline 0.001 -19"><span class='ocrx_word' id='word_1_51' title='bbox 143 815 329 865; x_wconf 88' lang='grc' dir='ltr'><em>μενον,</em></span> <span class='ocrx_word' id='word_1_52' title='bbox 368 797 505 849; x_wconf 81' lang='grc' dir='ltr'><em>ὥστε</em></span> <span class='ocrx_word' id='word_1_53' title='bbox 543 801 748 865; x_wconf 82' lang='grc' dir='ltr'><em>πολλῆς</em></span> <span class='ocrx_word' id='word_1_54' title='bbox 786 794 887 866; x_wconf 78' lang='grc' dir='ltr'><em>μὲν</em></span> <span class='ocrx_word' id='word_1_55' title='bbox 925 798 1104 866; x_wconf 84' lang='grc' dir='ltr'><em>χώρας</em></span> <span class='ocrx_word' id='word_1_56' title='bbox 1142 798 1347 867; x_wconf 79' lang='grc' dir='ltr'><em>ἄρχειν,</em></span> <span class='ocrx_word' id='word_1_57' title='bbox 1387 795 1598 865; x_wconf 83' lang='grc' dir='ltr'><em>ἁπάσης</em></span> <span class='ocrx_word' id='word_1_58' title='bbox 1637 794 1697 850; x_wconf 79' lang='grc' dir='ltr'><em>δὲ</em></span> <span class='ocrx_word' id='word_1_59' title='bbox 1729 805 1825 865; x_wconf 84' lang='grc' dir='ltr'><em>τῆς</em></span> 
     </span>
     <span class='ocr_line' id='line_1_9' title="bbox 143 885 1824 955; baseline 0.001 -18"><span class='ocrx_word' id='word_1_60' title='bbox 143 885 427 953; x_wconf 90' lang='grc' dir='ltr'><em>δυνάμεως</em></span> <span class='ocrx_word' id='word_1_61' title='bbox 489 885 866 954; x_wconf 82' lang='grc' dir='ltr'><em>ἐπιμελεῖσθαι</em></span> <span class='ocrx_word' id='word_1_62' title='bbox 928 893 1023 953; x_wconf 85' lang='grc' dir='ltr'><em>τῆς</em></span> <span class='ocrx_word' id='word_1_63' title='bbox 1085 885 1311 939; x_wconf 88' lang='grc' dir='ltr'><em>ἐκείνου.</em></span> <span class='ocrx_word' id='word_1_64' title='bbox 1398 888 1824 955; x_wconf 82' lang='grc' dir='ltr'><em>πυνθανόμενος</em></span> 
     </span>
     <span class='ocr_line' id='line_1_10' title="bbox 144 969 1826 1043; baseline 0.002 -18"><span class='ocrx_word' id='word_1_65' title='bbox 144 969 204 1025; x_wconf 74' lang='grc' dir='ltr'><em>δὲ</em></span> <span class='ocrx_word' id='word_1_66' title='bbox 250 971 340 1025; x_wconf 87' lang='grc' dir='ltr'><em>καὶ</em></span> <span class='ocrx_word' id='word_1_67' title='bbox 387 972 510 1043; x_wconf 86' lang='grc' dir='ltr'><em>περὶ</em></span> <span class='ocrx_word' id='word_1_68' title='bbox 561 976 724 1042; x_wconf 86' lang='grc' dir='ltr'><em>τῆσδε</em></span> <span class='ocrx_word' id='word_1_69' title='bbox 776 982 871 1043; x_wconf 86' lang='grc' dir='ltr'><em>τῆς</em></span> <span class='ocrx_word' id='word_1_70' title='bbox 924 976 1133 1036; x_wconf 88' lang='grc' dir='ltr'><em>πόλεως</em></span> <span class='ocrx_word' id='word_1_71' title='bbox 1186 972 1276 1027; x_wconf 82' lang='grc' dir='ltr'><em>καὶ</em></span> <span class='ocrx_word' id='word_1_72' title='bbox 1330 972 1454 1043; x_wconf 86' lang='grc' dir='ltr'><em>περὶ</em></span> <span class='ocrx_word' id='word_1_73' title='bbox 1508 981 1602 1042; x_wconf 81' lang='grc' dir='ltr'><em>τῆς</em></span> <span class='ocrx_word' id='word_1_74' title='bbox 1657 976 1826 1043; x_wconf 79' lang='grc' dir='ltr'><em>ἄλλης</em></span> 
     </span>
     <span class='ocr_line' id='line_1_11' title="bbox 135 1051 1889 1133; baseline 0.001 -19"><span class='ocrx_word' id='word_1_75' title='bbox 135 1061 398 1124; x_wconf 75' lang='grc' dir='ltr'><em>Ἑλλάδος</em></span> <span class='ocrx_word' id='word_1_76' title='bbox 432 1051 731 1132; x_wconf 82' lang='grc' dir='ltr'><em>ἐπεθύμησ’</em></span> <span class='ocrx_word' id='word_1_77' title='bbox 771 1062 1132 1132; x_wconf 82' lang='grc' dir='ltr'><em>ἀποδημῆσαι.</em></span> <span class='ocrx_word' id='word_1_78' title='bbox 1195 1061 1469 1131; x_wconf 84' lang='grc' dir='ltr'><em>ἐμπλήσας</em></span> <span class='ocrx_word' id='word_1_79' title='bbox 1502 1059 1563 1115; x_wconf 75' lang='grc' dir='ltr'><em>δὲ</em></span> <span class='ocrx_word' id='word_1_80' title='bbox 1591 1063 1619 1116; x_wconf 90' lang='grc' dir='ltr'>ὁ</span> <span class='ocrx_word' id='word_1_81' title='bbox 1644 1065 1820 1133; x_wconf 88' lang='grc' dir='ltr'><em>πατήρ</em></span> <span class='ocrx_word' id='word_1_82' title='bbox 1848 1084 1889 1116; x_wconf 84' lang='grc' dir='ltr'><em>ιο</em></span> 
     </span>
     <span class='ocr_line' id='line_1_12' title="bbox 142 1149 1826 1221; baseline 0.001 -19"><span class='ocrx_word' id='word_1_83' title='bbox 142 1171 251 1219; x_wconf 91' lang='grc' dir='ltr'><em>μου</em></span> <span class='ocrx_word' id='word_1_84' title='bbox 291 1151 393 1204; x_wconf 89' lang='grc' dir='ltr'><em>δύο</em></span> <span class='ocrx_word' id='word_1_85' title='bbox 434 1159 569 1213; x_wconf 89' lang='grc' dir='ltr'><em>ναῦς</em></span> <span class='ocrx_word' id='word_1_86' title='bbox 609 1154 764 1204; x_wconf 86' lang='grc' dir='ltr'><em>σίτου</em></span> <span class='ocrx_word' id='word_1_87' title='bbox 802 1149 892 1203; x_wconf 87' lang='grc' dir='ltr'><em>καὶ</em></span> <span class='ocrx_word' id='word_1_88' title='bbox 932 1153 1177 1221; x_wconf 87' lang='grc' dir='ltr'><em>χρήματα</em></span> <span class='ocrx_word' id='word_1_89' title='bbox 1216 1152 1349 1214; x_wconf 90' lang='grc' dir='ltr'><em>δοὺς</em></span> <span class='ocrx_word' id='word_1_90' title='bbox 1381 1150 1676 1220; x_wconf 80' lang='grc' dir='ltr'><em>ἐξέπεμψεν</em></span> <span class='ocrx_word' id='word_1_91' title='bbox 1714 1152 1826 1220; x_wconf 79' lang='grc' dir='ltr'><em>ἅμα</em></span> 
     </span>
     <span class='ocr_line' id='line_1_13' title="bbox 142 1237 1824 1310; baseline 0.001 -19"><span class='ocrx_word' id='word_1_92' title='bbox 142 1238 260 1291; x_wconf 81' lang='grc' dir='ltr'><em>κατ’</em></span> <span class='ocrx_word' id='word_1_93' title='bbox 330 1239 597 1310; x_wconf 81' lang='grc' dir='ltr'><em>ἐμπορίαν</em></span> <span class='ocrx_word' id='word_1_94' title='bbox 664 1237 754 1292; x_wconf 85' lang='grc' dir='ltr'><em>καὶ</em></span> <span class='ocrx_word' id='word_1_95' title='bbox 822 1237 1081 1310; x_wconf 81' lang='grc' dir='ltr'><em>θεωρίαν.</em></span> <span class='ocrx_word' id='word_1_96' title='bbox 1174 1242 1546 1308; x_wconf 87' lang='grc' dir='ltr'><em>συστήσαντος</em></span> <span class='ocrx_word' id='word_1_97' title='bbox 1609 1238 1676 1292; x_wconf 87' lang='grc' dir='ltr'><em>δέ</em></span> <span class='ocrx_word' id='word_1_98' title='bbox 1730 1260 1824 1308; x_wconf 93' lang='grc' dir='ltr'><em>μοι</em></span> 
     </span>
     <span class='ocr_line' id='line_1_14' title="bbox 143 1328 1824 1398; baseline 0 -17"><span class='ocrx_word' id='word_1_99' title='bbox 143 1330 500 1398; x_wconf 79' lang='grc' dir='ltr'><em>Πυθοδώρου</em></span> <span class='ocrx_word' id='word_1_100' title='bbox 530 1337 630 1382; x_wconf 86' lang='grc' dir='ltr'><em>τοῦ</em></span> <span class='ocrx_word' id='word_1_101' title='bbox 658 1331 920 1391; x_wconf 90' lang='grc' dir='ltr'><em>Φοίνικος</em></span> <span class='ocrx_word' id='word_1_102' title='bbox 945 1331 1212 1381; x_wconf 88' lang='grc' dir='ltr'><em>Πασίωνα</em></span> <span class='ocrx_word' id='word_1_103' title='bbox 1245 1328 1495 1398; x_wconf 86' lang='grc' dir='ltr'><em>ἐχρώμην</em></span> <span class='ocrx_word' id='word_1_104' title='bbox 1525 1336 1588 1398; x_wconf 76' lang='grc' dir='ltr'><em>τῇ</em></span> <span class='ocrx_word' id='word_1_105' title='bbox 1622 1328 1824 1381; x_wconf 91' lang='grc' dir='ltr'><em>τούτου</em></span> 
     </span>
     <span class='ocr_line' id='line_1_15' title="bbox 141 1416 1826 1490; baseline -0.001 -20"><span class='ocrx_word' id='word_1_106' title='bbox 141 1417 387 1488; x_wconf 81' lang='grc' dir='ltr'><em>τραπέζῃ.</em></span> <span class='ocrx_word' id='word_1_107' title='bbox 454 1419 643 1490; x_wconf 74' lang='grc' dir='ltr'><em>’χρόνῳ</em></span> <span class='ocrx_word' id='word_1_108' title='bbox 692 1416 743 1470; x_wconf 86' lang='grc' dir='ltr'><em>δ’</em></span> <span class='ocrx_word' id='word_1_109' title='bbox 790 1417 1025 1487; x_wconf 83' lang='grc' dir='ltr'><em>ὕστερον</em></span> <span class='ocrx_word' id='word_1_110' title='bbox 1075 1419 1334 1486; x_wconf 85' lang='grc' dir='ltr'><em>διαβολῆς</em></span> <span class='ocrx_word' id='word_1_111' title='bbox 1379 1418 1516 1486; x_wconf 89' lang='grc' dir='ltr'><em>πρὸς</em></span> <span class='ocrx_word' id='word_1_112' title='bbox 1563 1417 1826 1487; x_wconf 77' lang='grc' dir='ltr'><em>Σάτυρον</em></span> 
     </span>
     <span class='ocr_line' id='line_1_16' title="bbox 140 1504 1891 1576; baseline 0 -17"><span class='ocrx_word' id='word_1_113' title='bbox 140 1505 455 1575; x_wconf 76' lang='grc' dir='ltr'><em>γενομένης,</em></span> <span class='ocrx_word' id='word_1_114' title='bbox 495 1507 568 1568; x_wconf 85' lang='grc' dir='ltr'><em>ὡς</em></span> <span class='ocrx_word' id='word_1_115' title='bbox 606 1504 696 1558; x_wconf 86' lang='grc' dir='ltr'><em>καὶ</em></span> <span class='ocrx_word' id='word_1_116' title='bbox 728 1506 756 1559; x_wconf 91' lang='grc' dir='ltr'>ὁ</span> <span class='ocrx_word' id='word_1_117' title='bbox 789 1506 964 1575; x_wconf 82' lang='grc' dir='ltr'><em>πατὴρ</em></span> <span class='ocrx_word' id='word_1_118' title='bbox 999 1505 1167 1574; x_wconf 89' lang='grc' dir='ltr'><em>οὑμὸς</em></span> <span class='ocrx_word' id='word_1_119' title='bbox 1200 1505 1548 1574; x_wconf 87' lang='grc' dir='ltr'><em>ἐπιβουλεύοι</em></span> <span class='ocrx_word' id='word_1_120' title='bbox 1581 1514 1643 1576; x_wconf 82' lang='grc' dir='ltr'><em>τῇ</em></span> <span class='ocrx_word' id='word_1_121' title='bbox 1685 1505 1823 1576; x_wconf 80' lang='grc' dir='ltr'><em>ἀρχῇ</em></span> <span class='ocrx_word' id='word_1_122' title='bbox 1849 1525 1891 1559; x_wconf 86' lang='lat'><em>15</em></span> 
     </span>
     <span class='ocr_line' id='line_1_17' title="bbox 140 1591 1825 1664; baseline -0.001 -17"><span class='ocrx_word' id='word_1_123' title='bbox 140 1595 288 1663; x_wconf 83' lang='grc' dir='ltr'><em>κάγὼ</em></span> <span class='ocrx_word' id='word_1_124' title='bbox 337 1603 452 1657; x_wconf 89' lang='grc' dir='ltr'><em>τοῖς</em></span> <span class='ocrx_word' id='word_1_125' title='bbox 498 1596 708 1663; x_wconf 84' lang='grc' dir='ltr'><em>φυγάσι</em></span> <span class='ocrx_word' id='word_1_126' title='bbox 755 1597 1142 1663; x_wconf 81' lang='grc' dir='ltr'><em>συγγενοίμην,</em></span> <span class='ocrx_word' id='word_1_127' title='bbox 1179 1595 1276 1646; x_wconf 89' lang='grc' dir='ltr'><em>τὸν</em></span> <span class='ocrx_word' id='word_1_128' title='bbox 1322 1591 1423 1663; x_wconf 76' lang='grc' dir='ltr'><em>μὲν</em></span> <span class='ocrx_word' id='word_1_129' title='bbox 1468 1593 1674 1664; x_wconf 89' lang='grc' dir='ltr'><em>πατέρα</em></span> <span class='ocrx_word' id='word_1_130' title='bbox 1717 1615 1825 1663; x_wconf 91' lang='grc' dir='ltr'><em>μου</em></span> 
     </span>
     <span class='ocr_line' id='line_1_18' title="bbox 142 1681 1828 1753; baseline -0.001 -16"><span class='ocrx_word' id='word_1_131' title='bbox 142 1685 537 1753; x_wconf 87' lang='grc' dir='ltr'><em>συλλαμβάνει,</em></span> <span class='ocrx_word' id='word_1_132' title='bbox 594 1682 893 1737; x_wconf 87' lang='grc' dir='ltr'><em>ἐπιστέλλει</em></span> <span class='ocrx_word' id='word_1_133' title='bbox 940 1681 1001 1736; x_wconf 77' lang='grc' dir='ltr'><em>δὲ</em></span> <span class='ocrx_word' id='word_1_134' title='bbox 1046 1692 1162 1745; x_wconf 88' lang='grc' dir='ltr'><em>τοῖς</em></span> <span class='ocrx_word' id='word_1_135' title='bbox 1209 1682 1411 1736; x_wconf 81' lang='grc' dir='ltr'><em>ἐνθάδε</em></span> <span class='ocrx_word' id='word_1_136' title='bbox 1463 1681 1828 1751; x_wconf 84' lang='grc' dir='ltr'><em>ἐπιδημοῦσιν</em></span> 
     </span>
     <span class='ocr_line' id='line_1_19' title="bbox 143 1759 1830 1842; baseline -0.001 -16"><span class='ocrx_word' id='word_1_137' title='bbox 143 1772 202 1826; x_wconf 85' lang='grc' dir='ltr'><em>ἐκ</em></span> <span class='ocrx_word' id='word_1_138' title='bbox 254 1780 353 1826; x_wconf 92' lang='grc' dir='ltr'><em>τοῦ</em></span> <span class='ocrx_word' id='word_1_139' title='bbox 401 1775 647 1840; x_wconf 91' lang='grc' dir='ltr'><em>Πόντου,</em></span> <span class='ocrx_word' id='word_1_140' title='bbox 702 1774 767 1825; x_wconf 81' lang='grc' dir='ltr'><em>τὰ</em></span> <span class='ocrx_word' id='word_1_141' title='bbox 819 1775 1065 1841; x_wconf 86' lang='grc' dir='ltr'><em>χρήματα</em></span> <span class='ocrx_word' id='word_1_142' title='bbox 1120 1770 1250 1841; x_wconf 87' lang='grc' dir='ltr'><em>παρ’</em></span> <span class='ocrx_word' id='word_1_143' title='bbox 1298 1771 1431 1840; x_wconf 86' lang='grc' dir='ltr'><em>ἐμοῦ</em></span> <span class='ocrx_word' id='word_1_144' title='bbox 1488 1759 1830 1842; x_wconf 82' lang='grc' dir='ltr'><em>παραλαβεῖν</em></span> 
     </span>
     <span class='ocr_line' id='line_1_20' title="bbox 142 1857 1828 1929; baseline 0 -16"><span class='ocrx_word' id='word_1_145' title='bbox 142 1859 231 1913; x_wconf 87' lang='grc' dir='ltr'><em>καὶ</em></span> <span class='ocrx_word' id='word_1_146' title='bbox 286 1860 456 1913; x_wconf 87' lang='grc' dir='ltr'><em>αὐτὸν</em></span> <span class='ocrx_word' id='word_1_147' title='bbox 509 1862 752 1914; x_wconf 76' lang='grc' dir='ltr'><em>εἰσπλεῖν</em></span> <span class='ocrx_word' id='word_1_148' title='bbox 797 1862 1067 1929; x_wconf 84' lang='grc' dir='ltr'><em>κελεύειν,</em></span> <span class='ocrx_word' id='word_1_149' title='bbox 1123 1859 1219 1913; x_wconf 84' lang='grc' dir='ltr'><em>ἐὰν</em></span> <span class='ocrx_word' id='word_1_150' title='bbox 1273 1857 1334 1912; x_wconf 75' lang='grc' dir='ltr'><em>δὲ</em></span> <span class='ocrx_word' id='word_1_151' title='bbox 1387 1861 1600 1913; x_wconf 91' lang='grc' dir='ltr'><em>τούτων</em></span> <span class='ocrx_word' id='word_1_152' title='bbox 1653 1858 1828 1929; x_wconf 78' lang='grc' dir='ltr'><em>μηδὲν</em></span> 
     </span>
     <span class='ocr_line' id='line_1_21' title="bbox 141 1946 1898 2017; baseline 0 -16"><span class='ocrx_word' id='word_1_153' title='bbox 141 1958 305 2016; x_wconf 82' lang='grc' dir='ltr'><em>ποιῶ,</em></span> <span class='ocrx_word' id='word_1_154' title='bbox 359 1947 487 2017; x_wconf 84' lang='grc' dir='ltr'><em>παρ’</em></span> <span class='ocrx_word' id='word_1_155' title='bbox 535 1949 692 2017; x_wconf 84' lang='grc' dir='ltr'><em>ὑμῶν</em></span> <span class='ocrx_word' id='word_1_156' title='bbox 746 1948 988 2013; x_wconf 82' lang='grc' dir='ltr'><em>ἐξαιτεῖν.</em></span> <span class='ocrx_word' id='word_1_157' title='bbox 1074 1948 1134 2002; x_wconf 92' lang='grc' dir='ltr'><em>ἐν</em></span> <span class='ocrx_word' id='word_1_158' title='bbox 1189 1949 1475 2011; x_wconf 87' lang='grc' dir='ltr'><em>τοσούτοις</em></span> <span class='ocrx_word' id='word_1_159' title='bbox 1530 1946 1590 2001; x_wconf 76' lang='grc' dir='ltr'><em>δὲ</em></span> <span class='ocrx_word' id='word_1_160' title='bbox 1644 1958 1830 2011; x_wconf 81' lang='grc' dir='ltr'><em>κακοῖς</em></span> <span class='ocrx_word' id='word_1_161' title='bbox 1853 1970 1898 2001; x_wconf 80' lang='lat'><em>20</em></span> 
     </span>
     <span class='ocr_line' id='line_1_22' title="bbox 53 2033 1826 2108; baseline 0 -18"><span class='ocrx_word' id='word_1_162' title='bbox 53 2050 139 2089; x_wconf 84' lang='lat'><em>580</em></span> <span class='ocrx_word' id='word_1_163' title='bbox 166 2038 267 2105; x_wconf 81' lang='grc' dir='ltr'><em>ὥν,</em></span> <span class='ocrx_word' id='word_1_164' title='bbox 322 2033 364 2090; x_wconf 84' lang='grc' dir='ltr'><em>ὦ</em></span> <span class='ocrx_word' id='word_1_165' title='bbox 416 2038 613 2107; x_wconf 78' lang='grc' dir='ltr'><em>ἄνδρες</em></span> <span class='ocrx_word' id='word_1_166' title='bbox 666 2039 940 2106; x_wconf 88' lang='grc' dir='ltr'><em>δικασταί,</em></span> <span class='ocrx_word' id='word_1_167' title='bbox 991 2037 996 2108; x_wconf 73' lang='grc' dir='ltr'>Ι</span> <span class='ocrx_word' id='word_1_168' title='bbox 1047 2036 1186 2105; x_wconf 88' lang='grc' dir='ltr'><em>λέγω</em></span> <span class='ocrx_word' id='word_1_169' title='bbox 1233 2038 1371 2106; x_wconf 88' lang='grc' dir='ltr'><em>πρὸς</em></span> <span class='ocrx_word' id='word_1_170' title='bbox 1418 2040 1684 2090; x_wconf 90' lang='grc' dir='ltr'><em>Πασίωνα</em></span> <span class='ocrx_word' id='word_1_171' title='bbox 1731 2039 1826 2100; x_wconf 83' lang='grc' dir='ltr'><em>τὰς</em></span> 
     </span>
     <span class='ocr_line' id='line_1_23' title="bbox 103 2125 1828 2195; baseline -0.002 -15"><span class='ocrx_word' id='word_1_172' title='bbox 103 2168 113 2180; x_wconf 76' lang='grc'><em>,</em></span> <span class='ocrx_word' id='word_1_173' title='bbox 144 2125 382 2194; x_wconf 84' lang='grc' dir='ltr'><em>ἐμαυτοῦ</em></span> <span class='ocrx_word' id='word_1_174' title='bbox 446 2127 745 2195; x_wconf 86' lang='grc' dir='ltr'><em>συμφοράς.</em></span> <span class='ocrx_word' id='word_1_175' title='bbox 830 2126 971 2179; x_wconf 84' lang='grc' dir='ltr'><em>οὕτω</em></span> <span class='ocrx_word' id='word_1_176' title='bbox 1027 2127 1131 2194; x_wconf 79' lang='grc' dir='ltr'><em>γὰρ</em></span> <span class='ocrx_word' id='word_1_177' title='bbox 1190 2126 1402 2188; x_wconf 82' lang='grc' dir='ltr'><em>οἰκείως</em></span> <span class='ocrx_word' id='word_1_178' title='bbox 1462 2126 1599 2194; x_wconf 90' lang='grc' dir='ltr'><em>πρὸς</em></span> <span class='ocrx_word' id='word_1_179' title='bbox 1657 2125 1828 2178; x_wconf 89' lang='grc' dir='ltr'><em>αὐτὸν</em></span> 
     </span>
    </p>
   </div>
   <div class='ocr_carea' id='block_1_3' title="bbox 143 2282 1824 2993">
    <p class='ocr_par' dir='ltr' id='par_1_3' title="bbox 143 2282 1824 2814">
     <span class='ocr_line' id='line_1_24' title="bbox 261 2282 1820 2343; baseline 0.001 -15"><span class='ocrx_word' id='word_1_180' title='bbox 261 2290 286 2327; x_wconf 80' lang='lat'><strong>2</strong></span> <span class='ocrx_word' id='word_1_181' title='bbox 318 2293 408 2329; x_wconf 87' lang='grc' dir='ltr'><em>τῶν</em></span> <span class='ocrx_word' id='word_1_182' title='bbox 440 2284 683 2343; x_wconf 85' lang='grc' dir='ltr'><em>χρημάτων</em></span> <span class='ocrx_word' id='word_1_183' title='bbox 715 2286 757 2328; x_wconf 83' lang='lat' dir='ltr'><em>Is</em></span> <span class='ocrx_word' id='word_1_184' title='bbox 787 2289 873 2329; x_wconf 88' lang='grc' dir='ltr'><em>ΓΕ</em></span> <span class='ocrx_word' id='word_1_185' title='bbox 966 2290 991 2328; x_wconf 90' lang='grc'><strong>3</strong></span> <span class='ocrx_word' id='word_1_186' title='bbox 1024 2283 1094 2343; x_wconf 77' lang='grc' dir='ltr'><em>δὲ]</em></span> <span class='ocrx_word' id='word_1_187' title='bbox 1130 2282 1215 2329; x_wconf 87' lang='grc' dir='ltr'><em>οὖν</em></span> <span class='ocrx_word' id='word_1_188' title='bbox 1247 2285 1289 2327; x_wconf 83' lang='lat' dir='ltr'><em>Is</em></span> <span class='ocrx_word' id='word_1_189' title='bbox 1318 2286 1323 2340; x_wconf 93' lang='grc' dir='ltr'>Ι</span> <span class='ocrx_word' id='word_1_190' title='bbox 1353 2282 1477 2335; x_wconf 80' lang='grc' dir='ltr'><em>ὅπως</em></span> <span class='ocrx_word' id='word_1_191' title='bbox 1505 2282 1564 2328; x_wconf 73' lang='grc' dir='ltr'><em>ἂν</em></span> <span class='ocrx_word' id='word_1_192' title='bbox 1590 2285 1820 2343; x_wconf 86' lang='grc' dir='ltr'><em>δύνωμαι]</em></span> 
     </span>
     <span class='ocr_line' id='line_1_25' title="bbox 143 2343 1822 2400; baseline 0.001 -14"><span class='ocrx_word' id='word_1_193' title='bbox 143 2357 217 2387; x_wconf 91' lang='lat' dir='ltr'><em>om</em></span> <span class='ocrx_word' id='word_1_194' title='bbox 256 2344 299 2387; x_wconf 89' lang='lat' dir='ltr'><em>Is</em></span> <span class='ocrx_word' id='word_1_195' title='bbox 335 2347 422 2388; x_wconf 87' lang='grc' dir='ltr'><em>ΓΕ</em></span> <span class='ocrx_word' id='word_1_196' title='bbox 476 2346 536 2395; x_wconf 87' lang='grc' dir='ltr'><em>ὡς</em></span> <span class='ocrx_word' id='word_1_197' title='bbox 582 2343 641 2388; x_wconf 71' lang='grc' dir='ltr'><em>ἂν</em></span> <span class='ocrx_word' id='word_1_198' title='bbox 689 2345 899 2400; x_wconf 84' lang='grc' dir='ltr'><em>δύνωμαι</em></span> <span class='ocrx_word' id='word_1_199' title='bbox 938 2359 967 2387; x_wconf 83' lang='lat' dir='ltr'><strong>v</strong></span> <span class='ocrx_word' id='word_1_200' title='bbox 1074 2350 1098 2387; x_wconf 86' lang='lat'>5</span> <span class='ocrx_word' id='word_1_201' title='bbox 1149 2347 1367 2394; x_wconf 87' lang='grc' dir='ltr'><em>Σωπαῖος</em></span> <span class='ocrx_word' id='word_1_202' title='bbox 1412 2344 1476 2388; x_wconf 82' lang='lat' dir='ltr'><em>Is:</em></span> <span class='ocrx_word' id='word_1_203' title='bbox 1528 2345 1739 2395; x_wconf 86' lang='grc' dir='ltr'><em>Σιωπεύς</em></span> <span class='ocrx_word' id='word_1_204' title='bbox 1786 2345 1822 2387; x_wconf 94' lang='grc' dir='ltr'>Ρ</span> 
     </span>
     <span class='ocr_line' id='line_1_26' title="bbox 144 2402 1824 2460; baseline 0 -14"><span class='ocrx_word' id='word_1_205' title='bbox 144 2403 384 2454; x_wconf 84' lang='grc' dir='ltr'><em>Σινωπεύς</em></span> <span class='ocrx_word' id='word_1_206' title='bbox 416 2404 553 2446; x_wconf 90' lang='lat' dir='ltr'><em>FMP</em></span> <span class='ocrx_word' id='word_1_207' title='bbox 674 2409 698 2447; x_wconf 82' lang='lat'><strong>7</strong></span> <span class='ocrx_word' id='word_1_208' title='bbox 732 2406 874 2460; x_wconf 88' lang='grc' dir='ltr'><em>πολῆς</em></span> <span class='ocrx_word' id='word_1_209' title='bbox 906 2404 941 2446; x_wconf 94' lang='grc' dir='ltr'>Ρ</span> <span class='ocrx_word' id='word_1_210' title='bbox 976 2405 981 2459; x_wconf 93' lang='grc' dir='ltr'>Ι</span> <span class='ocrx_word' id='word_1_211' title='bbox 1018 2402 1596 2460; x_wconf 80' lang='grc' dir='ltr'><em>ἁπάσης-ἐπιμελεῖσθαι</em></span> <span class='ocrx_word' id='word_1_212' title='bbox 1637 2403 1730 2447; x_wconf 84' lang='lat' dir='ltr'><em>add</em></span> <span class='ocrx_word' id='word_1_213' title='bbox 1764 2402 1824 2446; x_wconf 85' lang='lat' dir='ltr'><em>F²</em></span> 
     </span>
     <span class='ocr_line' id='line_1_27' title="bbox 143 2461 1822 2519; baseline 0.001 -15"><span class='ocrx_word' id='word_1_214' title='bbox 143 2461 191 2504; x_wconf 90' lang='lat' dir='ltr'><em>in</em></span> <span class='ocrx_word' id='word_1_215' title='bbox 222 2477 302 2518; x_wconf 87' lang='lat' dir='ltr'><em>mg</em></span> <span class='ocrx_word' id='word_1_216' title='bbox 414 2467 439 2506; x_wconf 89' lang='grc'>8</span> <span class='ocrx_word' id='word_1_217' title='bbox 471 2469 551 2519; x_wconf 88' lang='grc' dir='ltr'><em>τῆς</em></span> <span class='ocrx_word' id='word_1_218' title='bbox 582 2462 631 2505; x_wconf 91' lang='lat' dir='ltr'><em>in</em></span> <span class='ocrx_word' id='word_1_219' title='bbox 662 2465 793 2506; x_wconf 73' lang='lat' dir='ltr'><strong>textu</strong></span> <span class='ocrx_word' id='word_1_220' title='bbox 825 2462 919 2506; x_wconf 87' lang='lat' dir='ltr'><em>add</em></span> <span class='ocrx_word' id='word_1_221' title='bbox 951 2462 984 2504; x_wconf 89' lang='lat' dir='ltr'><strong>F</strong></span> <span class='ocrx_word' id='word_1_222' title='bbox 1094 2467 1120 2505; x_wconf 87' lang='lat'>9</span> <span class='ocrx_word' id='word_1_223' title='bbox 1153 2469 1207 2519; x_wconf 89' lang='grc' dir='ltr'><em>τῆ</em></span> <span class='ocrx_word' id='word_1_224' title='bbox 1240 2462 1377 2518; x_wconf 79' lang='grc' dir='ltr'><em>ἄλλης</em></span> <span class='ocrx_word' id='word_1_225' title='bbox 1410 2462 1444 2505; x_wconf 92' lang='lat' dir='ltr'><strong>F</strong></span> <span class='ocrx_word' id='word_1_226' title='bbox 1560 2466 1614 2505; x_wconf 90' lang='lat'><em>10</em></span> <span class='ocrx_word' id='word_1_227' title='bbox 1649 2462 1822 2506; x_wconf 81' lang='grc' dir='ltr'><em>ἐπεθύ-</em></span> 
     </span>
     <span class='ocr_line' id='line_1_28' title="bbox 143 2520 1776 2578; baseline 0 -14"><span class='ocrx_word' id='word_1_228' title='bbox 143 2535 285 2577; x_wconf 86' lang='grc' dir='ltr'><em>μησεν</em></span> <span class='ocrx_word' id='word_1_229' title='bbox 324 2521 417 2564; x_wconf 87' lang='lat' dir='ltr'><em>FM</em></span> <span class='ocrx_word' id='word_1_230' title='bbox 475 2521 768 2578; x_wconf 82' lang='grc' dir='ltr'><em>ἐπεθύμησεν</em></span> <span class='ocrx_word' id='word_1_231' title='bbox 800 2522 836 2564; x_wconf 91' lang='grc' dir='ltr'>Β</span> <span class='ocrx_word' id='word_1_232' title='bbox 879 2538 909 2564; x_wconf 91' lang='grc' dir='ltr'><em>α</em></span> <span class='ocrx_word' id='word_1_233' title='bbox 942 2535 1079 2578; x_wconf 82' lang='lat' dir='ltr'>super</span> <span class='ocrx_word' id='word_1_234' title='bbox 1110 2537 1160 2566; x_wconf 86' lang='grc' dir='ltr'><em>εν</em></span> <span class='ocrx_word' id='word_1_235' title='bbox 1193 2521 1356 2565; x_wconf 76' lang='lat' dir='ltr'>addito</span> <span class='ocrx_word' id='word_1_236' title='bbox 1405 2520 1708 2578; x_wconf 80' lang='grc' dir='ltr'><em>ἐπεθύμησαν</em></span> <span class='ocrx_word' id='word_1_237' title='bbox 1741 2522 1776 2564; x_wconf 91' lang='grc' dir='ltr'>Ρ</span> 
     </span>
     <span class='ocr_line' id='line_1_29' title="bbox 143 2578 1748 2637; baseline 0.001 -14"><span class='ocrx_word' id='word_1_238' title='bbox 143 2596 211 2635; x_wconf 83' lang='grc' dir='ltr'><em>γρ.</em></span> <span class='ocrx_word' id='word_1_239' title='bbox 245 2579 476 2636; x_wconf 79' lang='grc' dir='ltr'><em>ἐμπλήσας</em></span> <span class='ocrx_word' id='word_1_240' title='bbox 502 2585 537 2624; x_wconf 84' lang='lat'><em>1&#39;</em></span> <span class='ocrx_word' id='word_1_241' title='bbox 538 2585 544 2600; x_wconf 88' lang='lat'><em>&#39;</em></span> <span class='ocrx_word' id='word_1_242' title='bbox 562 2595 628 2625; x_wconf 85' lang='lat' dir='ltr'><em>rc:</em></span> <span class='ocrx_word' id='word_1_243' title='bbox 664 2580 949 2637; x_wconf 82' lang='grc' dir='ltr'><em>ἐπιδημήσας</em></span> <span class='ocrx_word' id='word_1_244' title='bbox 980 2580 1029 2634; x_wconf 79' lang='lat' dir='ltr'><em>F,</em></span> <span class='ocrx_word' id='word_1_245' title='bbox 1062 2580 1232 2624; x_wconf 82' lang='lat' dir='ltr'>omisso</span> <span class='ocrx_word' id='word_1_246' title='bbox 1266 2579 1410 2624; x_wconf 80' lang='lat' dir='ltr'>etiam</span> <span class='ocrx_word' id='word_1_247' title='bbox 1442 2584 1664 2636; x_wconf 79' lang='lat' dir='ltr'><strong>sequente</strong></span> <span class='ocrx_word' id='word_1_248' title='bbox 1697 2578 1748 2624; x_wconf 75' lang='grc' dir='ltr'><em>δὲ</em></span> 
     </span>
     <span class='ocr_line' id='line_1_30' title="bbox 144 2637 1823 2696; baseline 0.001 -15"><span class='ocrx_word' id='word_1_249' title='bbox 144 2637 359 2683; x_wconf 80' lang='lat' dir='ltr'><strong>lacunam</strong></span> <span class='ocrx_word' id='word_1_250' title='bbox 393 2639 538 2684; x_wconf 74' lang='lat' dir='ltr'>habet</span> <span class='ocrx_word' id='word_1_251' title='bbox 570 2640 654 2683; x_wconf 88' lang='lat' dir='ltr'><em>XV</em></span> <span class='ocrx_word' id='word_1_252' title='bbox 685 2640 779 2684; x_wconf 84' lang='lat' dir='ltr'><strong>fere</strong></span> <span class='ocrx_word' id='word_1_253' title='bbox 812 2639 903 2695; x_wconf 76' lang='lat' dir='ltr'>litt,</span> <span class='ocrx_word' id='word_1_254' title='bbox 936 2640 972 2682; x_wconf 90' lang='lat' dir='ltr'>P</span> <span class='ocrx_word' id='word_1_255' title='bbox 1003 2638 1044 2682; x_wconf 91' lang='lat' dir='ltr'>X</span> <span class='ocrx_word' id='word_1_256' title='bbox 1075 2639 1170 2684; x_wconf 81' lang='lat' dir='ltr'><strong>fere</strong></span> <span class='ocrx_word' id='word_1_257' title='bbox 1203 2639 1295 2695; x_wconf 71' lang='lat' dir='ltr'>litt,</span> <span class='ocrx_word' id='word_1_258' title='bbox 1328 2639 1444 2683; x_wconf 77' lang='lat' dir='ltr'>item</span> <span class='ocrx_word' id='word_1_259' title='bbox 1474 2639 1523 2682; x_wconf 87' lang='lat' dir='ltr'><em>in</em></span> <span class='ocrx_word' id='word_1_260' title='bbox 1549 2639 1585 2682; x_wconf 92' lang='lat' dir='ltr'><strong>B</strong></span> <span class='ocrx_word' id='word_1_261' title='bbox 1619 2639 1823 2696; x_wconf 76' lang='lat' dir='ltr'><strong>spatium</strong></span> 
     </span>
     <span class='ocr_line' id='line_1_31' title="bbox 143 2696 1820 2756; baseline 0.002 -17"><span class='ocrx_word' id='word_1_262' title='bbox 143 2710 354 2742; x_wconf 81' lang='lat' dir='ltr'>uacuum.</span> <span class='ocrx_word' id='word_1_263' title='bbox 424 2697 612 2755; x_wconf 75' lang='grc' dir='ltr'><em>γεμίσας</em></span> <span class='ocrx_word' id='word_1_264' title='bbox 657 2697 704 2742; x_wconf 83' lang='grc' dir='ltr'><em>δ’</em></span> <span class='ocrx_word' id='word_1_265' title='bbox 747 2699 865 2742; x_wconf 82' lang='lat' dir='ltr'><strong>avIs</strong></span> <span class='ocrx_word' id='word_1_266' title='bbox 928 2696 1114 2755; x_wconf 82' lang='grc' dir='ltr'><em>γεμίσας</em></span> <span class='ocrx_word' id='word_1_267' title='bbox 1161 2696 1246 2743; x_wconf 81' lang='grc' dir='ltr'><em>οὖν</em></span> <span class='ocrx_word' id='word_1_268' title='bbox 1292 2699 1334 2741; x_wconf 88' lang='lat' dir='ltr'><em>Is</em></span> <span class='ocrx_word' id='word_1_269' title='bbox 1353 2701 1439 2742; x_wconf 91' lang='grc' dir='ltr'><em>ΓΕ</em></span> <span class='ocrx_word' id='word_1_270' title='bbox 1573 2704 1621 2742; x_wconf 93' lang='grc'><em>11</em></span> <span class='ocrx_word' id='word_1_271' title='bbox 1674 2697 1820 2756; x_wconf 84' lang='grc' dir='ltr'><em>σίτου]</em></span> 
     </span>
     <span class='ocr_line' id='line_1_32' title="bbox 143 2755 1820 2814; baseline 0.001 -16"><span class='ocrx_word' id='word_1_272' title='bbox 143 2763 234 2799; x_wconf 86' lang='grc' dir='ltr'><em>ποῦ</em></span> <span class='ocrx_word' id='word_1_273' title='bbox 266 2757 301 2799; x_wconf 89' lang='lat' dir='ltr'><strong>F</strong></span> <span class='ocrx_word' id='word_1_274' title='bbox 347 2772 439 2802; x_wconf 86' lang='grc' dir='ltr'><em>που</em></span> <span class='ocrx_word' id='word_1_275' title='bbox 471 2758 613 2801; x_wconf 90' lang='grc' dir='ltr'><em>ΜΡΒ</em></span> <span class='ocrx_word' id='word_1_276' title='bbox 722 2763 775 2801; x_wconf 86' lang='grc'><em>14</em></span> <span class='ocrx_word' id='word_1_277' title='bbox 808 2755 858 2801; x_wconf 76' lang='grc' dir='ltr'><em>δὲ</em></span> <span class='ocrx_word' id='word_1_278' title='bbox 891 2755 1081 2812; x_wconf 74' lang='grc' dir='ltr'><em>ὕστερον</em></span> <span class='ocrx_word' id='word_1_279' title='bbox 1112 2758 1251 2801; x_wconf 87' lang='grc' dir='ltr'><em>ΜΒΡ</em></span> <span class='ocrx_word' id='word_1_280' title='bbox 1359 2763 1411 2800; x_wconf 88' lang='lat'><em>15</em></span> <span class='ocrx_word' id='word_1_281' title='bbox 1445 2758 1506 2808; x_wconf 90' lang='grc' dir='ltr'><em>ὡς</em></span> <span class='ocrx_word' id='word_1_282' title='bbox 1538 2757 1562 2801; x_wconf 90' lang='grc' dir='ltr'>ὁ</span> <span class='ocrx_word' id='word_1_283' title='bbox 1594 2758 1745 2814; x_wconf 84' lang='grc' dir='ltr'><em>πατὴρ</em></span> <span class='ocrx_word' id='word_1_284' title='bbox 1778 2757 1820 2800; x_wconf 82' lang='lat' dir='ltr'><em>Is</em></span> 
     </span>
    </p>

    <p class='ocr_par' dir='ltr' id='par_1_4' title="bbox 145 2815 1821 2931">
     <span class='ocr_line' id='line_1_33' title="bbox 264 2815 1821 2874; baseline 0 -15"><span class='ocrx_word' id='word_1_285' title='bbox 264 2821 317 2859; x_wconf 89' lang='lat'><em>16</em></span> <span class='ocrx_word' id='word_1_286' title='bbox 349 2817 429 2860; x_wconf 83' lang='grc' dir='ltr'><em>καὶ</em></span> <span class='ocrx_word' id='word_1_287' title='bbox 462 2816 707 2873; x_wconf 73' lang='grc' dir='ltr'><em>ἐγὼ.ΕΒΡ</em></span> <span class='ocrx_word' id='word_1_288' title='bbox 735 2819 740 2873; x_wconf 90' lang='grc' dir='ltr'>Ι</span> <span class='ocrx_word' id='word_1_289' title='bbox 770 2815 1055 2872; x_wconf 83' lang='grc' dir='ltr'><em>συγγενόμην</em></span> <span class='ocrx_word' id='word_1_290' title='bbox 1086 2816 1122 2860; x_wconf 82' lang='lat' dir='ltr'><strong>F</strong></span> <span class='ocrx_word' id='word_1_291' title='bbox 1229 2821 1284 2860; x_wconf 85' lang='lat'><em>18</em></span> <span class='ocrx_word' id='word_1_292' title='bbox 1316 2818 1475 2874; x_wconf 87' lang='grc' dir='ltr'><em>λαβεῖν</em></span> <span class='ocrx_word' id='word_1_293' title='bbox 1508 2816 1542 2858; x_wconf 87' lang='lat' dir='ltr'><strong>F</strong></span> <span class='ocrx_word' id='word_1_294' title='bbox 1652 2822 1704 2860; x_wconf 83' lang='lat'><em>19</em></span> <span class='ocrx_word' id='word_1_295' title='bbox 1738 2818 1821 2859; x_wconf 85' lang='grc' dir='ltr'><em>αὐ·-</em></span> 
     </span>
     <span class='ocr_line' id='line_1_34' title="bbox 145 2871 1820 2931; baseline 0 -15"><span class='ocrx_word' id='word_1_296' title='bbox 145 2871 225 2917; x_wconf 88' lang='grc' dir='ltr'><em>τὸν</em></span> <span class='ocrx_word' id='word_1_297' title='bbox 249 2873 330 2916; x_wconf 83' lang='lat' dir='ltr'><em>FB</em></span> <span class='ocrx_word' id='word_1_298' title='bbox 354 2874 403 2917; x_wconf 90' lang='lat' dir='ltr'><em>in</em></span> <span class='ocrx_word' id='word_1_299' title='bbox 427 2891 518 2931; x_wconf 73' lang='lat' dir='ltr'><em>mg.</em></span> <span class='ocrx_word' id='word_1_300' title='bbox 544 2876 599 2920; x_wconf 94' lang='lat' dir='ltr'><em>P:</em></span> <span class='ocrx_word' id='word_1_301' title='bbox 626 2877 779 2920; x_wconf 87' lang='grc' dir='ltr'><em>αὐτῶν</em></span> <span class='ocrx_word' id='word_1_302' title='bbox 804 2876 851 2918; x_wconf 92' lang='grc' dir='ltr'><strong>Μ</strong></span> <span class='ocrx_word' id='word_1_303' title='bbox 898 2876 1021 2919; x_wconf 85' lang='grc' dir='ltr'><em>αὐτῶ</em></span> <span class='ocrx_word' id='word_1_304' title='bbox 1054 2875 1090 2918; x_wconf 96' lang='grc' dir='ltr'>Β</span> <span class='ocrx_word' id='word_1_305' title='bbox 1123 2875 1246 2919; x_wconf 78' lang='lat' dir='ltr'><strong>intra.</strong></span> <span class='ocrx_word' id='word_1_306' title='bbox 1270 2889 1374 2920; x_wconf 80' lang='lat' dir='ltr'>uers</span> <span class='ocrx_word' id='word_1_307' title='bbox 1403 2878 1408 2931; x_wconf 86' lang='grc' dir='ltr'>Ι</span> <span class='ocrx_word' id='word_1_308' title='bbox 1436 2875 1610 2919; x_wconf 83' lang='grc' dir='ltr'><em>κελεύει</em></span> <span class='ocrx_word' id='word_1_309' title='bbox 1636 2875 1820 2918; x_wconf 91' lang='lat' dir='ltr'><strong>FMBP</strong></span> 
     </span>
    </p>

    <p class='ocr_par' dir='ltr' id='par_1_5' title="bbox 262 2932 1820 2993">
     <span class='ocr_line' id='line_1_35' title="bbox 262 2932 1820 2993; baseline 0 -19"><span class='ocrx_word' id='word_1_310' title='bbox 262 2937 318 2975; x_wconf 81' lang='lat'><em>20</em></span> <span class='ocrx_word' id='word_1_311' title='bbox 350 2941 478 2991; x_wconf 89' lang='grc' dir='ltr'><em>ποιῆι</em></span> <span class='ocrx_word' id='word_1_312' title='bbox 511 2935 590 2977; x_wconf 82' lang='lat' dir='ltr'><em>FP</em></span> <span class='ocrx_word' id='word_1_313' title='bbox 644 2941 753 2991; x_wconf 91' lang='grc' dir='ltr'><em>ποιῆ</em></span> <span class='ocrx_word' id='word_1_314' title='bbox 787 2934 879 2977; x_wconf 91' lang='grc' dir='ltr'><em>ΜΒ</em></span> <span class='ocrx_word' id='word_1_315' title='bbox 916 2935 921 2993; x_wconf 80' lang='grc'>1</span> <span class='ocrx_word' id='word_1_316' title='bbox 969 2933 1135 2987; x_wconf 80' lang='grc' dir='ltr'><em>ἐξετεΐν</em></span> <span class='ocrx_word' id='word_1_317' title='bbox 1168 2934 1249 2978; x_wconf 91' lang='grc' dir='ltr'><em>ΡΒ</em></span> <span class='ocrx_word' id='word_1_318' title='bbox 1372 2939 1426 2977; x_wconf 79' lang='grc'><em>22</em></span> <span class='ocrx_word' id='word_1_319' title='bbox 1460 2932 1603 2984; x_wconf 71' lang='grc' dir='ltr'><em>οὕτως</em></span> <span class='ocrx_word' id='word_1_320' title='bbox 1637 2933 1820 2976; x_wconf 86' lang='lat' dir='ltr'><strong>FMBP</strong></span> 
     </span>
    </p>
   </div>
  </div>
 </body>
</html>
