2004 3202
180 143 290 196 284
1934 0 2004 284 1

512 531 617 590 DE
664 528 951 588 LYSIAE
1002 529 1532 589 ORATIONIBVS

290 676 604 729 DIONYSIVS
653 674 715 725 de
753 673 877 741 LyS.
914 673 983 724 14
1000 676 1118 725 extr
1155 693 1190 742 Ρ
1225 672 1319 744 25,
1351 674 1384 725 3
1434 675 1582 727 ἰδίαν
1629 672 1689 727 δὲ
1734 673 1862 744 περὶ

179 773 279 818 τοῦ
328 765 557 834 ῥήτορος
603 764 979 833 πραγματείαν
1025 764 1481 831 συνταττόμενος,
1530 762 1589 815 ἐν
1627 755 1663 834 ᾗ
1699 763 1765 815 τά
1803 782 1864 815 τε

179 854 317 906 ἄλλα
371 853 757 921 δηλωθήσεταί
805 871 899 920 μοι
951 849 1043 903 καὶ
1096 854 1241 913 τίνες
1297 849 1437 903 εἰσὶν
1487 850 1658 903 αὐτοῦ
1703 852 1864 918 λόγοι

177 943 420 1009 γνήσιοι,
482 941 582 1007 τὴν
636 939 923 1009 ἀκρίβειαν
977 938 1038 991 ἐν
1091 938 1321 1001 ἐκείνοις
1374 937 1463 991 καὶ
1518 937 1641 1009 περὶ
1695 941 1861 992 τοῦδε

133 1048 153 1080 5
180 1027 324 1100 (uide
363 1030 412 1080 fr
445 1026 501 1099 9)
542 1028 850 1081 ἀποδοῦναι
888 1028 1218 1098 πειράσομαι
1257 1035 1356 1080 τοῦ
1395 1030 1578 1095 λόγου.

287 1117 426 1169 idem
465 1116 579 1168 ibid
614 1117 681 1168 12
721 1136 756 1186 Ρ
791 1117 885 1186 22,
918 1117 950 1168 8
999 1115 1115 1169 ἀλλ’
1161 1113 1300 1185 ὑπὲρ
1348 1113 1449 1185 μὲν
1495 1116 1707 1168 τούτων
1753 1114 1861 1169 ἑτέ-

178 1212 322 1277 ρωθι
362 1207 744 1274 δηλωθήσεται
784 1203 878 1257 διὰ
916 1206 1205 1257 πλειόνων.

1009 1364 1031 1406 Ι

285 1455 374 1509 PS.
407 1455 797 1508 PLVTAROHVS
839 1454 901 1506 de
941 1453 1071 1506 uitis
1100 1454 1150 1507 X
1190 1459 1320 1508 orat.
1361 1475 1396 1524 Ρ
1426 1455 1556 1509 8362
1595 1453 1859 1525 φέρονται

177 1542 224 1596 δ’
273 1544 445 1597 αὐτοῦ
486 1547 642 1611 λόγοι
682 1546 800 1597 υ-κὲ.
877 1543 1090 1596 τούτων
1128 1547 1391 1611 γνησίους
1430 1541 1602 1612 φασὶν
1641 1544 1694 1595 οὶ
1731 1542 1857 1614 περὶ
1893 1558 1921 1596 7

108 1651 151 1683 10
175 1633 486 1686 Διονύσιον
523 1631 615 1684 καὶ
654 1634 949 1684 Καικίλιον
988 1627 1130 1684 εἶναι
1164 1619 1295 1699 W·
1341 1631 1401 1684 ἐν
1441 1624 1522 1693 οἷς
1561 1630 1647 1694 δὶς
1685 1630 1860 1700 μόνον

174 1720 445 1788 ἡττῆσθαι
484 1719 712 1788 λέγεται.

287 1811 402 1861 ἔστι
441 1807 490 1860 δ’
530 1808 701 1861 αὐτοῦ
739 1806 831 1861 καὶ
872 1808 900 1861 ὁ
939 1805 1079 1878 ὑπὲρ
1119 1816 1219 1861 τοῦ
1257 1811 1608 1877 ψηφίσματος
1639 1808 1668 1861 ὃ
1703 1808 1860 1879 ἐγρά-

175 1906 315 1961 ψατο
345 1895 597 1967 Ἀρχῖνος
628 1898 729 1964 τὴν
759 1899 1043 1949 πολιτείαν
1075 1896 1247 1949 αὐτοῦ
1277 1895 1563 1967 περιὲλῶν,
1602 1895 1694 1950 καὶ
1723 1899 1860 1950 κατὰ

174 1995 286 2038 τῶν
322 1974 366 2038 λ
396 1984 593 2055 ἕτερος.
656 2026 667 2037 .
693 2026 704 2037 .
731 2026 741 2037 .
767 2026 778 2037 .
805 1983 910 2037 εἰσὶ
950 1983 999 2037 δ’
1040 1985 1187 2056 αὐτῷ
1224 1984 1314 2038 καὶ
1354 1984 1538 2054 τέχναι
1576 1983 1860 2055 ῥητορικαὶ

109 2091 151 2123 15
175 2073 536 2143 πεποιημέναι
583 2072 675 2126 καὶ
722 2075 1078 2143 δημηγορίαι,
1128 2073 1413 2127 ἐπιστολαί
1454 2094 1511 2126 τε
1557 2073 1647 2126 καὶ
1695 2072 1861 2141 ἐγκώ-

175 2183 272 2231 μια
318 2161 408 2214 καὶ
457 2161 737 2231 ἐπιτάφιοι
784 2160 874 2214 καὶ
923 2160 1172 2232 ἐρωτικοὶ
1219 2160 1309 2214 καὶ
1348 2162 1682 2231 Σωκράτους
1729 2160 1860 2214 ἀπο-

176 2253 335 2318 λογία
376 2249 739 2320 ἐστοχασμένη
779 2260 890 2303 τῶν
930 2251 1217 2303 δικαστῶν.
1294 2252 1445 2304 δοκεῖ
1487 2247 1548 2302 δὲ
1586 2251 1720 2302 κατὰ
1758 2249 1863 2317 τὴν

175 2337 324 2401 λέξιν
364 2340 588 2401 εὔκολος
627 2335 793 2407 εἶναι,
834 2340 1171 2408 δυσμίμητος
1211 2340 1302 2391 ὥν.

298 2439 461 2482 eadem
515 2439 610 2482 fere
667 2439 935 2483 auctoribus
989 2453 1083 2482 non
1129 2439 1350 2483 indicatis
1398 2439 1591 2484 Photius
1637 2438 1858 2483 biblioth.

176 2511 264 2554 cod
288 2516 372 2554 262
405 2527 435 2567 p
461 2511 570 2555 488b
599 2518 665 2556 14.
694 2518 762 2556 23.
820 2513 869 2556 ef
896 2513 1064 2557 Suidas
1096 2513 1224 2571 λόγοι
1257 2512 1301 2557 δ’
1331 2515 1474 2557 αὐτοῦ
1499 2511 1710 2569 λέγονται
1735 2509 1859 2556 εἶναι

176 2583 357 2640 γνήσιοι
388 2582 503 2639 ὑπὲρ
533 2586 640 2635 τοὺς
663 2591 708 2640 ἵ,
741 2587 820 2629 καὶ
847 2586 992 2643 ἕτεροι
1016 2587 1132 2643 πρὸς
1155 2587 1335 2638 τούτοις
1358 2587 1754 2643 ἀμφιδοξούμενοι

177 2658 352 2715 ἔγραψε
385 2655 435 2700 δὲ
468 2658 548 2701 καὶ
578 2656 742 2715 τέχνας
774 2658 1020 2716 ῥητορικὰς
1043 2661 1122 2704 καὶ
1148 2659 1447 2717 δημηγορίας,
1481 2658 1680 2716 ἐγκώμιά
1703 2675 1751 2703 τε
1775 2660 1856 2704 καὶ

174 2729 448 2787 ἐπιταφίους
480 2731 560 2774 καὶ
592 2731 831 2783 ἐπιστολὰς
863 2736 904 2785 ζ,
938 2732 1050 2789 μίαν
1083 2731 1166 2790 μὲν
1198 2734 1535 2791 πραγματικήν,
1567 2732 1648 2783 τὰς
1680 2730 1730 2776 δὲ
1763 2735 1857 2776 λοι-

171 2804 266 2856 πὰς
298 2803 540 2860 ἐρωτικάς,
573 2801 637 2849 ὧν
671 2805 720 2848 αἱ
754 2810 783 2848 ἴ
807 2807 921 2861 πρὸς
953 2806 1183 2862 μειράκια.

294 2942 347 2981 13
381 2938 603 2992 περιελών
635 2938 780 2981 edunt
811 2937 1034 2995 περιέχων
1066 2939 1177 2983 libri
