1958 3192
233 2128 276 2161 a.
320 2108 460 2161 1580

320 2373 459 2425 1586

837 119 1263 163 —XXVHI—

482 256 722 324 perstitis
761 255 1018 308 membra:
1057 253 1490 322 prohoemium
1529 254 1585 306 in
1623 254 1790 306 libros
1830 254 1896 308 de

486 344 787 397 oratoribus
827 343 1059 411 antiquis
1101 340 1172 413 (p.
1212 341 1403 412 3—7),
1442 342 1782 411 epistulam
1822 343 1896 395 ad
1956 353 1958 415 ξ

486 431 584 484 Cn.
617 432 1007 500 Pompeium,
1047 429 1385 498 epistulam
1425 430 1498 482 ad
1535 428 1896 484 Ammaeum
1955 431 1958 494 ἐ

486 521 548 572 de
597 520 953 572 Demosthene
1007 521 1060 570 et
1109 516 1421 587 Aristotele,
1474 521 1770 586 excerpta
1824 538 1897 571 ex

484 609 650 661 libro
714 609 783 659 de
849 606 1212 658 imitatione
1273 606 1501 659 secundo
1565 605 1901 678 (inscribitur
1954 591 1958 685 Ι

484 716 533 765 p.
553 696 621 749 35
655 700 834 749 Ταῦτα
870 692 1039 765 ,εὗρον
1078 696 1139 747 ἔν
1176 714 1286 747 τινι
1323 699 1536 766 παλαιῷ
1576 694 1899 767 ἀντιγράφῳ
1954 688 1958 769 Ι

486 792 579 852 τῆς
610 792 708 838 τοῦ
748 785 1057 836 Διονυσίου
1095 781 1555 853 Λλικαρνασσέως
1591 783 1798 854 τέχνης,
1839 784 1903 839 ἐν
1955 786 1958 836 ἰ

488 880 563 944 τῷ
603 871 728 942 περὶ
767 880 860 940 τῆς
898 878 1008 924 τῶν
1039 873 1220 939 λόγων
1251 869 1540 934 ἐξετάσεως
1577 871 1898 945 κεφαλαίῳ).
1953 917 1958 965 4

487 961 676 1013 titulus
730 959 899 1012 libelli
953 958 1264 1011 nitidissimi
1316 958 1476 1011 Petro
1529 958 1769 1013 Victorio
1824 962 1902 1014 in-
1953 968 1958 1036 Ι

489 1049 687 1118 scripti,
725 1049 946 1118 paginas
975 1048 1040 1100 78
1082 1050 1135 1099 et
1166 1047 1565 1116 quaternionem
1603 1049 1899 1116 praefixum
1955 1045 1958 1073 “

488 1130 866 1206 conplectentis
924 1136 1012 1189 hic
1081 1139 1181 1188 est:
1257 1139 1698 1188 ΔΙΟΝΥΣΙΟΤ
1759 1141 1911 1191 ΤΟΥ

487 1228 799 1278 ΑΛΙΚΑΡ-
837 1225 840 1294 Ι
877 1223 1121 1287 νασσέως
1164 1225 1302 1295 πρὸς
1349 1226 1557 1277 Γναῖον
1605 1228 1905 1297 Πομπήϊον
1953 1228 1958 1260 ³

488 1314 758 1382 ἐπιστολή.
815 1313 822 1384 Ι
887 1317 996 1367 Τοῦ
1055 1313 1226 1365 αὐτοῦ
1281 1311 1535 1380 ἐπιστολὴ
1589 1311 1728 1379 πρὸς
1778 1308 1904 1379 Ἀμ-
1951 1303 1958 1394 Ι

487 1412 663 1471 μαῖον.
699 1401 705 1473 Ι
739 1400 1101 1455 DIONYSH
1130 1398 1687 1471 HALICARNAS-{
1721 1401 1790 1467 sci
1826 1416 1904 1452 re·
1951 1397 1958 1486 Ι

489 1491 686 1558 [pensio
724 1492 795 1543 ad
836 1490 936 1543 Gn.
977 1489 1215 1557 Pompeij
1258 1489 1536 1556 epistolam,
1574 1490 1633 1542 in
1663 1506 1768 1555 qua
1814 1487 1905 1541 ille
1951 1493 1958 1516 ²

490 1581 549 1632 de
601 1580 895 1646 reprehenso
949 1579 1012 1631 ab
1065 1596 1118 1632 eo
1175 1577 1414 1631 Platonis
1465 1577 1588 1646 stylo
1641 1593 1850 1643 conque·
1892 1573 1900 1647 Ι

491 1668 708 1720 rebatur.
761 1665 765 1738 Ι
821 1668 1067 1734 Eiusdem
1126 1668 1198 1719 ad
1254 1666 1564 1719 Ammaeum
1624 1665 1846 1732 epistola.
1891 1661 1899 1736 Ι
1948 1693 1955 1768 Ι

492 1756 621 1808 Alia
650 1761 933 1823 praeterea,
972 1773 1100 1822 quae
1138 1756 1288 1808 tertia
1309 1755 1512 1823 payina
1542 1750 1903 1824 recensentur.l
1948 1775 1953 1819 Ι

496 1843 874 1915 (interponitur
905 1844 1047 1896 oliua
1073 1842 1455 1914 Stephaniana)
1479 1842 1878 1896 LVTETIAE
1893 1838 1902 1913 Ι

494 1932 654 1999 Apud
708 1932 951 1985 Carolum
1011 1931 1348 2000 Stephanum,
1413 1932 1670 1999 Typoyra-
1705 1932 1711 2000 Ι
1740 1931 1906 1998 phum
1947 1917 1950 1955 7

496 2019 725 2088 Reymm.
763 2021 768 2088 Ι
803 2020 874 2072 Μ.
905 2020 968 2072 D.
1000 2019 1169 2072 LIIII.

498 2108 688 2161 Petrus
727 2109 998 2162 Victorius
1039 2112 1197 2177 caput
1236 2109 1305 2160 de
1344 2107 1522 2160 Isaeo
1574 2111 1627 2160 et
1663 2106 1908 2159 libellum

498 2197 566 2248 de
599 2196 718 2248 Din
731 2197 939 2267 archo,
977 2201 1262 2266 utrumque
1302 2215 1366 2249 ex
1398 2197 1574 2250 codice
1604 2195 1647 2248 F
1677 2196 1907 2264 petitum

498 2284 746 2354 Lugduni
786 2286 950 2338 edidit

499 2371 797 2425 Fridericus
837 2373 1154 2444 Sylburgius
1194 2374 1249 2426 in
1287 2373 1534 2442 Dionysii
1572 2371 1910 2424 Halicarnas-

500 2461 574 2512 sei
615 2461 679 2511 ab
713 2461 827 2528 ipso
854 2462 1219 2515 ‘Francofurdi
1251 2463 1392 2530 apud
1422 2461 1640 2514 heredes
1663 2459 1910 2513 Andreae

498 2547 760 2600 Wecheli'
801 2549 927 2600 editi
967 2553 1111 2602 tomo
1151 2549 1205 2602 ΙΙ
1251 2551 1455 2620 primus
1505 2550 1766 2618 integram
1815 2547 1909 2599 ho-

499 2655 617 2687 rum
658 2637 1031 2703 opusculorum
1072 2638 1312 2707 syllogen
1351 2638 1652 2706 proposuit,
1691 2635 1911 2688 adiectis

501 2724 1033 2775 commentationibus
1074 2726 1142 2777 de
1182 2726 1546 2794 Thucydide
1586 2729 1639 2777 et
1678 2725 1746 2776 de
1785 2723 1909 2774 De-

500 2811 846 2879 mosthene,
915 2830 1044 2879 quas
1107 2811 1347 2865 Andreae
1416 2812 1658 2865 Dudithii
1731 2811 1911 2864 officio

502 2899 726 2951 debebat
765 2898 851 2969 (cf.
892 2903 998 2950 not.
1039 2918 1087 2967 p.
1121 2901 1214 2951 29ει
1232 2899 1341 2970 59).
