2004 3202
786 119 1209 186 ΔΗΜΟΣΘΕΝΗΣ
1727 142 1835 197 203

770 235 782 258 δ

159 285 272 343 λεῖς
325 253 566 340 ἅπαντας
617 277 861 340 ἐκείνους
913 275 1005 330 καὶ
1057 275 1188 330 καθ’
1229 277 1258 330 ὃ
1305 278 1538 346 μάλιστα
1586 277 1838 347 ἀστοχεῖν

158 368 390 422 ἕκαστον
433 367 825 435 ὑπελάμβανον
872 374 972 419 τοῦ
1026 365 1216 443 τέλους
1269 365 1691 435 ἐκλογισάμενος
1745 368 1838 419 διὰ

158 455 424 527 βραχέων,
462 451 644 524 ἦλθον
683 454 770 507 ἐπὶ
810 456 908 507 τὸν
923 453 1299 524 ’Δημοσθένη
1375 462 1577 508 τοῦτον
1615 451 1676 507 δὲ
1716 453 1839 517 ἑνὸς

158 542 261 614 μὲν
285 542 513 615 οὐδενὸς
536 542 959 612 ἀποφηνάμενος
984 544 1110 596 οὔτε
1134 529 1473 613 χαρακτῆρος
1497 542 1612 596 οὔτ’
1634 543 1839 614 ἀνδρὸς

158 631 400 700 ζηλωτὴν
437 631 725 700 γενέσθαι,
774 631 826 695 ἐξ
874 631 1133 684 ἁπάντων
1171 628 1232 684 δὲ
1277 632 1344 684 τὰ
1389 632 1650 702 κράτιστα
1694 632 1838 686 ἐκλε-
1884 649 1904 682 5

157 720 394 789 ξάμενον
422 721 619 789 κοινὴν
655 719 747 772 καὶ
787 721 1192 790 φιλάνθρωπον
1222 721 1324 788 τὴν
1356 718 1650 790 ἑρμηνείαν
1687 740 1839 773 κατε-

158 808 482 862 σκευακέναι
541 808 632 861 καὶ
694 811 829 862 κατὰ
882 817 1045 862 τοῦτο
1099 810 1334 878 μάλιστα
1386 809 1676 879 διαφέρειν
1728 819 1840 863 τῶν

158 899 359 966 ἄλλων,
399 901 609 960 πίστεις
638 894 778 967 ὑπὲρ
810 899 973 951 τοῦδε
1002 900 1357 968 παρειχόμην,
1390 899 1708 967 διελόμενος
1739 895 1840 968 μὲν

158 987 260 1055 τὴν
291 986 439 1050 λέξιν
470 987 547 1048 εἰς
578 995 723 1056 τρεῖς
763 994 1104 1057 χαρακτῆρας
1138 989 1268 1049 τοὺς
1306 988 1704 1055 γενικωτάτους
1742 990 1841 1040 τόν

158 1095 215 1128 τε
265 1077 456 1144 ἰσχνὸν
501 1074 590 1128 καὶ
621 1077 743 1127 ’τὸν
791 1076 1008 1144 ὑψηλὸν
1061 1074 1152 1128 καὶ
1205 1077 1304 1128 τὸν
1357 1075 1555 1145 μεταξὺ
1611 1077 1839 1144 τούτων,

159 1165 490 1227 ἀποδεικνὺς
529 1163 579 1216 δ’
609 1164 779 1217 αὐτὸν
812 1163 872 1216 ἐν
902 1172 1016 1227 τοῖς
1048 1163 1194 1234 τρισὶ
1233 1163 1416 1232 γένεσι
1456 1170 1840 1234 κατορθοῦντα

157 1262 270 1306 τῶν
300 1254 484 1306 ἄλλων
514 1253 764 1322 μάλιστα,
806 1251 975 1316 λέξεις
1005 1254 1159 1315 τινας
1190 1252 1362 1306 αὐτοῦ
1402 1254 1715 1322 λαμβάνων,
1754 1247 1842 1316 αἷς

158 1342 651 1412 ἀντιπαρεξήταζον
690 1339 875 1411 ἑτέρας
914 1341 1185 1410 ὁμοειδεῖς
1223 1344 1394 1408 λόγου
1432 1338 1534 1410 μὲν
1565 1341 1733 1410 ἀξιάς,
1773 1341 1839 1395 οὐ

157 1431 267 1500 μὴν
291 1431 694 1498 ἀνεπιλήπτους
724 1449 786 1497 γε
817 1429 1011 1492 τελέως
1043 1429 1186 1498 οὐδ’,
1223 1432 1403 1500 ὥσπερ
1438 1430 1634 1498 ἐκείνη,
1665 1431 1841 1493 πάσας

156 1521 253 1583 τὰς
298 1519 492 1590 ἀρετὰς
540 1518 782 1588 ἐχούσας.
859 1517 949 1571 καὶ
1005 1519 1110 1589 γὰρ
1163 1519 1198 1586 ἥ
1250 1538 1307 1571 τε
1349 1517 1695 1588 Ἰσοκράτους
1747 1517 1838 1570 καὶ

158 1597 461 1671 Πλάτωνος
503 1610 681 1661 καίτοι
725 1608 1202 1677 θαυμασιωτάτων
1248 1606 1471 1677 ἀνδρῶν
1516 1610 1698 1677 μνήμη
1750 1606 1841 1660 καὶ

71 1711 186 1750 1060
219 1697 504 1766 σύγκρισις
542 1696 644 1749 οὐκ
682 1696 781 1760 ἔξω
825 1696 831 1766 Ι
873 1704 973 1749 τοῦ
1013 1697 1222 1758 εἰκότος
1261 1695 1507 1764 ἐγίγνετό
1547 1717 1658 1765 μοι,
1698 1695 1840 1764 ἀλλ’,

159 1783 275 1838 ε’πεὶ
315 1793 414 1838 τοῦ
453 1784 623 1854 μέσου
662 1784 751 1837 καὶ
790 1787 1086 1855 κρατίστου
1118 1792 1457 1855 χαρακτῆρος
1489 1781 1643 1838 οὗτοι
1677 1788 1842 1853 ζηλω-

1867 1093 1906 1125 10

1866 1533 1906 1567 15

158 1873 247 1927 ταὶ
301 1875 590 1942 γενόμενοι
641 1875 897 1942 μεγίστης
950 1872 1113 1942 δόξης
1167 1875 1380 1942 ἔτυχον,
1440 1874 1533 1926 ἵνα
1588 1873 1866 1943 δείξαιμι,

157 1960 262 2014 κᾶν
301 1963 348 2014 εἰ
390 1971 502 2014 τῶν
539 1963 723 2014 ἄλλων
760 1961 1020 2030 ἀμείνους
1058 1963 1188 2030 εἰσί,
1238 1961 1590 2031 Δημοσθένει
1638 1983 1700 2030 γε
1739 1962 1840 2015 οὐκ
1864 1978 1882 2009 2

160 2050 348 2114 ἀξίους
387 2052 549 2112 ὄντας
588 2049 926 2118 ἁμιλλᾶσθαι
963 2048 1089 2119 περὶ
1129 2059 1240 2102 τῶν
1278 2050 1584 2119 ἀριστείων.

271 2139 431 2206 ὀλίγα
461 2138 678 2200 τούτοις
709 2140 788 2190 ἔτι
822 2137 1090 2206 προσθεὶς
1127 2137 1253 2207 περὶ
1285 2146 1380 2206 τῆς
1412 2138 1619 2205 λέξεως,
1660 2137 1748 2190 ἐπὶ
1779 2139 1839 2191 τὸ

158 2229 623 2296 καταλειπόμενον
661 2234 756 2294 τῆς
802 2267 1146 2278 ..........
1189 2228 1431 2296 θεωρίας
1475 2226 1638 2296 μέρος
1684 2247 1842 2296 μετα-

158 2318 418 2386 βήσομαι,
480 2323 650 2368 ταῦτα
703 2311 764 2367 δὲ
825 2317 992 2382 ἔστιν,
1055 2314 1088 2367 ἃ
1141 2323 1256 2377 τοῖς
1317 2314 1462 2386 τρισὶ
1524 2316 1838 2385 πλάσμασιν
1858 2316 1928 2369 34

281 2481 302 2519 1
337 2476 551 2534 ἀστοχεῖν
583 2473 777 2519 ἕκαστον
810 2474 959 2519 Vliet:
999 2471 1258 2519 ἀδέκαστον
1356 2479 1382 2518 3
1410 2482 1546 2519 τοῦτο
1571 2474 1609 2518 Β
1711 2481 1736 2519 5
1767 2491 1841 2548 γε·

160 2532 359 2580 ναίσθαι
389 2535 426 2579 Ρ
525 2540 551 2579 6
585 2531 807 2590 ἑρμηνίαν
840 2533 886 2576 Β
915 2535 922 2591 Ι
964 2531 1362 2578 κατασκευακέναι
1393 2534 1431 2577 Β
1532 2539 1556 2577 7
1589 2535 1669 2578 καὶ
1700 2533 1840 2608 κατὰ]

159 2593 280 2638 κατὰ
310 2594 393 2638 BP
499 2599 526 2638 8
558 2591 734 2643 πίστοις
765 2593 801 2635 P
835 2594 841 2649 Ι
875 2593 1069 2637 τοῦτὸδε
1099 2592 1135 2636 Ρ
1236 2597 1288 2636 12
1321 2590 1439 2646 λέξις
1465 2593 1502 2637 Ρ
1603 2598 1660 2637 14
1689 2592 1843 2644 πάσας

159 2651 261 2712 τὰς]
293 2652 446 2704 πάσας
476 2653 524 2696 Μ
618 2657 671 2695 16
703 2649 855 2695 καίτοι
886 2650 1144 2708 Kiessling:
1181 2652 1262 2696 καὶ
1291 2660 1383 2696 τῶν
1477 2658 1530 2696 17
1557 2652 1742 2704 εἰκότως
1765 2653 1802 2695 Β
1831 2653 1838 2711 1

162 2709 390 2784 ἐγίγνεταί
428 2729 508 2768 μοι
545 2712 582 2755 Β
716 2715 770 2754 19
803 2709 1044 2767 γενόμενοι
1074 2710 1133 2755 B:
1174 2710 1411 2767 γινόμενοι
1441 2711 1535 2756 ΜΡ
1665 2717 1721 2756 20
1760 2713 1841 2768 δη-

163 2768 370 2828 μοσθένη
401 2772 438 2814 Ρ
543 2775 599 2815 21
633 2767 781 2823 ἀξίοις
811 2769 848 2812 Β
891 2772 897 2826 Ι
939 2767 1138 2825 ἀρίστων
1169 2770 1206 2812 Β
1238 2770 1375 2814 im'tio
1414 2773 1420 2827 Ι
1462 2773 1570 2827 post
1601 2729 1843 2826 ἀριστείων

163 2829 374 2886 grauius,
414 2832 523 2875 ante
561 2836 708 2873 ταῦτα
746 2844 775 2872 v
809 2833 865 2871 24
904 2827 1053 2872 lenius
1091 2828 1360 2886 interpunxi
1475 2834 1530 2873 23
1570 2829 1644 2873 lac
1672 2830 1714 2872 X
1747 2829 1843 2872 fere

163 2885 244 2931 litt
284 2889 333 2932 M
392 2886 699 2945 προκειμένης
746 2886 882 2943 suppl
927 2887 1104 2931 Usener
1283 2893 1339 2932 24
1385 2886 1436 2932 δε
1480 2889 1553 2933 M:
1602 2886 1647 2932 δ’
1684 2887 1840 2945 ΒΡνΙ

242 2944 424 3003 ξγμασιν
455 2949 492 2991 Β
