2004 3202
627 127 773 169 ΠΕΡΙ
803 125 1209 170 ΘΟΤΚΤΔΙΔΟΤ
1671 126 1779 179 337

97 264 316 316 ἄπεισιν
368 262 522 330 ἔργα·
613 259 703 313 καὶ
766 258 898 314 οὐδὲ
956 261 1127 314 ταῦτα
1188 262 1624 331 συγκορυφώσας
1683 270 1780 330 τῆς

98 346 422 404 Πλαταιέων
459 347 726 418 μέμνηται
764 351 1107 419 πολιορκίας·
1147 347 1307 418 ἀφεὶς
1346 346 1407 402 δὲ
1444 348 1534 402 καὶ
1573 350 1781 419 ταύτην

97 439 259 506 ἀτελῆ
283 445 383 491 τοῦ
399 440 824 506 Μυτιληναϊκοῦ
848 436 1113 507 μέμνηται
1139 436 1404 507 πολέμου·
1436 434 1531 491 εἶτ’
1564 438 1783 492 ἐκεῖθεν

0 540 95 597 [829
113 529 234 595 ἄγει
270 527 372 594 τὴν
404 526 412 595 Ι
447 526 706 594 διήγησιν
746 525 834 579 ἐπὶ
878 527 946 579 τὰ
981 525 1108 597 περὶ
1145 525 1463 597 Κέρκυραν,
1515 528 1588 590 ὡς
1628 526 1781 581 ἐστα-

19 608 22 609 ’
97 603 296 669 σίασαν
334 617 392 668 οἳ
426 611 528 683 μὲν
569 615 1067 684 Λακεδαιμονίους,
1108 617 1166 668 οἳ
1201 613 1248 668 δ’
1279 614 1615 684 Ἀθηναίους
1655 615 1781 669 ἐπα-
1826 637 1847 669 5

96 706 342 774 γόμενοι·
382 701 542 772 ἀφεὶς
581 700 642 756 δὲ
673 702 763 756 καὶ
802 711 972 756 ταῦτα
1009 703 1234 773 ἡμιτελῆ
1272 703 1399 774 περὶ
1436 711 1532 773 τῆς
1570 706 1649 767 εἰς
1680 709 1780 758 Σι-

95 795 285 846 κελίαν
324 794 608 861 στρατείας
646 799 742 859 τῆς
772 790 1042 862 προτέρας
1072 790 1389 861 Ἀθηναίων
1419 792 1580 861 ὀλίγα
1618 793 1779 861 λέγει.

16 942 18 951 y
96 877 213 934 εἶτα
243 879 559 948 Ἀθηναίων
598 882 840 933 ἔκπλουν
880 879 967 932 ἐπὶ
1006 883 1441 950 Πελοπόννησον
1479 880 1781 952 ἀρξάμενος

98 968 279 1037 λέγειν
316 967 407 1021 καὶ
448 970 903 1038 Λακεδαιμονίων
948 969 1050 1037 τὴν
1089 968 1176 1022 ἐπὶ
1215 974 1453 1040 Δωριεῖς
1491 975 1781 1041 στρατείαν

96 1059 163 1111 τὰ
216 1056 340 1127 περὶ
389 1058 648 1110 Λευκάδα
697 1056 1017 1127 πραχθέντα
1068 1058 1177 1111 ὑπὸ
1224 1057 1627 1128 Δημοσθένους
1679 1068 1779 1114 τοῦ
1804 1081 1847 1112 10

95 1153 405 1216 στρατηγοῦ
459 1144 550 1198 καὶ
605 1146 703 1198 τὸν
755 1147 894 1215 πρὸς
947 1147 1234 1209 Αἰτωλοὺς
1288 1150 1532 1217 πόλεμον
1593 1148 1780 1202 ε’πιπο-

96 1235 338 1304 ρεύεται·
387 1234 603 1288 ἐκεῖθεν
650 1231 711 1287 δὲ
757 1235 976 1287 ἄπεισιν
1016 1233 1103 1287 ἐπὶ
1143 1236 1496 1289 Ναύπακτον.
1573 1236 1781 1300 ἀτελεῖς

96 1320 158 1376 δὲ
196 1322 287 1376 καὶ
325 1325 455 1386 τοὺς
491 1323 887 1392 ἠπειρωτικοὺς
932 1322 1208 1392 πολέμους
1256 1326 1571 1378 καταλιπὼν
1617 1330 1779 1380 Σικε-

97 1414 218 1474 λίας
263 1412 487 1464 ἅπτεται
531 1412 717 1479 πάλιν,
764 1409 855 1463 καὶ
898 1413 1032 1480 μετὰ
1078 1420 1240 1465 τοῦτο
1279 1417 1473 1481 Δῆλον
1521 1417 1779 1484 καθαίρει

95 1499 187 1553 καὶ
224 1501 285 1553 τὸ
316 1499 712 1569 Ἀμφιλοχικὸν
732 1498 930 1570 ’Ἄργος
959 1502 1375 1570 πολεμούμενον
1404 1502 1512 1554 ὑπὸ
1544 1500 1780 1573 Ἀμπρα-
1805 1523 1847 1555 15

19 1631 21 1633 -
95 1591 764 1642 κιωτῶν***καταλείπει.
815 1586 906 1641 καὶ
937 1591 995 1641 τί
1015 1590 1099 1642 δεῖ
1120 1592 1288 1642 πλείω
1314 1589 1518 1658 λέγειν;
1550 1591 1648 1659 ὅλη
1673 1593 1777 1660 γὰρ

94 1677 128 1746 ἡ
169 1677 374 1746 βύβλος
414 1677 556 1730 οὕτω
596 1675 960 1744 συγκέκοπται
989 1676 1081 1730 καὶ
1111 1679 1173 1730 τὸ
1206 1675 1452 1746 διηνεκὲς
1482 1686 1576 1747 τῆς
1607 1679 1780 1747 ἀπαγ-

0 1820 23 1844 .·
95 1768 280 1834 γελίας
318 1766 643 1819 ἀπολώλεκε.
702 1766 1042 1835 πλανώμεθα
1073 1768 1158 1835 δή,
1195 1767 1446 1837 καθάπερ
1488 1768 1648 1835 εἰκός,
1687 1766 1779 1819 καὶ

0 1859 31 1931 ἐξ
96 1855 377 1917 δυσκόλως
422 1863 536 1916 τοῖς
575 1853 938 1924 δηλουμένοις
975 1860 1533 1925 παρακολουθοῦμεν,
1584 1875 1777 1926 ταρατ-

68 1941 343 2012 Οτομένης
375 1941 435 1995 ἐν
465 1950 541 2014 τῷ
574 1944 914 1996 διασπᾶσθαι
944 1945 1011 1996 τὰ
1046 1943 1051 2011 Ι
1085 1945 1375 2013 πράγματα
1405 1951 1500 2012 τῆς
1531 1946 1780 2007 διανοίας
1803 1967 1847 1997 20

18 2038 29 2089 ἶ,
95 2030 187 2084 καὶ
226 2033 321 2094 τὰς
358 2031 628 2100 ἡμιτελεῖς
659 2041 770 2084 τῶν
801 2031 1193 2085 ἀκουσθέντων
1230 2035 1444 2101 μνήμας
1475 2033 1542 2085 οὐ
1575 2033 1778 2103 ῥᾳδίως

15 2115 35 2188 ξ’
97 2118 215 2173 οὐδ’
237 2119 474 2189 ἀκριβῶς
498 2119 896 2190 ἀναφερούσης.
950 2121 1051 2191 χρὴ
1084 2118 1146 2172 δὲ
1176 2122 1278 2188 τὴν
1307 2122 1588 2189 ἱστορικὴν
1605 2139 1778 2191 πραγ-

15 2228 36 2272 q
96 2211 324 2278 ματείαν
370 2207 660 2278 εἰρομένην
705 2204 847 2261 εἶναι
892 2206 983 2261 καὶ
1030 2208 1458 2278 ἀπερίσπαστον,
1506 2210 1682 2271 ἄλλως
1720 2229 1777 2262 τε

16 2285 34 2357 ,7.
98 2296 322 2350 ἐπειδὰν
359 2296 485 2367 περὶ
522 2301 745 2350 πολλῶν
775 2299 992 2365 γίνηται
1023 2298 1357 2366 πραγμάτων
1386 2295 1478 2349 καὶ
1510 2298 1777 2350 δυσκατα-

23 2360 36 2386 ¹
238 2388 248 2403 t
441 2386 466 2403 ee
584 2382 598 2403 x
679 2385 690 2404 2
874 2386 884 2402 x
1135 2386 1146 2403 x
1278 2381 1299 2406 τ
1475 2384 1487 2404 2
1532 2384 1545 2404 ι
1695 2395 1714 2405 .,

26 2397 35 2451 ξ
97 2391 375 2454 μαθητων.
438 2405 521 2438 οτι
545 2386 605 2438 δε
631 2405 731 2438 ουκ
756 2385 927 2453 ὀρθος
958 2385 987 2438 ὁ
1019 2405 1204 2438 κανων
1235 2405 1396 2447 ουτος
1427 2387 1530 2438 ουδ
1577 2387 1775 2448 οῑκειος
1800 2407 1842 2439 25

18 2491 33 2507 ⁸
101 2474 330 2545 ἱστορίᾳ,
370 2475 554 2542 δῆλον.
625 2472 807 2536 οὐδεὶς
846 2475 949 2542 γὰρ
989 2482 1100 2526 τῶν
1138 2472 1607 2543 μεταγενεστέρων
1645 2489 1776 2542 συγ-

31 2672 33 2676 ,
216 2638 242 2676 2
274 2631 535 2689 πλατέυεων
567 2633 601 2675 Ρ
722 2638 748 2676 3
782 2629 861 2676 εἶτ’
892 2632 997 2677 P²f=
1031 2631 1112 2677 εἰτ’
1142 2633 1256 2676 ΜΡ1
1377 2638 1402 2677 6
1427 2632 1633 2678 δικελίαν
1658 2634 1716 2676 Ρ1

101 2695 156 2734 14
186 2695 411 2748 καθαιρεῖ
440 2692 580 2736 MPf:
614 2706 715 2735 corr
739 2691 1012 2749 Sylburgius
1098 2697 1152 2736 15
1184 2693 1518 2748 ἀμπρακιατῶν
1543 2692 1635 2735 ΜΡ
1675 2690 1774 2749 Ἀμ-

102 2750 367 2808 βρακιωτῶν
399 2752 423 2794 f
512 2757 563 2795 16
597 2751 780 2794 hiatum
810 2750 996 2795 notauit
1018 2751 1294 2825 Kruegerus
1368 2757 1419 2795 17
1447 2750 1602 2810 βίβλος
1625 2752 1749 2795 MPf
1765 2752 1770 2810 Ι

99 2808 355 2866 ἀπαγελίας
377 2826 432 2867 pr
455 2811 490 2853 P
561 2815 614 2853 21
643 2809 928 2866 μνήμας·οὐ
954 2809 989 2853 Ρ
1069 2815 1124 2853 22
1150 2808 1358 2866 ιστορίαν
1380 2826 1436 2867 pr
1459 2811 1494 2853 P
1572 2815 1626 2853 23
1654 2807 1774 2854 εἶναι

101 2868 183 2911 καὶ
213 2867 554 2925 ἀπερίσπαστον
578 2870 626 2912 Μ
658 2869 736 2911 καὶ
760 2883 1067 2924 περισπαστον
1094 2872 1188 2927 (om
1212 2866 1350 2926 εἶναι)
1374 2869 1549 2913 notulis
1574 2885 1662 2912 m..
1639 2875 1663 2898 ‘³
1690 2869 1773 2912 ad-

100 2926 265 2981 positis
283 2929 338 2973 P:
364 2930 444 2972 καὶ
459 2926 802 2984 ἀπερίσπαστον
821 2925 942 2972 εἶναι
957 2928 980 2971 f
1048 2933 1102 2972 25
1122 2931 1587 2985 δυσκατααμαθητων
1601 2929 1636 2971 Ρ
1650 2928 1655 2986 Ι
1670 2926 1715 2971 δ’
1738 2928 1773 2969 Ρ

190 3008 300 3042 Dion.
323 3010 520 3043 Halicarn.
537 3011 582 3042 V.
1451 3006 1505 3044 22
