2004 3202
707 110 871 153 ΠΡΟΣ
902 110 1182 153 ΑΜΜΑΙΟΝ
1670 107 1777 160 271

99 239 166 313 ἧς
204 243 356 297 ἐστιν
385 243 545 314 ἀρχή·
585 242 715 296 ‘Kal
748 245 1022 298 σπουδαῖα
1050 246 1289 313 νομίζων
1319 240 1361 297 ὦ
1394 245 1592 314 ἄνδρες
1615 241 1781 311 Ἀθη-

101 331 284 385 ναῖοι.’
360 329 545 384 ἕπεται
583 334 882 405 Νίκομάχῳ
926 334 1279 403 Θεόφραστος
1324 333 1532 403 ἄρχων,
1580 329 1664 399 ἐφ’
1714 327 1780 383 οὗ

100 422 286 473 πείθει
323 421 454 482 τοὺς
483 417 817 489 Ἀθηναίους
855 423 1122 489 γενναίως
1157 421 1452 490 ὑπομεῖναι
1490 420 1588 472 τὸν
1621 421 1782 471 πόλε-

101 527 209 577 μον
246 508 319 570 ὡς
356 511 785 576 κατηγγελκότος
823 509 994 562 αὐτὸν
1023 510 1128 578 ἤδη
1164 511 1467 562 Φιλίππου·
1505 507 1598 561 καὶ
1629 509 1783 560 ἔστιν

15 613 100 656 ’139
118 595 255 664 αὕτη
293 599 578 650 τελευταία
615 606 726 649 τῶν
755 599 889 651 κατὰ
925 600 1208 651 Φιλίππου
1239 598 1609 666 δημηγοριῶν,
1645 597 1651 665 Ι
1687 595 1782 666 ἀρ-
1827 617 1851 652 5

101 685 205 754 χὴν
243 687 443 754 ἔχουσα
479 686 706 754 ταύτην·
745 684 881 739 εὍτι
921 683 1022 755 μὲν
1061 682 1103 739 ὦ
1137 686 1334 756 ἄνδρες
1356 683 1646 753 Ἀθηναῖοι
1683 687 1782 737 Φί-

102 777 302 836 λιππος
353 774 454 827 οὐκ
501 773 792 843 ἐποιήσατο
838 776 940 844 τὴν
986 776 1211 846 εἰρήνην
1255 775 1393 845 πρὸς
1438 774 1602 843 ὑμᾶς,
1657 771 1774 827 ἀλλ’

103 861 398 930 ἀνεβάλετο
438 865 536 916 τὸν
572 864 848 933 πόλεμον.’

198 948 318 1004 Ὅτι
355 949 417 1004 δὲ
454 951 546 1005 καὶ
584 953 815 1015 τούτους
853 953 1095 1015 ἅπαντας
1132 954 1262 1014 τοὺς
1300 954 1500 1020 λόγους
1531 951 1629 1014 οὓς
1659 970 1783 1004 κατ-
1803 953 1870 1008 11

101 1042 412 1110 ηρίθμημαι
442 1042 549 1112 πρὸ
581 1048 677 1110 τῆς
708 1040 972 1104 ἐκδόσεως
1003 1050 1115 1094 τῶν
1136 1039 1546 1111 Ἀριστοτέλους
1577 1049 1784 1110 τεχνῶν
1809 1062 1852 1095 10

103 1127 433 1196 ἀπήγγειλεν
471 1129 500 1183 6
540 1129 931 1199 Δημοσθένης,
971 1129 1142 1182 αὐτὸν
1170 1127 1518 1199 Ἀριστοτέλη
1556 1127 1784 1199 παρέξο-

103 1237 200 1286 μαι
245 1226 644 1288 μαρτυροῦντα.
722 1217 1021 1289 ἀρξάμενος
1065 1219 1170 1288 γὰρ
1216 1217 1277 1270 ἐν
1314 1226 1378 1288 τῇ
1419 1216 1649 1288 δευτέρᾳ
1686 1217 1784 1286 βύ-

103 1308 216 1377 βλῳ
263 1316 374 1359 τῶν
415 1317 623 1376 τεχνῶν
660 1309 789 1369 τοὺς
827 1310 1030 1369 τόπους
1068 1306 1296 1377 ὁρίζειν,
1344 1305 1436 1376 ἀφ’
1476 1301 1555 1359 ὧν
1593 1307 1658 1358 τὰ
1699 1304 1784 1358 ἐν-

100 1396 399 1464 θυμήματα
461 1395 708 1466 φέρεται,
769 1394 859 1448 καὶ
922 1396 1021 1448 τὸν
1082 1395 1140 1448 ἐκ
1200 1403 1300 1448 τοῦ
1354 1397 1560 1466 χρόνου
1612 1412 1785 1464 παρα-

103 1484 370 1552 λαμβάνει
422 1483 749 1554 παρατιθεὶς
802 1484 950 1554 αὐτῷ
1003 1485 1068 1537 τὰ
1117 1486 1541 1555 παραδείγματα.
1624 1484 1782 1551 θήσω
1808 1503 1853 1538 15

103 1568 164 1624 δὲ
219 1571 393 1640 αὐτὴν
443 1573 545 1641 τὴν
597 1581 697 1626 τοῦ
744 1575 1061 1642 φιλοσόφου
1107 1571 1277 1637 λέξιν·
1332 1573 1517 1635 Ὗίλλος
1563 1574 1640 1634 εἰς
1686 1572 1785 1624 τὸν

104 1663 309 1731 χρόνον
348 1670 558 1715 σκοπεῖ·
599 1655 736 1730 οἷον,
777 1663 848 1724 ὡς
888 1662 916 1715 6
948 1660 1264 1732 Ἰφικράτης
1304 1661 1363 1715 ἐν
1400 1670 1464 1732 τῇ
1503 1662 1640 1731 πρὸς
1664 1659 1786 1731 Ἁρ-

104 1751 326 1818 μόδιον,
372 1751 446 1813 ὡς
485 1752 533 1803 εἰ
570 1749 704 1822 πρὶν
740 1757 966 1818 ποιῆσαι
1002 1749 1160 1818 ἠξίου
1205 1757 1300 1819 τῆς
1346 1752 1558 1812 εἰκόνος
1599 1758 1787 1819 τυχεῖν

106 1837 203 1890 ἐὰν
232 1840 458 1909 ποιήσῃ,
495 1840 648 1892 ἔδοτε
679 1841 770 1892 ἄν·
801 1841 1094 1907 ποιήσαντι
1126 1837 1173 1891 δ’
1206 1838 1274 1892 οὐ
1306 1839 1531 1903 δώσετε,
1570 1839 1641 1908 μὴ
1674 1840 1786 1891 τοί-

227 1973 249 2010 1
283 1968 620 2012 Demosthenes
653 1983 715 2013 or.
740 1973 809 2025 10,
837 1973 860 2012 1
954 1973 979 2012 6
1011 1968 1138 2013 idem
1163 1982 1225 2014 or.
1253 1973 1321 2024 11,
1343 1975 1365 2012 1
1460 1973 1621 2025 16—p
1639 1973 1738 2024 272,
1758 1972 1785 2011 5

104 2026 385 2071 Aristoteles
416 2026 534 2071 rhet.
559 2027 602 2070 H
627 2032 681 2071 23
712 2043 743 2085 p
769 2027 908 2072 1397b
934 2032 1208 2072 27-13983ι
1225 2032 1251 2071 3

228 2151 248 2188 1
278 2150 303 2187 2
334 2147 442 2202 post
467 2142 561 2189 Ἀθ.
595 2145 764 2189 iterum
797 2160 816 2188 s
849 2159 905 2189 ex
935 2145 1064 2190 Dem.
1099 2145 1382 2189 sententiam
1413 2144 1666 2201 compleuit

107 2208 132 2247 2
167 2202 326 2248 ἕπεται
355 2219 435 2261 mg
461 2204 510 2246 M
541 2204 702 2249 rubro:
736 2203 812 2248 ἐπὶ
842 2204 953 2248 libri
981 2207 987 2261 Ι
1014 2206 1319 2261 θεώφραστος
1341 2204 1379 2247 Β
1491 2209 1519 2247 4
1550 2204 1630 2248 καὶ
1664 2203 1786 2247 ἔστιν

145 2299 153 2308 .
182 2300 189 2307 .
217 2269 242 2307 5
277 2261 507 2319 φιλίππου
539 2277 614 2306 om
645 2263 683 2306 B
804 2268 829 2306 5
861 2262 1073 2307 τελευτέα
1103 2263 1198 2307 ΜΟ
1321 2269 1346 2307 6
1382 2267 1405 2306 7
1439 2261 1628 2319 φίλιπος
1657 2263 1695 2306 Β

109 2326 132 2365 7
171 2323 257 2380 τὴν
296 2336 372 2366 0111
404 2322 440 2366 O
570 2327 596 2365 8
635 2321 859 2378 πόλεμον,
897 2328 1041 2367 πᾶσιν
1071 2323 1180 2378 ὑμῖν
1214 2322 1422 2378 φανερὸν
1452 2320 1644 2379 γέγονεν
1677 2336 1696 2364 s
1729 2335 1786 2365 ex

106 2381 235 2426 Dem.
360 2387 384 2425 9
425 2379 476 2425 δὲ
509 2382 608 2440 καὶ]
649 2379 700 2425 δὲ
741 2379 854 2425 δέκα
894 2381 1004 2425 libri
1065 2380 1116 2425 δὲ
1152 2381 1272 2425 κατὰ
1302 2382 1405 2426 Par.
1434 2386 1544 2426 1657
1579 2380 1785 2438 Sauppio

106 2443 227 2485 teste
289 2438 341 2484 δὲ
374 2441 557 2485 δώδεκα
590 2455 609 2483 s
642 2440 758 2484 miro
791 2454 942 2484 errore
970 2443 976 2497 1
1003 2441 1168 2485 τούτου
1199 2440 1236 2483 Β
1359 2445 1411 2484 11
1441 2445 1493 2484 12
1526 2438 1787 2496 παρέξομαι

107 2500 197 2555 πρὸ
229 2506 310 2556 τῆς
335 2499 558 2551 ἐκδόσεως
581 2507 672 2543 τῶν
696 2498 1034 2556 ἁρ)παρε’ξομαι
1057 2499 1290 2556 prioribus
1314 2500 1454 2543 rubro
1480 2499 1721 2543 subductis
1746 2499 1785 2542 B

229 2563 282 2602 12
319 2564 373 2602 13
405 2558 545 2617 βίβλω
576 2558 687 2602 libri
809 2563 863 2602 14
896 2573 956 2602 an
989 2559 1182 2615 φύεταιὶ>
1303 2564 1359 2603 14
1392 2564 1446 2603 15
1478 2557 1786 2617 παραλαμβα-

107 2632 206 2662 νειν
238 2617 370 2663 libri:
404 2632 506 2662 corr
537 2633 557 2661 s
680 2622 734 2660 15
774 2619 897 2661 αὐτῶ
930 2631 1005 2661 0111
1037 2617 1073 2662 Ο
1197 2623 1251 2662 16
1287 2616 1330 2663 δ’
1360 2634 1383 2661 1·
1410 2622 1415 2673 Ι
1444 2617 1588 2669 ἄλλως
1617 2618 1666 2661 Μ

110 2681 164 2720 16
198 2681 251 2720 17
293 2676 428 2728 ἄλλος
467 2677 516 2721 ἐκ
555 2684 636 2721 τοῦ
676 2677 758 2721 τὸν
797 2663 966 2734 χρόνον
1006 2685 1194 2722 σκοπεῖν
1234 2677 1284 2721 111
1314 2678 1355 2721 A
1384 2678 1452 2721 Pt
1574 2682 1626 2720 17
1661 2673 1783 2750 οἷον]

109 2731 179 2786 οἷς
210 2735 246 2780 Ο
284 2738 289 2792 Ι
333 2736 392 2787 ὡς
424 2736 447 2780 6
480 2735 612 2781 libri·
646 2737 706 2786 ὡς
736 2736 807 2779 As
931 2740 983 2779 18
1031 2737 1109 2795 ὡς]
1143 2734 1193 2788 ὃς
1223 2737 1334 2780 libri
1396 2752 1466 2780 οτι
1496 2737 1566 2780 As
1603 2739 1607 2794 Ι
1651 2733 1784 2792 ἠξίου

107 2793 281 2839 MBOs
342 2793 501 2852 ἠξίους
531 2796 587 2839 P:
620 2794 780 2851 ἠξίουν
813 2794 1086 2852 Sylburgius
1119 2809 1175 2839 ex
1206 2797 1246 2839 A
1274 2798 1280 2852 Ι
1306 2803 1388 2853 τῆς
1417 2795 1627 2852 geminat
1657 2795 1694 2837 B

111 2857 164 2896 19
194 2869 306 2908 ποιη
295 2853 364 2910 ’ση
396 2853 527 2910 libri,
562 2869 603 2898 s:
643 2854 819 2908 ποιήσω
859 2853 1132 2911 Sylburgius
1172 2869 1228 2899 ex
1258 2859 1298 2899 A
1327 2858 1332 2912 Ι
1363 2854 1489 2899 ἔδοτε
1518 2855 1610 2899 As:
1657 2853 1783 2905 ἔδοξε

109 2910 218 2955 libri
245 2912 252 2972 Ι
279 2911 323 2956 δ’
335 2871 428 2971 ηού]
462 2911 505 2957 δ’
536 2908 610 2969 ἆρ’
643 2910 696 2957 οὖ
731 2912 1004 2969 Sylburgius
1038 2927 1093 2957 ex
1124 2914 1164 2956 A
