2004 3202
173 628 193 658 5
218 607 589 676 Κασσάνδρου
649 611 1087 658 κατασταθεῖσαν
1148 606 1200 658 οἱ
1260 604 1384 676 περὶ
1431 605 1754 675 Ἀντίγονον
1805 606 1898 660 καὶ
1976 620 1982 643 ‘=

152 1070 192 1100 10

153 1495 184 1545 0:

144 1951 185 1983 20

168 1599 185 1629 6
211 1587 310 1631 τοῦ
364 1578 629 1647 βασιλέως
682 1581 814 1648 μετὰ
869 1581 1051 1648 <τῶν>
1106 1581 1290 1633 ἄλλων
1343 1581 1612 1650 φυγάδων
1657 1580 1889 1652 κάκείνῳ

221 117 328 168 300
644 117 984 162 ΔΙΟΝΥΣΙΟΤ
1015 118 1482 160 ΑΛΙΚΑΡΝΑΣΕΩΣ
1916 0 1981 217 η’

218 254 402 319 λόγου.
478 251 568 305 καὶ
630 251 999 305 διατετέλεκεν
1054 249 1191 303 ἐτῶν
1246 254 1632 306 πεντεκαίδεκα
1692 256 1896 323 χρόνον
1973 237 1980 301 ῗ

217 343 418 408 λόγους
458 342 796 411 συγγράφων
834 349 948 401 τοῖς
987 338 1362 408 βουλομένοις,
1401 340 1502 423 ἕως
1534 342 1898 414 Κάσσανδρος
1976 398 1979 421 Ι

217 430 318 497 τὴν
363 431 528 482 πόλιν
573 428 844 497 κατέσχεν.
922 425 1009 479 ἐπὶ
1057 423 1118 479 δὲ
1147 425 1568 498 Ἀναξικράτους
1615 431 1896 500 ἄρχοντος,
1976 462 1983 502 3

218 517 302 587 ἐφ’
346 518 351 586 Ι
388 514 453 571 οὗ
492 517 797 571 κατέλυσαν
834 518 935 584 τὴν
968 516 1028 569 ἐν
1057 524 1121 587 τῇ
1154 520 1454 588 Μουνυχίᾳ
1485 520 1743 589 φρουρὰν
1773 520 1880 573 ὑπὸ
1899 514 1983 575 63⁹

216 697 539 765 Δημήτριον
565 695 764 762 <τοὺς>
797 696 1059 762 βασιλεῖς,
1092 695 1274 746 αἰτίαν
1305 696 1444 763 ἔχων
1483 696 1592 763 ἅμα
1629 705 1744 758 τοῖς
1785 695 1898 749 ε’πι-

217 785 575 852 φανεστάτοις
612 782 928 850 Ἀθηναίων
980 785 1158 835 καίτοι
1206 781 1357 846 ξένος
1404 783 1567 845 αὐτὸς
1614 784 1692 836 ὢν
1736 803 1898 836 κατα-
1979 792 1981 797 ’

216 878 378 925 λῦσαι
417 874 516 925 τὸν
555 873 748 940 δῆμον,
788 871 937 941 ὁρῶν
974 871 1377 941 ἠρεθισμένους
1411 874 1541 938 τοὺς
1563 871 1898 940 Ἀθηναίους
1983 867 1985 869 ’

215 959 304 1012 καὶ
343 961 576 1028 μάλιστα
614 966 690 1030 τῷ
721 963 983 1012 πλουτεῖν
1015 957 1211 1011 ἑαυτὸν
1247 958 1660 1029 ὑφορωμένους,
1691 962 1762 1030 μὴ
1803 962 1896 1014 διὰ
1980 959 1985 978 ’“

217 1057 379 1101 τοῦτο
425 1049 579 1118 πάθῃ
618 1069 670 1100 τι
711 1049 922 1115 δεινόν,
970 1049 1246 1101 εἰσελθεῖν
1283 1045 1384 1117 μὲν
1424 1050 1501 1110 εἰς
1540 1049 1896 1119 δικαστήριον

215 1136 314 1205 οὐχ
353 1136 670 1206 ὑπέμεινεν,
711 1135 953 1200 ἐξελθὼν
992 1133 1053 1188 δὲ
1092 1143 1187 1204 τῆς
1220 1139 1430 1199 πόλεως
1467 1135 1558 1189 καὶ
1603 1136 1786 1190 ἐλθὼν
1818 1139 1895 1200 εἰς

213 1226 458 1279 Χαλκίδα
494 1226 595 1293 τὴν
627 1224 687 1277 ἐν
718 1224 950 1295 Εὐβοία,
989 1225 1087 1277 τὸν
1119 1223 1207 1277 ἀπ’
1239 1223 1660 1295 Ἀναξικράτους
1690 1228 1895 1297 χρόνον

213 1313 313 1376 ἕως
370 1316 653 1367 Φιλίππου
713 1315 1193 1381 πεντεκαιδεκαετῆ
1253 1317 1554 1383 γενόμενον
1616 1314 1725 1368 ε’κεῖ
1785 1314 1893 1368 διέ-

212 1411 423 1472 τριψεν,
469 1408 523 1455 εἴ
555 1422 637 1464 τις
676 1402 824 1473 αὐτῷ
862 1401 1079 1470 γένοιτο
1119 1404 1212 1455 διὰ
1255 1404 1614 1473 Θεοφράστου
1652 1402 1742 1456 καὶ
1782 1414 1893 1456 τῶν

212 1493 394 1544 ἄλλων
432 1494 614 1560 φίλων
651 1492 912 1559 κάθοδος,
949 1490 1272 1561 περιμένων.
1336 1494 1790 1562 συγχωρήσαντος
1830 1490 1891 1545 δὲ

210 1673 524 1735 κατελθεῖν,
571 1668 905 1736 ἀφικόμενος
952 1669 1029 1730 εἰς
1061 1667 1300 1736 Ἀθήνας
1345 1667 1435 1721 καὶ
1481 1668 1608 1739 παρ’
1657 1667 1739 1721 ἑνὶ
1779 1678 1890 1721 τῶν

211 1758 392 1823 φίλων
466 1756 725 1828 Προξένῳ
796 1755 1088 1825 καταχθεὶς
1142 1758 1276 1826 <τὸ>
1334 1761 1566 1827 χρυσιόν
1627 1757 1889 1810 ἀπολλύει

211 1845 435 1913 γηραιὸς
475 1845 553 1896 ὢν
590 1846 695 1913 ἤδη
734 1843 824 1897 καὶ
864 1846 959 1906 τὰς
997 1847 1150 1909 ὄψεις
1190 1845 1442 1914 ἀσθενής.
1513 1846 1792 1916 ὀλιγώρως
1831 1844 1881 1899 δ’
2000 1905 2004 1924 ἢ

211 1934 430 2001 ἔχοντος
469 1941 567 1986 τοῦ
600 1932 887 2003 Προξένου
925 1935 1062 2003 πρὸς
1100 1934 1202 2002 τὴν
1238 1936 1474 2003 ζήτησιν,
1515 1935 1676 2003 δίκην
1711 1938 1716 2003 Ι
1753 1938 1872 1989 ἔλα-
1890 1927 2004 2000 635ἕ

209 2041 304 2089 χεν
343 2021 490 2093 αὐτῷ
528 2020 654 2091 περὶ
693 2031 804 2074 τῶν
841 2023 1133 2091 χρημάτων
1171 2022 1335 2085 αὐτὸς
1375 2022 1724 2077 οὐδεπώποτε
1755 2027 1888 2095 πρό-
2001 2008 2004 2017 ¹

209 2130 369 2180 τερον
416 2112 493 2172 εἰς
539 2112 895 2180 δικαστήριον
940 2112 1251 2180 παρελθών.
1337 2107 1497 2173 οὗτος
1543 2109 1644 2180 μὲν
1690 2113 1717 2166 ὁ
1766 2116 1887 2181 βίος

208 2197 455 2269 τάνδρός.
532 2198 923 2251 ἀποδείκνυται
970 2198 1018 2251 δ’
1065 2198 1294 2252 ἕκαστον
1339 2199 1523 2252 αὐτῶν
1568 2202 1627 2252 ἔκ
1672 2222 1730 2254 τε
1775 2211 1887 2254 τῶν

210 2287 467 2356 ἱστοριῶν
505 2297 616 2339 τῶν
663 2289 976 2357 Φιλοχόρου
1014 2286 1105 2340 καὶ
1146 2287 1198 2351 ἐξ
1240 2283 1318 2340 ὧν
1358 2289 1521 2351 αὐτὸς
1554 2288 1680 2359 περὶ
1713 2289 1884 2343 αὐτοῦ

327 2450 349 2487 1
383 2444 712 2504 διατετέλεκεν]
746 2445 998 2491 διετέλεκεν
1022 2447 1057 2490 F
1150 2452 1174 2490 2
1207 2447 1360 2504 λόγοις
1382 2447 1439 2492 F:
1472 2461 1573 2491 corr
1588 2448 1823 2492 Victorius

207 2508 233 2544 4
264 2503 354 2546 ὑπὸ
389 2503 683 2561 Sylburgius:
717 2506 809 2549 ἀπο
843 2506 878 2548 F
1031 2511 1055 2549 6
1087 2507 1195 2557 τοὺς
1225 2507 1447 2580 βασιλεῖς]
1475 2508 1675 2564 βασιλεῖς
1706 2508 1741 2550 F

209 2565 232 2603 7
278 2561 545 2617 ἀθηναίους
576 2564 634 2605 F¹
672 2566 725 2606 ub
763 2564 971 2619 uidetur,
1020 2563 1277 2622 ἀθηναίοις
1315 2566 1391 2610 F2:
1442 2564 1696 2622 Αθηναίων
1734 2567 1881 2611 tacite

205 2620 413 2663 Blassius
476 2622 776 2677 ὑφορώμενος
793 2624 827 2665 F
936 2629 990 2667 10
1014 2622 1057 2667 τί
1073 2624 1108 2667 F
1202 2629 1255 2667 13
1280 2622 1613 2669 πεντεκαίδεκα
1640 2625 1715 2682 ἔτη
1741 2628 1809 2682 (αι
1831 2626 1881 2669 in

206 2683 299 2735 ras)
318 2679 372 2723 F:
401 2693 502 2723 corr
520 2680 794 2736 Sylburgius
812 2695 835 2724 e
854 2683 1013 2726 codice
1030 2683 1302 2739 Bodleyano
1388 2689 1440 2727 15
1461 2684 1879 2741 συχωρήσαντοςΕε

205 2738 551 2783 corrVictorius
666 2745 720 2782 16
746 2739 859 2794 μετὰ
882 2749 972 2785 τῶν
998 2741 1166 2800 ἄλλων]
1192 2741 1287 2797 μετ’
1310 2742 1496 2786 ἄλλωνΡ
1522 2743 1571 2786 cf
1587 2759 1618 2799 p
1638 2749 1735 2798 312,
1755 2749 1811 2787 20

207 2803 259 2841 17
291 2796 479 2852 ἀθήνας
511 2812 566 2841 ex
598 2799 787 2854 ἀθῆνας
819 2799 875 2840 F¹
1009 2806 1062 2843 18
1094 2801 1145 2844 τὸ
1178 2815 1202 2844 e
1234 2801 1485 2845 Plutarcho
1519 2804 1566 2845 eb
1599 2802 1764 2846 Photio
1797 2803 1878 2846 ad—

205 2855 304 2899 didi
427 2861 481 2899 19
521 2865 720 2913 γηραιῶς
753 2854 815 2901 ὦν
848 2858 903 2902 F:
945 2872 1045 2901 corr
1075 2859 1311 2904 Victorius
1446 2865 1503 2903 24
1528 2862 1788 2918 φιλοχώρου
1820 2862 1877 2906 F:

203 2929 305 2959 corr
338 2915 634 2972 Sylburgius,
668 2916 781 2959 item
812 2916 935 2959 infra
963 2919 968 2974 l
997 2920 1141 2962 αὐτοῦ
1174 2919 1229 2963 F:
1263 2921 1406 2964 αὑτοῦ
1439 2918 1675 2963 Victorius
