2004 3202
853 111 1062 153 ῙΣΑῙοΣ
1695 111 1718 161 1
1732 110 1798 163 15

121 247 303 308 ἁπλῶς
341 245 462 300 ἀλλ’
505 246 743 315 ἀκριβῶς
789 245 976 310 αὔξειν
1021 265 1078 298 τε
1123 249 1335 314 μᾶλλον
1379 243 1470 298 καὶ
1517 246 1800 315 δεινότερα

118 343 301 388 ποιεῖν
338 336 405 388 τὰ
442 335 732 404 πράγματα
777 332 867 386 καὶ
906 335 972 386 τὰ
1010 334 1164 402 πάθη
1202 342 1384 387 ποιεῖν
1421 334 1800 403 γεννικώτερα.

120 422 180 475 ἐν
218 424 323 492 γὰρ
363 422 431 491 δὴ
470 422 688 484 τούτοις
727 421 828 490 οὐχ
866 417 1032 490 ἧττόν
1072 420 1186 474 ἐστι
1236 422 1475 491 φανερὸς
1512 429 1575 491 τῇ
1616 425 1802 490 Δημο-

119 510 358 573 σθένους
411 509 572 581 τέχνῃ
626 512 722 572 τὰς
776 510 1029 580 ἀφορμὰς
1082 511 1356 577 δεδωκώς,
1411 508 1531 586 ἀλλ’
1583 509 1649 562 οὐ
1701 511 1802 578 τὴν

119 601 335 652 Λυσίου
374 599 591 652 διώκων
622 597 903 667 ἀφέλειαν,
942 599 1016 661 ὡς
1056 597 1114 651 ἐκ
1151 603 1374 652 πολλῶν
1408 600 1523 651 ἔστι
1564 601 1761 666 λόγων,
1793 597 1796 657 ῐ

32 701 116 742 617
142 692 354 756 μᾶλλον
407 684 468 740 δὲ
531 687 588 740 ἐκ
647 688 872 740 πάντων
932 697 1043 740 τῶν
1095 686 1421 757 γραφέντων
1479 685 1574 740 ὑπ’
1629 686 1801 740 αὐτοῦ

116 778 507 846 τεκμήρασθαι.
577 778 625 828 εῑ
663 775 730 828 δέ
763 796 816 829 τι
855 777 940 829 δεῖ
977 774 1068 828 καὶ
1106 776 1509 845 παραδείγμασι
1541 780 1800 844 χρῆσθαι,

115 867 189 933 μή
242 884 327 927 τις
380 864 747 917 ἀναπόδεικτα
801 865 932 934 δόξῃ
987 863 1169 931 λέγειν
1219 864 1386 933 ἡμᾶς,
1446 866 1656 932 ποιήσω
1710 864 1801 917 καὶ

116 961 295 1021 τοῦτο,
334 954 823 1023 προχειρισάμενος
861 954 960 1005 τὸν
989 950 1129 1022 ὑπὲρ
1162 953 1486 1021 Εὐφιλήτου
1518 955 1703 1021 λόγον,
1741 953 1801 1006 ἐν

118 1034 160 1112 gf
192 1043 291 1094 τὸν
322 1040 584 1112 Ἐρχιέων
616 1043 793 1110 δῆμον
825 1043 902 1104 εἰς
933 1043 994 1094 τὸ
1027 1043 1383 1111 δικαστήριον
1412 1045 1806 1112 προσκαλεῖταί

115 1150 198 1192 τις
252 1140 363 1183 τῶν
418 1128 927 1198 ἀποψηφισθέντων
981 1131 1054 1192 ὡς
1107 1130 1309 1192 ἀδίκως
1369 1138 1464 1198 τῆς
1523 1134 1802 1194 πολιτείας

116 1218 572 1288 ἀπελαυνόμενος.
637 1218 849 1289 ε’γράφη
881 1220 986 1289 γὰρ
1011 1220 1082 1287 δή
1105 1239 1187 1281 τις
1210 1220 1318 1272 ὑπὸ
1351 1229 1462 1272 τῶν
1485 1219 1802 1287 Ἀθηναίων

115 1310 285 1376 νόμος
334 1306 578 1371 ἐξέτασιν
624 1307 886 1375 γενέσθαι
932 1316 1043 1360 τῶν
1091 1312 1334 1360 πολιτῶν
1386 1309 1522 1360 κατὰ
1576 1309 1801 1376 δήμους,

114 1397 212 1448 τὸν
244 1393 306 1448 δὲ
336 1395 799 1465 ἀποψηφισθέντα
830 1396 938 1448 ὑπὸ
970 1405 1082 1448 τῶν
1113 1397 1369 1464 δημοτῶν
1400 1404 1493 1464 τῆς
1523 1399 1801 1458 πολιτείας

114 1486 186 1552 μὴ
234 1483 503 1553 μετέχειν,
557 1493 673 1547 τοῖς
719 1481 780 1537 δὲ
826 1483 1028 1546 ἀδίκως
1075 1484 1552 1553 ἀποψηφισθεῖσιν
1606 1487 1799 1554 ἔφεσιν

113 1574 191 1635 εἰς
228 1574 289 1626 τὸ
330 1574 688 1643 δικαστήριον
726 1569 894 1641 εἶναι,
949 1572 1483 1643 προσκαλεσαμένοις
1529 1575 1657 1636 τοὺς
1705 1575 1800 1641 δη-

1826 1063 1867 1095 10

1824 1505 1864 1538 15

112 1665 303 1730 μότας,
356 1661 447 1715 καὶ
486 1662 583 1715 ἐὰν
621 1664 682 1715 τὸ
730 1663 993 1732 δεύτερον
1041 1661 1426 1731 ἐξελεγχθῶσι,
1479 1668 1823 1734 πεπρᾶσθαι-

114 1750 316 1813 αὐτοὺς
359 1749 449 1803 καὶ
495 1753 561 1804 τὰ
607 1753 854 1821 χρήματα
900 1747 1042 1804 εἶναι
1089 1753 1338 1820 δημόσια.
1418 1752 1552 1803 κατὰ
1598 1759 1799 1804 τοῦτον

113 1839 211 1890 τὸν
242 1841 415 1907 νόμον
446 1840 475 1893 ὁ
508 1839 824 1909 Εὐφίλητος
858 1841 1369 1910 προσκαλεσάμενος
1399 1842 1529 1902 τοὺς
1552 1838 1797 1910 Ἐρχιέας

26 1941 110 1979 618
136 1928 209 1988 ὡς
240 1925 442 1989 ἀδίκως
478 1926 1048 1999 καταΙψηφισαμένους
1079 1929 1251 1982 αὐτοῦ
1282 1930 1382 1981 τὸν
1413 1928 1600 1996 ἀγῶνα
1634 1930 1795 1982 τόνδε

115 2015 439 2068 διατίθεται.
521 2019 841 2086 προείρηται
895 2014 997 2086 μὲν
1051 2018 1118 2085 δὴ
1173 2019 1238 2070 τὰ
1292 2017 1582 2086 πράγματα
1635 2016 1789 2069 ταῦτ’

114 2103 352 2173 ἀκριβῶς
405 2102 495 2156 καὶ
548 2106 882 2158 πεπίστωται
928 2106 1022 2157 διὰ
1068 2115 1180 2157 τῶν
1233 2106 1552 2174 μαρτύρων,
1607 2098 1689 2167 οἷς
1736 2103 1796 2158 δὲ

235 2329 255 2366 1
291 2322 406 2366 ἀλλὰ
430 2323 467 2366 Β
559 2328 584 2365 2
618 2323 923 2379 γεννικώτερα
943 2323 1138 2367 Usener.
1170 2323 1473 2379 γενικώτερον
1491 2323 1675 2366 FMBP

114 2386 140 2424 3
171 2379 342 2433 τοίτοις
364 2382 399 2425 F
428 2384 434 2438 Ι
462 2389 677 2438 φανερῶς
700 2382 781 2426 FP
868 2388 895 2424 4
927 2380 1042 2425 ἀλλὰ
1066 2382 1103 2424 Β
1187 2387 1213 2425 5
1245 2380 1470 2438 ἀφέλειαν
1496 2382 1795 2439 Sylburgius:

114 2439 374 2497 ἀσφάλειαν
403 2443 408 2498 Ι
436 2444 615 2485 πολλῶν
633 2441 833 2497 Kn‘iger:
866 2456 913 2484 τε
937 2440 1086 2485 ἄλλων
1114 2442 1119 2498 Ι
1146 2440 1282 2497 λόγος
1296 2441 1436 2485 ΜΒΡ
1527 2447 1552 2485 6
1584 2443 1794 2486 ὑπαυτοῦ

115 2500 149 2542 F
181 2514 258 2544 ras
290 2514 427 2556 super
456 2516 492 2543 π
523 2501 650 2544 facta
743 2505 767 2543 7
800 2497 844 2543 δ’
870 2498 934 2543 ἔτι
964 2499 999 2543 F
1092 2504 1117 2542 9
1149 2500 1251 2559 τὸν]
1283 2516 1335 2545 το
1366 2501 1416 2544 in
1446 2515 1521 2544 ras
1551 2501 1610 2544 F²
1642 2503 1648 2558 Ι
1683 2504 1794 2545 ante

114 2558 253 2616 λόγον
283 2559 333 2602 in
364 2559 399 2602 F
430 2559 513 2604 τὸν
546 2573 728 2604 erasum
760 2561 832 2603 est
925 2563 979 2602 10
1010 2561 1336 2615 προσκαλεῖται
1357 2560 1407 2603 Μ
1429 2562 1550 2604 teste
1574 2560 1794 2614 Usenero,

114 2617 353 2662 Reiskius:
385 2622 684 2674 προκαλεῖται
715 2618 842 2662 FBP
949 2622 1003 2662 12
1036 2617 1096 2674 δή
1125 2635 1194 2669 τις
1225 2620 1285 2676 δη
1317 2619 1378 2662 Β1
1484 2624 1538 2663 13
1571 2621 1716 2676 δῆμος
1746 2597 1795 2662 Μ

116 2691 216 2720 corr
254 2677 417 2721 eadem
452 2693 499 2720 m
621 2683 675 2722 15
714 2678 1120 2750 ὑποψηφισθεῖσιν
1156 2678 1193 2722 Ρ
1247 2679 1696 2736 ἀποψηφισθε[ῖσιν]
1737 2679 1795 2720 F¹

116 2749 219 2779 cum
248 2750 324 2780 ras
418 2742 471 2780 16
504 2734 925 2792 προκαλεσαμένοις
955 2735 1160 2782 FMBP:
1193 2751 1295 2781 con·
1324 2737 1542 2781 Reiskius
1635 2743 1687 2781 17
1723 2737 1792 2789 ἐξ-

117 2796 336 2862 ελεχθῶσι
367 2795 402 2838 F
445 2797 451 2852 Ι
493 2795 766 2852 πεπράσθαι
801 2795 911 2838 libri
1011 2799 1064 2839 19
1095 2795 1498 2852 προκαλεσάμενος
1528 2796 1658 2840 libri:
1691 2810 1793 2839 corr

117 2853 332 2897 Relskius
360 2856 366 2910 Ι
387 2852 599 2912 Ἐρχιέας
629 2856 742 2900 ΜΡ.
776 2852 1016 2911 ἀρχιερέας
1046 2855 1081 2898 F
1129 2854 1279 2914 ἐχιέας
1301 2856 1338 2898 Β
1430 2861 1486 2899 20
1517 2854 1710 2905 ἀδίκους
1734 2854 1790 2896 F¹

235 2917 287 2955 21
320 2920 466 2957 ταῦτα
498 2914 533 2956 Ρ

1468 2988 1525 3031 8*

1820 1949 1863 1981 20
