2004 3202
151 1072 193 1103 10

146 1954 190 1986 20

171 1513 305 1554 5τος
359 1491 387 1544 ὁ
443 1493 605 1558 λόγος
657 1492 761 1559 ἤδη
815 1492 1154 1559 πεφευγότος
1207 1489 1379 1542 αὐτοῦ
1433 1494 1667 1559 εἴρηται,
1721 1491 1793 1552 ὡς
1840 1489 1892 1553 ἐξ

221 116 331 167 314
646 117 987 160 ΔΙοΝΤΣῙοΤ
1017 117 1486 160 ΑΛῙΚΑΡΝΑΣΕῼΣ

219 251 569 314 Μενεκλέους
611 252 639 305 ὁ
679 250 1047 320 Δημοσθένης
1087 249 1196 303 ἐκεῖ
1233 249 1498 319 μέμνηται
1537 249 1734 318 λέγων·
1783 248 1899 303 ‘efoe-

221 348 349 409 ρᾶτε
387 341 492 410 γὰρ
524 341 721 402 πάντες
755 339 924 391 αὐτὸν
958 339 1265 408 χρώμενον,
1304 338 1405 401 ἕως
1444 342 1548 408 ἔζη,
1587 339 1897 407 Μενεκλεῖ’,
1986 359 1987 362 ’

219 430 449 491 παλαιὸς
496 431 657 496 λόγος
703 431 785 490 τίς
832 427 993 480 ἐστιν.
1072 428 1156 480 ὅτι
1203 424 1264 480 δὲ
1310 424 1470 490 οὗτος
1516 428 1545 481 ὁ
1593 431 1897 494 Μενεκλῆς,

220 517 281 569 ἐν
319 517 468 589 αὐτῷ
506 524 581 589 τῷ
620 519 764 588 λόγῳ
806 517 1115 584 δεδήλωκεν
1154 515 1183 568 ὁ
1222 526 1555 586 κατηγορῶν.
1632 517 1898 569 Διαδικα-
1957 524 1965 533 ’

219 609 310 658 σιά
345 605 709 675 ΙἈθμονεῦσι
754 603 880 674 περὶ
927 612 1021 672 τῆς
1067 607 1336 674 μυρρίνης
1373 603 1464 657 καὶ
1501 612 1596 672 τῆς
1635 607 1955 673 μίλακος·65

220 694 466 764 εεὔχομαι
512 695 578 761 δὴ
625 702 703 763 τῇ·
729 695 982 763 Δήμητρι
1027 692 1118 745 καὶ
1161 701 1225 763 τῆ
1264 693 1455 763 Κόρῃ.’
1530 694 1898 763 πρεσβύτερός

219 782 331 835 ε’στι
378 791 472 851 τῆς
510 785 824 851 Δεινάρχου
871 781 1055 850 ἀκμῆς.
1132 787 1341 851 εἴρηται
1380 783 1485 852 γὰρ
1525 780 1613 834 ἐπὶ
1651 782 1897 850 Νικομά-
1980 801 1989 808 ·

217 894 319 943 χου
359 875 639 942 ἄρχοντος,
679 871 753 932 ὡς
793 869 845 933 ἐξ
886 869 1058 922 αὐτοῦ
1097 878 1196 922 τοῦ
1228 872 1398 937 λόγου
1429 873 1674 942 γίγνεται
1707 872 1895 938 δῆλον,
1968 871 1989 880 ”

217 963 278 1015 ἓν
331 962 467 1031 πρὸς
519 968 634 1021 τοῖς
684 963 892 1011 εἴκοσιν
939 961 1058 1020 ε”τος
1101 966 1202 1011 τοῦ
1250 959 1480 1029 ῥήτορος
1525 961 1758 1027 ἔχοντος.
1844 959 1897 1012 οἱ

216 1047 316 1119 μὲν
370 1045 472 1102 οὖν
526 1048 958 1118 <πρεσβύτεροι>
1011 1054 1106 1115 τῆς
1159 1047 1331 1116 ἀκμῆς
1381 1046 1553 1099 αὐτοῦ
1600 1049 1896 1117 φερόμενοι

215 1139 655 1207 ψευδεπίγραφοι
704 1136 805 1205 [εἰς
845 1135 1037 1204 αὐτὸν]
1079 1138 1236 1203 λόγοι
1275 1134 1417 1189 εἰσὶν
1456 1136 1586 1188 οἵδε.
1662 1137 1796 1205 μετὰ
1836 1133 1896 1188 δὲ

214 1228 314 1295 τὴν
362 1225 414 1289 ἐξ
455 1223 711 1293 Ἀθηνῶν
757 1226 835 1287 εἰς
882 1225 1128 1277 Χαλκίδα
1174 1224 1523 1295 ἀναχώρησιν
1570 1225 1707 1277 οἵδε·
1759 1229 1897 1277 Δια-

215 1317 434 1367 δικασιά
478 1321 573 1382 τῆς
622 1315 820 1383 ἱερείας
862 1321 957 1381 τῆς
994 1315 1290 1383 Δήμητρος
1327 1314 1465 1383 πρὸς
1502 1314 1601 1365 τὸν
1641 1314 1895 1383 ἱεροφάν-
1981 1375 1987 1396 ἲ

213 1421 334 1472 την·
375 1404 615 1456 (πολλῶν
645 1401 735 1454 καὶ
767 1401 1111 1471 παραδόξων,
1150 1399 1191 1455 ὦ
1227 1403 1425 1471 ἄνδρες
1457 1401 1740 1454 δικασταί.’
1802 1397 1894 1454 οὗ-
1982 1402 1987 1455 ἔ

214 1581 385 1633 αὐτοῦ
433 1583 678 1646 γίγνεται
724 1580 983 1647 φανερόν.
1063 1577 1328 1646 μέμνηται
1374 1579 1478 1646 γὰρ
1528 1577 1588 1629 ἐν
1634 1578 1782 1650 αὐτῷ
1828 1579 1892 1644 <ὁ
1998 1635 1999 1638 ,

213 1669 424 1736 λέγων)
469 1675 564 1736 τῆς
607 1668 981 1735 κατασχούσης
1020 1667 1349 1736 ὀλιγαρχίας.
1426 1667 1581 1719 Κατὰ
1627 1669 1893 1738 Τιμοκρά-

212 1761 342 1819 τους
393 1757 794 1823 εἰσαγγελτικὸς
841 1756 1019 1824 δήμου
1065 1755 1430 1817 καταλύσεως·
1485 1757 1639 1825 εἔργα
1683 1757 1893 1818 ποιεῖς.’

214 1843 373 1908 οὗτος
419 1843 508 1897 καὶ
555 1843 643 1896 ἀπ’
690 1844 856 1912 αὐτῆς
894 1851 988 1912 τῆς
1028 1842 1332 1913 ἐπιγραφῆς
1372 1843 1484 1896 ἐστι
1524 1846 1689 1912 δῆλος
1727 1846 1893 1908 ψευδ-
1980 1871 1986 1913 <a

214 1938 515 2004 επίγραφος
573 1934 665 1985 ὥν.
742 1934 897 1984 Κατὰ
952 1933 1265 1984 Σπουδίου·
1328 1931 1436 1984 εκαὶ
1499 1932 1559 1985 ἐν
1611 1940 1686 2003 τςό
1739 1935 1891 2005 δήμῳ
1980 1930 1985 1971 Γ

211 2024 605 2093 κατηγορήσειν
635 2021 985 2090 ὑπεσχόμην.’
1039 2022 1171 2089 μετὰ
1202 2021 1303 2088 τὴν
1325 2021 1625 2074 κατάλυσιν
1655 2029 1750 2089 τῆς
1780 2022 1892 2075 ὀλι-

211 2115 438 2181 γαρχίας
477 2116 686 2180 εἴρηται
723 2108 814 2162 καὶ
854 2106 1014 2172 οὗτος
1049 2110 1054 2177 Ι
1089 2111 1194 2178 ἤδη
1226 2110 1540 2179 Δεινάρχου
1573 2109 1874 2179 [φαίνεται]
1894 2122 1976 2163 658

212 2201 537 2267 φεύγοντος,
585 2200 657 2261 ὡς
704 2198 757 2262 ἐξ
805 2198 975 2251 αὐτοῦ
1023 2199 1256 2267 μάλιστα
1298 2206 1397 2251 τοῦ
1437 2200 1606 2265 λόγου
1645 2202 1888 2266 γίγνεται

332 2364 351 2401 1
387 2358 722 2402 Demosthenes
756 2373 819 2402 or.
843 2357 1037 2401 XXXIX
1063 2363 1115 2401 13

329 2510 353 2547 2
387 2507 596 2559 μενεκλεῖ
625 2504 723 2561 (sic)
757 2505 811 2548 F:
840 2508 1079 2561 Μενεκλῆς
1094 2504 1328 2548 Victorius
1443 2510 1468 2547 3
1503 2504 1526 2548 ὁ
1560 2504 1699 2554 αὐτὸς
1731 2507 1883 2549 Μενε-

210 2566 318 2619 κλῆς
349 2563 609 2619 Kruegerus
732 2570 755 2606 5
793 2562 1035 2620 Μυρρίνης
1065 2563 1205 2619 uolgo
1237 2566 1343 2619 post
1373 2562 1633 2607 victorium
1661 2565 1666 2619 Ι
1695 2562 1887 2619 μίλακος

210 2622 464 2665 Victorius:
506 2622 708 2676 μήλακος
739 2622 773 2664 F
897 2628 950 2666 10
990 2623 1287 2680 πρεσβύτεροι
1318 2621 1533 2666 Reiskius
1571 2621 1768 2665 inseruit

211 2687 264 2723 11
300 2681 364 2731 εἰς
394 2680 536 2723 αὐτὸν
570 2680 723 2723 deleui
846 2687 898 2724 12
930 2681 1014 2738 ἤὸε
1046 2681 1101 2726 F:
1135 2695 1237 2725 corr
1259 2681 1493 2725 Victorius
1618 2686 1672 2724 14
1703 2683 1884 2725 πολλῶν

208 2744 256 2784 τὲ
288 2740 322 2782 F
383 2754 430 2781 τε
464 2738 538 2782 del
570 2738 628 2780 F2
750 2744 802 2782 16
837 2740 860 2783 ὁ
893 2739 1035 2796 λέγων
1067 2740 1230 2783 addidi
1353 2745 1405 2783 18
1443 2739 1795 2796 εἰσαγγελιτικὸς
1825 2739 1882 2784 F:

210 2813 311 2843 corr
341 2797 575 2841 Victorius
605 2798 608 2852 Ι
640 2796 747 2853 ἔργα
780 2806 940 2853 ποιεῖς,
974 2800 1099 2853 quod
1130 2799 1180 2841 in
1211 2799 1246 2841 F
1279 2801 1387 2842 ante
1419 2797 1539 2842 κατὰ
1571 2798 1884 2854 Τιμοκράτους

210 2860 292 2914 est,
324 2859 431 2913 post
460 2856 746 2906 καταλύσεως
772 2856 1044 2913 Sylburgius
1076 2857 1365 2914 transposuit
1484 2862 1539 2899 22
1566 2855 1785 2913 φαίνεται
1813 2870 1883 2901 se-

209 2916 349 2961 clusit
379 2914 595 2959 Reiskius
