2004 3202
402 132 547 173 ΠΕΡΙ
574 131 696 174 ΤΩΝ
729 130 1134 175 ΘοΤΚΤΔιΔοΤ
1164 131 1506 175 mmmmm
1691 130 1802 184 429

55 257 58 259 ‚
120 286 195 339 τῳ
235 267 341 336 ἄρα
377 264 715 335 παρέστηκεν
750 249 851 320 τὸν
886 262 990 335 μὲν
1027 267 1399 335 Συρακόσιον,
1439 267 1610 320 αὑτὸν
1641 263 1702 320 δὲ
1735 266 1803 320 οὐ

119 354 386 424 πολέμιον
423 351 566 408 εἶναι
611 361 687 427 τῷ
724 353 1045 427 Ἀθηναίῳ·’
1090 355 1348 423 βούλεται
1387 351 1490 423 μὲν
1527 357 1632 425 γὰρ
1674 357 1805 418 τοὺς

122 447 508 515 Συρακοσίους
561 442 742 512 λέγειν
792 441 884 496 καὶ
930 444 1060 506 τοὺς
1097 441 1460 511 Ἀθηναίους,
1506 447 1805 512 πεποίηκεν

122 529 182 586 δὲ
222 541 333 585 τῶν
372 532 659 602 ὀνομάτων
697 530 955 601 ἑκάτερον
987 530 1186 585 ἑνικόν.
1246 531 1337 584 καὶ
1381 531 1463 584 ἐν’
1486 525 1568 594 οἷς
1608 534 1803 601 φησιν·

122 619 231 673 “καὶ
270 621 369 674 τὸν
405 620 670 690 πολέμιον
709 622 1024 689 δεινότερον
1061 619 1269 690 ἕξομεν,
1307 621 1380 690 μὴ
1421 620 1615 692 ῥᾳδίας
1654 621 1803 693 αὐτῷ
1848 638 1870 671 5

39 719 41 724 ’
119 711 290 763 πάλιν
336 711 504 778 οὔσης
549 717 644 778 τῆς
689 708 1124 779 ἀναχωρήσεως’·
1179 711 1308 772 τοὺς
1353 711 1804 779 γὰρ-πολεμίους

122 797 479 867 ἐσχημάτικεν
517 795 733 865 ἑνικῶς,
779 796 903 866 οὐχὶ
941 802 1345 866 πληθυντικῶς.
1413 796 1563 852 Ἀντὶ
1603 795 1665 852 δὲ
1703 807 1804 852 τοῦ
1868 835 1877 839 ·-

121 885 309 940 ἑνικοῦ
347 887 408 939 τὸ
447 886 830 954 πληθυντικὸν
865 887 1281 956 παραλαμβάνει
1311 894 1513 940 τοῦτον
1550 888 1650 940 τὸν
1680 890 1805 957 τρό-

119 994 229 1028 πον
268 975 607 1039 ἐξαλλάττων
644 976 745 1044 τὴν
776 977 995 1043 συνήθη
1028 976 1258 1045 φράσιν·
1295 985 1469 1029 κεῖται
1501 973 1562 1028 δὲ
1593 976 1626 1045 ἡ
1659 975 1804 1041 λέξις

119 1063 252 1133 <ἐν>
298 1071 373 1135 τῷ
418 1067 691 1136 προοιμίῳ
737 1072 838 1117 τοῦ
891 1063 1206 1132 ἐπιταφίου·
1261 1063 1438 1134 εμέχρι
1484 1066 1589 1135 γὰρ
1637 1066 1803 1118 τοῦδε
1829 1082 1870 1114 1⁰

120 1151 338 1206 ἀνεκτοὶ
393 1154 446 1206 οἱ
492 1155 715 1206 ἔπαινοί
751 1154 905 1222 ,εἰσιν
956 1151 1077 1222 περὶ
1130 1151 1331 1223 ἑτέρων
1381 1156 1692 1223 λεγόμενοι,
1749 1153 1804 1217 ἐς

121 1242 256 1295 ὅσον
294 1241 364 1294 ἂν
401 1240 491 1294 καὶ
532 1241 696 1303 αὐτὸς
734 1239 958 1303 ἕκαστος
990 1246 1169 1309 οἴηται
1204 1243 1389 1304 ἱκανὸς
1422 1238 1564 1295 εἶναι
1604 1243 1809 1312 δρᾶσαί

120 1350 174 1383 τι
197 1325 277 1384 ὧν
299 1330 578 1398 ἥκουσεν’·
601 1331 662 1383 τὸ
687 1331 791 1399 γὰρ
825 1329 1091 1392 ἕκαστος
1114 1329 1205 1383 καὶ
1229 1331 1290 1383 τὸ
1322 1332 1600 1399 ἤκουσεν
1633 1330 1803 1400 ἑνικά,

119 1421 187 1472 τὰ
233 1418 285 1472 δ’
323 1418 692 1489 ἐπιφερόμενα
739 1419 957 1482 τούτοις
1001 1423 1391 1487 πληθυντικῶς
1439 1419 1802 1488 ἐξενήνεκται·

35 1521 118 1561 99
137 1507 231 1580 ετῷ
285 1505 345 1560 δὲ
398 1508 801 1577 ὑπερβάλλοντι
864 1506 1035 1560 αὐτὸν
1080 1507 1087 1576 Ι
1133 1513 1484 1577 φθονοῦντες
1546 1510 1648 1577 ἤδη
1710 1508 1870 1562 καὶιῡ

120 1596 467 1650 ἀπιστοῦσιν’
500 1616 567 1645 ιιι*
598 1595 665 1649 οὐ
696 1594 823 1648 καθ’
858 1594 979 1658 ἑνὸς
1010 1595 1271 1664 λέγεσθαι
1300 1597 1629 1665 πεφύκασιν,
1662 1597 1803 1652 ἀλλὰ

120 1686 257 1738 κατὰ
294 1689 530 1738 πολλῶν.

222 1761 555 1843 Ἀρρενικῶν
601 1770 662 1826 δὲ
708 1772 799 1826 καὶ
844 1778 1110 1842 θηλυκῶν
1154 1773 1244 1826 καὶ
1301 1773 1608 1844 οὐδετέρων
1654 1775 1802 1829 ἀντι-
1822 1775 1892 1827 10

121 1861 431 1931 μετατάξεις
484 1861 830 1930 ἐκβεβηκυῖαι
893 1871 1004 1915 τῶν
1065 1865 1333 1930 συνήθων
1394 1864 1685 1932 σχημάτων
1745 1866 1803 1917 αἱ

121 1950 330 2003 τοιαίδε
362 1951 520 2018 εἰσίν,
557 1951 690 2003 ὅταν
720 1951 821 2018 τὴν
850 1947 952 2019 μὲν
982 1952 1225 2020 ταραχὴν
1255 1952 1540 2021 τάραχον
1570 1957 1706 2023 καλῇ
1738 1954 1800 2006 τὸ
1826 1975 1869 2007 20

119 2039 372 2107 θηλυκὸν
418 2037 665 2108 ἐκφέρων
703 2037 1003 2108 ἀρρενικῶς
1040 2038 1130 2091 καὶ
1170 2041 1271 2108 τὴν
1309 2043 1537 2110 ὄχλησιν
1580 2043 1801 2110 ὄχλον,

241 2203 266 2242 5
299 2197 428 2240 Thuc
452 2197 515 2240 IV
542 2202 595 2240 10
750 2202 803 2241 10
837 2199 884 2241 et
916 2202 970 2241 15
1003 2198 1045 2241 Π
1070 2203 1124 2242 35
1278 2205 1333 2243 20
1363 2198 1567 2258 τάραχος
1596 2215 1719 2244 nunc
1752 2201 1803 2244 in

121 2257 250 2300 Thuc
282 2255 478 2300 euanuit
597 2262 649 2299 21
685 2256 817 2314 ὄχλος
847 2257 977 2300 Thuc
1001 2258 1021 2300 I
1046 2262 1101 2300 73

243 2409 263 2446 1
291 2401 548 2460 παρέστηκε
574 2418 602 2447 a
630 2405 634 2461 Ι
664 2405 972 2458 συρακούσιον
989 2419 1016 2448 a
1043 2406 1049 2461 Ι
1077 2405 1221 2450 αὐτὸν
1239 2405 1332 2450 Pa:
1359 2420 1460 2450 corr
1477 2407 1740 2462 Kruegerus

121 2468 147 2506 2
178 2470 241 2507 τῶ
273 2460 493 2518 ἀθηναίω
525 2463 564 2507 G
595 2471 686 2506 τῶν
718 2462 968 2520 ἀθηναίων
999 2463 1123 2507 PDa
1162 2464 1243 2508 τὸν
1275 2466 1517 2521 ἀθηναῖον
1550 2466 1635 2511 Cs:
1678 2466 1803 2510 dati-
1866 2472 1868 2474 ’

35 2565 40 2568 ,
121 2536 229 2565 uum
269 2521 542 2566 restituerat
579 2522 842 2578 Kruegerus
883 2526 931 2567 et
961 2523 1201 2567 Dobraeus
1234 2524 1415 2569 aduers.
1442 2525 1463 2568 I
1493 2540 1524 2582 p
1551 2531 1634 2569 561

122 2585 149 2624 3
182 2579 515 2636 συρακουσίους
540 2595 567 2624 a
594 2583 599 2638 Ι
627 2579 850 2637 πεποίηκε
883 2596 911 2625 a
1030 2587 1058 2625 4
1090 2582 1213 2634 ἐνοῖς
1244 2584 1407 2640 φησὶν·
1441 2584 1477 2627 Ρ
1505 2587 1511 2642 Ι
1540 2599 1653 2642 φησι
1686 2599 1713 2628 a

122 2644 148 2682 5
183 2637 370 2695 ραιδίας
393 2639 428 2681 Ρ
459 2638 651 2695 ῤἀιδίως
678 2642 717 2684 Θ
747 2640 853 2684 libri
888 2642 1052 2685 BEF
1183 2646 1237 2686 10
1272 2642 1323 2687 ἐν
1354 2642 1489 2689 CDS:
1524 2658 1599 2688 om
1631 2645 1705 2687 Pa

125 2704 176 2742 11
204 2698 290 2743 εἰσι
315 2713 343 2742 a
370 2701 376 2754 Ι
406 2713 454 2742 εσ
476 2699 591 2754 Ra:
621 2699 686 2749 εἰς
710 2699 829 2743 CDa
922 2705 975 2743 13
1007 2699 1196 2755 ἤκουσε·
1221 2701 1272 2746 τὸ
1297 2716 1326 2746 a
1390 2708 1443 2746 14
1467 2702 1525 2746 τὰ
1557 2701 1607 2747 δὲ
1637 2703 1799 2748 GCDs

243 2763 296 2801 15
328 2765 389 2802 τῶ
422 2758 521 2802 sine
553 2758 652 2802 iota
675 2758 710 2800 P
738 2760 744 2815 Ι
771 2760 925 2803 αὐτῶν
958 2759 1123 2804 GCDs
1298 2766 1352 2805 16
1387 2765 1496 2806 ante
1530 2764 1584 2806 οὐ
1618 2762 1801 2805 hiatum

121 2816 284 2860 notaui
408 2821 460 2860 18
493 2818 748 2873 ἀρσενικῶν
779 2833 800 2861 s
829 2823 834 2874 Ι
861 2818 955 2863 fort
986 2818 1390 2873 ἀντικαταλλάξεις
1523 2826 1575 2863 19
1612 2821 1800 2878 ἐκβεβη-

121 2873 253 2920 κυίαι
283 2876 318 2918 Ρ
350 2875 649 2934 ἐμβεβηκυῖαι
680 2891 708 2920 a
866 2882 922 2921 20
953 2876 1085 2936 ὅταν]
1120 2895 1226 2923 οιαν
1259 2879 1325 2923 sic
1358 2880 1392 2922 P
1426 2879 1532 2924 οἷαν
1565 2879 1662 2923 Ga:
1696 2877 1799 2923 οἷον

123 2933 222 2979 CDS
241 2934 402 2978 cfmus
427 2935 560 2979 Rhen
582 2937 603 2979 t
618 2935 745 2980 XXV
760 2951 790 2992 p
808 2941 893 2980 610
921 2937 927 2996 1
955 2940 1091 2994 καλῆι
1108 2938 1163 2982 P:
1181 2941 1314 2982 καλεῖ
1329 2953 1355 2982 a
1419 2944 1470 2981 21
1500 2939 1753 2993 ἀρσενικῶς
1777 2954 1797 2981 s
