2004 3202
147 1121 188 1152 10

147 1563 187 1595 15

145 2007 188 2037 20

214 167 322 220 406
641 171 982 212 ΔΙοΝΤΣΙοΤ
1013 171 1477 214 ΑΑΙΚΑΡΝΑΣΕΩΣ

215 305 308 356 διὰ
362 303 410 356 δ’
465 303 603 357 αὐτὰ
655 306 750 366 τὰς
805 307 1166 375 Συρακόσσας
1226 309 1545 372 κακωθῆναι
1606 302 1734 408 μέν,
1796 305 1890 356 ἵνα

215 398 707 463 σωφρονισθῶμεν,
750 393 1031 461 βούλεται,
1071 391 1460 462 περιγενέσθαι
1500 389 1559 445 δὲ
1599 390 1757 445 ἕνεκα
1795 400 1890 460 τῆς

215 479 412 534 ἑαυτοῦ
445 480 758 550 ασφαλείας,
797 481 896 534 οὐκ
929 481 1278 552 ἀνθρωπείας
1310 483 1592 550 δυνάμεως
1623 482 1891 549 βούλησιν

214 569 427 634 ἐλπίζει.
483 570 549 623 οὐ
590 571 692 640 γαρ
735 563 856 623 οἷόν
895 590 951 623 τε
984 571 1093 639 άμα
1131 577 1226 638 τῆς
1256 590 1313 622 τε
1348 569 1642 639 ἐπιθυμίας
1672 567 1762 622 καὶ
1795 576 1890 637 τῆς

213 659 378 727 τύχης
416 660 514 711 τὸν
552 658 722 711 αὐτὸν
761 658 962 727 ὁμοίως
1000 661 1200 728 ταμίαν
1238 657 1519 726 γενέσθαι’
1523 699 1537 726 ,
1575 657 1664 711 καὶ
1703 659 1768 711 τα
1803 656 1888 710 ἐπὶ

211 751 432 817 τελευτῇ
480 750 700 816 κείμενα
754 755 853 800 τοῦ
894 749 1101 815 λόγου·
1158 746 1418 816 “δεόμεθα
1472 743 1574 800 οὖν
1618 745 1709 799 καὶ
1754 766 1890 816 μαρ-

211 838 515 905 τυρόμεθα,
571 837 619 888 εἰ
673 837 744 904 μὴ
795 839 1079 905 πείσομεν,
1135 836 1218 888 ὅτι
1266 835 1736 904 ἐπιβουλευόμεθα
1789 832 1890 904 μὲν

211 925 318 977 ὑπὸ
351 923 554 977 Ἰώνων
594 923 677 977 ἀεὶ
716 928 1017 994 πολεμίων,
1064 926 1447 995 προδιδόμεθα
1494 921 1555 977 δὲ
1592 922 1686 992 ὑφ’
1732 923 1890 992 ὑμῶν

211 1017 448 1082 Δωριεῖς
486 1012 774 1083 Δωριέων·
823 1012 913 1066 καὶ
960 1015 1008 1066 εἰ
1054 1013 1519 1084 καταστρέψονται
1557 1013 1696 1082 ἡμᾶς
1726 1009 1890 1080 Ἀθη-

212 1110 382 1170 ναῖοι,
422 1111 540 1164 ταῖς
578 1098 679 1170 μὲν
717 1101 1004 1173 ὑμετέραις
1042 1104 1285 1171 γνώμαις
1322 1104 1679 1173 κρατήσουσι,
1718 1107 1793 1172 τῷ
1833 1099 1882 1152 δ’

1983 465 1993 557 ἓ

212 1189 395 1241 αὑτῶν
428 1187 435 1260 Ι
471 1189 697 1258 ὀνόματι
737 1194 1156 1259 τιμηθήσονται,
1188 1189 1278 1243 καὶ
1318 1198 1412 1258 τῆς
1450 1193 1606 1259 νίκης
1645 1189 1745 1243 οὐκ
1785 1190 1877 1242 ἄλ-
1892 1205 1994 1246 935’

213 1282 312 1329 λον
343 1279 466 1330 τινὰ
491 1274 671 1331 ἆθλον
695 1278 728 1347 ἢ
750 1280 847 1332 τὸν
879 1280 979 1348 τὴν
1012 1283 1173 1348 νίκην
1203 1281 1554 1349 παρασχόντα
1586 1278 1885 1346 λήψονται.’

210 1373 379 1418 ταῦτα
425 1363 526 1435 μὲν
573 1367 640 1435 δὴ
687 1365 778 1419 καὶ
824 1369 890 1421 τὰ
943 1369 1294 1438 παραπλήσια
1349 1368 1563 1429 τούτοις
1615 1368 1753 1420 καλὰ
1797 1364 1888 1418 καὶ

211 1457 374 1522 ζήλου
414 1454 536 1519 ἄξια
574 1455 826 1525 ἡγοῦμαι.
888 1456 1066 1509 ἐκεῖνα
1098 1455 1146 1508 δ’
1179 1456 1279 1509 οὐκ
1320 1452 1422 1509 οἷδ’
1463 1456 1607 1517 ὅπως
1639 1454 1707 1507 ἂν
1741 1453 1888 1506 ε’παι-

214 1543 450 1612 νέσαιμι·
499 1543 624 1596 “νῦν
663 1545 767 1615 γὰρ
809 1546 885 1606 εἰς
923 1545 1024 1612 τὴν
1064 1548 1327 1597 Σικελίαν
1371 1545 1644 1614 προφάσει
1683 1542 1806 1612 μέν,
1854 1535 1888 1613 ᾖ

210 1633 594 1700 πυνθάνεσθε,
634 1634 855 1703 διανοίᾳ
894 1632 977 1701 δέ,
1016 1633 1087 1700 ἣν
1123 1635 1321 1695 πάντες
1358 1632 1720 1701 ὑπονοοῦμεν.
1797 1635 1893 1684 καί

211 1741 303 1787 μοι
359 1721 621 1773 δοκοῦσιν
676 1720 741 1772 οὐ
805 1723 1141 1782 Λεοντίνους
1201 1721 1504 1789 βούλεσθαι
1565 1723 1886 1788 κατοικίσαι,

212 1805 326 1860 ἀλλ’
372 1807 512 1877 ἡμᾶς
565 1813 775 1877 μᾶλλον
822 1808 1116 1873 ἐξοικι’σαι.’
1193 1811 1375 1880 ψυχρὰ
1423 1811 1524 1879 γὰρ
1572 1809 1604 1877 ἡ
1651 1827 1888 1879 παρονο-

211 1899 378 1965 μασία
415 1895 505 1949 καὶ
546 1897 611 1950 οὐ
651 1899 1073 1968 προσβάλλουσα
1112 1899 1319 1966 πάθος,
1368 1897 1482 1951 ἀλλ’
1524 1897 1885 1966 ἐπιτήδευσιν.

212 1983 299 2036 καὶ
340 1987 419 2037 ε”τι
459 1988 524 2039 τὰ
563 1986 905 2056 πεπλεγμένα
943 1985 1033 2039 καὶ
1072 1988 1278 2049 πολλὰς
1323 1988 1418 2048 τὰς
1464 1984 1644 2048 ἕλικας
1693 1988 1887 2055 ἔχοντα

213 2075 454 2142 σχήματα
492 2078 670 2127 ταυτί·
712 2073 820 2127 (καὶ
861 2075 927 2127 οὐ
965 2074 1090 2146 περὶ
1130 2083 1224 2143 τῆς
1265 2075 1582 2145 ἐλευθερίας
1621 2076 1725 2145 ἄρα
1761 2075 1887 2127 οὔτε

213 2162 328 2214 οἵδε
373 2172 484 2214 τῶν
523 2162 802 2231 Ἑλλήνων
850 2164 975 2216 οὔτε
1023 2165 1075 2216 οἱ
1109 2163 1370 2232 ΓΈλληνες
1415 2171 1509 2231 τῆς
1556 2162 1765 2215 ἑαυτῶν
1810 2168 1886 2233 τῷ

212 2251 389 2322 [Μήδῳ
438 2251 788 2320 ἀντέστησαν,
835 2250 959 2321 περὶ
1007 2249 1067 2304 δὲ
1114 2260 1238 2320 τοῦ,
1278 2255 1335 2305 οἳ
1369 2249 1469 2320 μὲν
1516 2255 1708 2321 σφίσιν
1747 2250 1886 2303 ἀλλὰ

329 2414 354 2452 6
386 2409 514 2452 Thuc
537 2410 601 2454 VI
626 2415 693 2467 80,
714 2416 738 2452 3
892 2416 945 2454 15
977 2411 1040 2455 VI
1073 2417 1141 2467 76,
1169 2417 1193 2454 2
1317 2417 1369 2454 21
1404 2411 1466 2455 VI
1499 2417 1567 2466 76,
1593 2418 1619 2454 4

332 2560 353 2597 1
389 2553 432 2598 6’
455 2556 521 2599 M.
557 2555 606 2599 δὲ
630 2557 718 2613 ΡῈΙ
748 2557 1030 2612 συρακόσσας
1054 2558 1169 2603 MP:
1204 2559 1508 2612 Συρακούσας
1531 2558 1602 2602 f&
1721 2563 1749 2600 4
1782 2554 1884 2601 οἷόν
1952 2591 1982 2624 ἐ,

210 2613 279 2669 τε]
313 2629 486 2657 οιονται
515 2615 549 2656 P
678 2621 702 2659 6
736 2614 840 2673 οὖν]
873 2614 924 2660 δε
955 2619 994 2660 Θ
1117 2623 1139 2660 7
1173 2617 1214 2661 εἰ
1243 2618 1356 2662 MP:
1390 2616 1541 2675 [άμα],
1575 2617 1616 2660 εἰ
1645 2616 1668 2658 f
1695 2630 1750 2660 ex
1778 2617 1817 2659 Θ

213 2677 238 2714 8
271 2669 322 2715 δὲ
355 2672 467 2717 MP:
503 2674 549 2729 [6
554 2670 592 2729 εΙ
626 2672 649 2715 f
765 2680 789 2717 9
824 2673 1003 2728 δωρίων
1035 2676 1070 2718 Ρ
1098 2678 1104 2734 Ι
1132 2674 1505 2732 κατατρέψονται
1529 2677 1564 2719 Ρ
1687 2679 1740 2717 10
1771 2674 1881 2730 ἡμε-

212 2728 364 2784 τέραις
394 2731 461 2773 Pf
549 2737 599 2774 11
635 2733 786 2775 αὐτῶν
811 2733 905 2774 ΜΡ
934 2735 939 2790 Ι
968 2734 1159 2790 ὀνόματι
1192 2734 1482 2790 μηθήσονται
1514 2735 1549 2777 Ρ
1648 2739 1700 2776 12
1733 2749 1883 2787 παρα-

214 2789 381 2833 σκόντα
407 2790 441 2831 Ρ
527 2795 578 2832 15
605 2797 691 2834 νῦν
715 2791 827 2834 MP:
862 2790 1023 2846 ἥκουσι
1062 2793 1132 2837 f&
1160 2795 1165 2849 Ι
1210 2794 1254 2843 ἐς
1285 2794 1307 2836 f
1396 2799 1449 2837 16
1466 2790 1801 2838 πυνθάνεσθαι
1823 2791 1878 2848 ΡΙ

213 2849 506 2905 ὑπονοοῦμεν
538 2849 687 2893 ΜΐΘε
729 2849 980 2893 ὑπονοοῦσι
1011 2851 1047 2892 Ρ
1087 2866 1183 2894 sscr
1206 2852 1288 2895 M1.
1323 2852 1416 2896 fort
1445 2852 1495 2895 in
1527 2850 1736 2906 exemplo
1767 2851 1882 2893 ὑπο-

214 2914 412 2963 νοοῖμεν
451 2907 642 2964 ἥκουσιν
673 2907 826 2951 fuerat
1005 2914 1059 2951 22
1109 2909 1225 2967 οιδε]
1260 2907 1387 2954 οὗτοι
1423 2913 1462 2954 Θ
1611 2914 1664 2952 23
1713 2908 1882 2966 [μή]ὃω

213 2980 318 3008 cum
363 2966 507 3010 litum
539 2967 587 3008 M
638 2969 642 3023 Ι
695 2963 745 3009 δε
794 2973 875 3011 τοῦ
907 2967 999 3009 MP
1041 2965 1090 3011 δε
1131 2970 1250 3025 [τοῦ]
1284 2969 1322 3013 f:
1363 2966 1479 3012 δεΘ.
1543 2965 1593 3011 δε
1633 2985 1711 3023 της
1749 2967 1883 3011 Reis-
