2004 3202
4 141 29 198 ,ς
757 135 1183 179 ΔΗΜΟΣΘΕΝΗΣ
1706 137 1811 189 135

127 270 428 340 νισαμένου
466 271 682 340 γραφὰς
720 267 781 323 δὲ
821 268 1231 339 συνταξαμένου
1269 272 1475 332 πολλὰς
1514 270 1603 323 καὶ
1643 274 1811 335 καλὰς

129 361 206 422 εἰς
236 361 452 412 ἅπασαν
492 358 646 412 ἰδέαν
678 360 874 426 λόγων,
916 359 1107 412 ὅντινα
1138 365 1449 428 χαρακτῆρα
1481 361 1625 427 ἔχειν
1658 360 1811 428 ε’φαί-

127 450 252 500 νετό
291 468 402 517 μοι,
442 449 535 500 διὰ
573 449 848 500 πλειόνων
878 444 979 516 μὲν
1011 446 1258 515 ἐδήλωσα
1288 449 1572 516 πρότερον.
1636 446 1811 501 οὐθὲν

128 533 189 588 δὲ
228 536 463 588 κωλύσει
502 533 592 588 καὶ
632 543 739 588 νῦν
778 533 865 588 ἐπὶ
906 539 1220 604 κεφαλαίων
1251 534 1390 588 αὐτὰ
1415 536 1486 588 τὰ
1518 535 1810 604 ἀναγκαιό-

127 644 260 677 τατα
300 626 498 678 εἰπεῖν·
539 625 623 677 ὅτι
662 632 756 692 τῆς
791 621 892 693 μὲν
926 627 1206 692 Λυσιακῆς
1246 622 1438 688 λέξεως
1468 625 1529 676 τὸ
1561 625 1813 693 καθαρὸν
1836 643 1856 673 5

127 716 236 782 ε”χει
276 712 365 766 καὶ
405 714 466 766 τὸ
509 712 753 782 ἀκριβές·
805 714 931 766 οὔτε
978 715 1082 783 γὰρ
1122 713 1370 782 ἀρχαίοις
1418 714 1544 766 οὔτε
1589 730 1812 780 πεποιη-

126 801 312 871 μένοις
351 804 477 855 οὔτε
517 806 978 870 γλωττηματικοῖς
1017 801 1285 870 ὀνόμασιν
1315 800 1454 854 ἁλλὰ
1485 810 1600 863 τοῖς
1631 821 1812 854 κοινο-

38 904 123 943 963
148 892 331 954 τάτοις
383 889 473 943 καὶ
530 891 960 958 συνηθεστάτοις
1013 889 1304 961 κέξχρηται.
1388 890 1558 958 ἠθική
1612 910 1669 943 τε
1722 889 1810 942 καὶ

125 981 338 1048 πιθανὴ
401 978 490 1032 καὶ
550 979 707 1047 ἡδεῖά
769 979 882 1031 ε’στι
937 977 1027 1031 καὶ
1081 978 1320 1047 πέφευγε
1374 979 1476 1047 τὴν
1527 981 1812 1049 τροπικήν,

126 1069 307 1137 ὥσπερ
342 1068 539 1136 ἐκείνη,
581 1068 706 1137 [τὴν
737 1067 938 1137 ἁπλῆν]
974 1069 1199 1137 φράσιν,
1239 1076 1333 1136 τῆς
1366 1065 1426 1120 δὲ
1458 1069 1812 1121 Θουκυδίδου
1837 1086 1878 1118 10

125 1156 213 1209 καὶ
265 1159 507 1227 Γοργίου
553 1158 654 1224 τὴν
700 1156 1173 1226 μεγαλοπρέπειαν
1225 1155 1315 1209 καὶ
1365 1159 1666 1225 σεμνότητα
1721 1154 1811 1208 καὶ

124 1248 483 1312 καλλιλογίαν
551 1250 755 1314 εἴληφε.
846 1243 936 1297 καὶ
999 1246 1076 1307 εἰς
1137 1242 1238 1314 μὲν
1298 1246 1359 1298 τὸ
1431 1244 1647 1309 διδάξαι
1714 1246 1813 1297 τὸν

0 1403 2 1405 V
126 1333 401 1403 ἀκροατὴν
447 1332 780 1403 σαφέστατα,
837 1334 866 1386 ὅ
909 1354 960 1386 τι
1008 1333 1291 1402 βούλοιτο,
1345 1335 1446 1402 τὴν
1494 1333 1674 1401 ἁπλῆν
1721 1331 1810 1385 καὶ

0 1429 10 1492 ξ
125 1422 437 1491 ἀκόσμητον
476 1421 770 1492 ἑρμηνείαν
801 1421 1108 1490 ἐπιτηδεύει
1140 1423 1241 1490 τὴν
1274 1425 1506 1491 Λυσίου,
1547 1424 1624 1484 εἰς
1657 1419 1715 1474 δὲ
1749 1422 1810 1474 τὸ

0 1494 6 1578 ’ἧ
123 1510 571 1579 καταπλήξασθαι
609 1518 686 1582 τῷ
724 1511 911 1564 κάλλει
951 1520 1063 1563 τῶν
1101 1511 1389 1580 ὀνομάτων
1420 1511 1722 1580 σεμνότητά
1753 1529 1810 1563 τε
1836 1527 1877 1560 15

0 1596 4 1606 ’
124 1598 213 1652 καὶ
253 1603 660 1670 μεγαληγορίαν
696 1605 1011 1669 περιθεῖναι
1062 1609 1177 1662 τοῖς
1222 1601 1503 1670 πράγμασι
1551 1601 1652 1668 τὴν
1698 1599 1811 1652 έπί-

124 1694 294 1742 θετον
332 1687 422 1741 καὶ
461 1687 968 1758 κατεσκευασμένην
1006 1689 1216 1758 φράσιν
1255 1698 1366 1742 τῶν
1403 1687 1528 1758 περὶ
1567 1690 1812 1757 Γοργίαν

125 1776 464 1846 ἐκμέμακται.
534 1777 830 1847 ἁμαρτάνει
863 1774 923 1830 δὲ
963 1776 1024 1830 ἐν
1056 1770 1138 1840 οἷς
1171 1778 1459 1847 ὡραΐζεταί
1492 1795 1640 1843 ποτε,
1683 1777 1813 1838 τοὺς

128 1868 372 1935 Γοργίου
410 1867 643 1935 νεαροὺς
682 1868 1088 1935 σχηματισμοὺς
1127 1870 1363 1934 ζηλοῦσα
1404 1864 1493 1937 (τὰ
1525 1867 1629 1934 γὰρ
1664 1864 1812 1916 ἀντί-

126 1954 265 2007 θετά
303 1974 360 2007 τε
398 1954 486 2006 καὶ
526 1955 731 2023 πάρισα
777 1953 867 2007 καὶ
914 1956 980 2007 τὰ
1024 1957 1378 2024 παραπλήσια
1423 1954 1640 2015 τούτοις
1687 1954 1812 2005 οὔτε
1838 1971 1880 2003 20

127 2043 482 2111 μετριάζοντα
521 2041 638 2095 οὔτ’
678 2042 738 2095 ἐν
784 2050 956 2114 καιρῷ
1006 2046 1269 2112 γινόμενα
1316 2043 1664 2111 καταισχύνει
1713 2042 1814 2109 τὴν

127 2130 598 2200 μεγαλοπρέπειαν
629 2129 838 2201 αὐτῆς),
877 2130 966 2183 καὶ
1000 2133 1078 2183 ἔτι
1111 2136 1322 2199 μᾶλλον
1353 2131 1414 2183 ἐν
1445 2124 1527 2193 οἷς
1566 2132 1666 2199 τὴν
1698 2129 1812 2183 εὐέ-

0 2234 12 2286 ῥ.ῥ
38 2234 124 2272 964
148 2237 310 2273 πειαν
342 2220 619 2272 διώκουσα
649 2218 738 2271 καὶ
771 2220 873 2287 τὴν
905 2219 1219 2288 εὐρυθμίαν
1251 2218 1325 2272 δι’
1352 2219 1636 2288 εὐλαβείας
1672 2220 1674 2287 ξ
1712 2216 1813 2287 μὲν

0 2401 4 2424 k

247 2473 270 2512 1
304 2467 378 2512 lac
410 2467 727 2512 XVI—XVIII
761 2467 839 2511 litt
871 2465 1072 2523 σαμένου
1104 2468 1164 2523 Μ,
1203 2467 1275 2511 lac
1308 2467 1414 2511 VIII
1446 2467 1524 2511 litt
1556 2465 1808 2523 νισαμένου

127 2527 179 2582 Β,
213 2527 449 2571 XXXVHI
481 2527 576 2572 fere
609 2527 689 2570 litt
722 2525 971 2582 νισαμένου
995 2526 1053 2571 P:
1094 2526 1309 2584 suppleui
1354 2529 1358 2583 Ι
1402 2526 1588 2584 γραφὰς
1619 2525 1669 2570 δὲ
1704 2542 1810 2570 συν-

125 2583 387 2643 ταξαμένου
418 2586 491 2630 bis
524 2586 710 2643 scripsit
743 2586 777 2629 P
870 2590 895 2628 2
930 2583 1087 2630 εἰδέαν
1110 2586 1249 2630 ΜΒΡ
1285 2589 1290 2643 Ι
1327 2585 1487 2630 οὔτινα
1521 2586 1557 2629 Β
1650 2590 1675 2628 3
1708 2587 1811 2629 δια·

125 2645 355 2690 πλειόνων
387 2645 481 2689 ΜΒ
598 2652 622 2689 5
656 2648 844 2701 λσιακῆς
875 2645 912 2687 Β
965 2647 1166 2702 λυρακῆς
1197 2646 1232 2689 Ρ
1348 2651 1374 2689 8
1407 2643 1812 2704 συν[η]θεστάτοις

127 2718 234 2748 cum
271 2718 346 2748 ras
385 2704 434 2747 M
556 2709 609 2748 10
649 2705 732 2760 τὴν
776 2703 927 2760 ἁπλῆν
975 2703 1143 2748 seclusi
1266 2709 1319 2747 12
1361 2703 1541 2762 εἴληφε]
1589 2702 1810 2760 ἀνείληφε

128 2763 307 2807 MBPv
401 2768 454 2806 13
487 2764 568 2807 BP
594 2764 642 2807 in
667 2778 745 2819 mg
769 2763 908 2807 rubro
934 2761 1182 2820 σημείωσαι
1275 2769 1329 2807 14
1362 2764 1502 2818 λύρου
1527 2763 1562 2806 Ρ
1609 2763 1747 2818 λύροῦ
1775 2763 1809 2805 Β

250 2827 303 2866 15
336 2823 766 2881 κατ[απ]λη’ξασθαι
798 2836 902 2865 eum
933 2836 1007 2866 ras
1038 2822 1088 2865 M
1204 2827 1257 2866 18
1291 2821 1572 2878 ἐκμέμακται
1606 2822 1703 2865 siue
1738 2822 1810 2864 ἐκ·

130 2895 331 2981 ν
355 2880 847 2985 έέέξῗδδέεμέμδέν
918 2881 1631 2985 2122fflggfggncn20m
1658 2881 1692 2923 ³

223 2971 227 2975 ·
487 2971 489 2974 >
649 2961 658 2985 :
692 2957 716 2984 0
749 2957 773 2983 ἴ
950 2951 960 2963 “
1121 2958 1198 2985 ίαν
1233 2967 1250 2983 ’.
