2004 3202
679 165 825 206 ΠΕΡΙ
854 165 1200 207 ΔΕΙΝΑΡΧΟΤ
1658 160 1764 215 321

93 317 286 368 χοντος
325 302 535 368 εἴρηται
576 297 604 351 6
645 300 808 366 λόγος
847 294 1021 361 οὗτος.
1083 295 1218 366 φησὶ
1258 299 1362 366 γὰρ
1402 297 1431 350 6
1472 296 1649 365 λέγων
1680 297 1762 351 ἐπ’

94 385 390 455 Εὐβούλου
427 382 529 455 μὲν
566 386 960 454 μισθώσασθαι
997 387 1058 438 τὸ
1097 383 1383 454 μέταλλον,
1421 388 1545 455 τρία
1584 383 1645 439 δὲ
1676 388 1769 454 ἔτη

96 473 486 545 ἐργασάμενος,
534 473 930 544 ἐκβαλλόμενος
975 474 1084 527 ὑπὸ
1130 481 1230 528 τοῦ
1275 476 1512 550 πλησίον
1549 477 1771 543 ἔχοντος

5 586 7 588 ·
93 561 354 632 μέταλλα,
394 567 581 631 λαχεῖν
619 562 767 634 αὐτῷ
805 563 906 631 τὴν
944 563 1106 630 δίκην
1142 563 1278 615 κατὰ
1315 563 1636 631 Νικόμαχον
1674 563 1770 633 ἄρ-

8 653 11 728 J
94 670 278 720 χοντα,
320 651 634 720 Δεινάρχου
673 650 734 703 ἓν
771 649 862 704 καὶ
901 651 1150 704 εἰκοστὸν
1188 652 1307 712 ἔτος
1345 651 1579 718 ἔχοντος.
1655 654 1768 703 Σα-
1812 668 1835 701 5

94 739 242 811 τύρω
279 740 417 810 πρὸς
455 740 778 809 Χαρίδημον
816 739 1109 810 ἐπιτροπῆς
1147 738 1437 806 ἀπολογία·
1477 738 1568 807 ξμὴ
1607 740 1770 808 μεγά-

95 832 198 881 λου
227 827 496 880 κινδύνου
529 828 966 897 συμβεβηκότοςῖ
1026 826 1117 880 καὶ
1150 823 1310 890 οὗτος
1334 825 1422 879 ἐπὶ
1444 828 1771 896 Νικομάχου

94 921 318 986 εἴρηται.
371 913 530 986 Ὑπὲρ
555 915 883 979 ἀντιδόσεως
907 917 1113 986 <πρὸς>
1136 915 1545 984 Μεγακλείδην·
1578 915 1646 968 ζεἰ
1668 912 1772 985 μὲν

96 1005 223 1073 ἔδει,
263 1001 304 1058 ὦ
345 1006 559 1074 ἄνδρες,
607 1005 746 1075 πρὸς
784 1013 929 1075 τρεῖς
976 1004 1009 1072 ἢ
1048 1003 1340 1075 τέτταρας-3
1401 1003 1430 1057 6
1461 1001 1564 1073 μὲν
1593 1002 1772 1072 λέγων

0 1119 10 1163 3
96 1091 246 1145 ἐστὶν
275 1091 562 1163 Ἀφαρεύς,
600 1091 700 1157 ε”ξω
734 1091 781 1145 δ’
821 1092 935 1146 ἐστὶ
972 1102 1083 1146 τῶν
1114 1093 1427 1163 Δεινάρχου
1456 1094 1673 1163 χρόνων
1703 1093 1770 1161 <ὁ
1795 1111 1839 1143 ιο

0 1173 3 1209 ³
96 1183 305 1249 λόγος).
359 1186 568 1252 εἴρηται
598 1182 703 1251 γὰρ
737 1179 825 1234 ἐπὶ
855 1189 955 1234 τοῦ
987 1189 1293 1252 στρατηγοῦ
1332 1179 1608 1250 Τιμοθέου
1640 1184 1771 1246 ζῶν-

29 1281 93 1339 168
110 1289 202 1332 τος
232 1271 368 1322 κατὰ
397 1270 496 1322 τὸν
527 1272 731 1340 χρόνον
753 1270 852 1322 τὸν
873 1277 969 1338 τῆς
991 1270 1124 1338 μετὰ
1147 1267 1482 1331 Μενεσθέως
1508 1266 1515 1340 Ι
1543 1283 1772 1340 στρατη-

27 1372 30 1374 ’
95 1361 234 1426 γίας,
274 1356 358 1426 ἐφ’
397 1350 432 1428 ᾗ
469 1359 565 1420 τὰς
602 1357 846 1420 εὐθύνας
883 1358 1144 1426 ὑποσχὼν
1184 1356 1338 1410 ἑάλω.
1407 1360 1676 1427 Τιμόθεος
1709 1355 1771 1411 δὲ

16 1447 40 1517 j
95 1447 191 1509 τὰς
236 1445 480 1508 εὐθύνας
522 1444 825 1515 ὑπέσχηκεν
870 1444 958 1499 ἐπὶ
996 1448 1269 1514 Διοτίμου
1314 1454 1414 1499 τοῦ
1452 1448 1584 1515 μετὰ
1624 1449 1772 1500 Καλ-

16 1522 31 1584 ῗῖ
96 1537 411 1604 λίστρατον,
451 1534 539 1587 ὅτε
577 1533 668 1587 καὶ
707 1554 733 1582 20<
759 1554 786 1583 »ι
811 1554 840 1584 *
865 1554 891 1583 *
918 1554 944 1583 »ι
1795 1551 1838 1586 15

4 948 21 1042 ’ἯΝΝΤ
9 912 17 931 ·“
11 873 21 879 ι
4 839 18 853 ἱ

217 1699 239 1736 1
275 1699 300 1736 2
332 1691 474 1751 λέγων
506 1691 578 1737 ἐπ’
608 1694 848 1768 Εὐβούλου
881 1693 1176 1750 Sylburgius.
1209 1691 1373 1750 λέγων·
1415 1693 1700 1754 ἐπευβούλου
1731 1694 1767 1738 F

216 1757 241 1795 3
289 1766 350 1796 an
378 1760 459 1797 τοῦ
490 1751 549 1796 τὰ
577 1751 800 1826 πλησίονῗ
933 1758 959 1797 8
1007 1753 1121 1808 πρὸς
1153 1751 1478 1826 Μεγακλείδην
1511 1743 1766 1810 Sauppius.

97 1809 371 1870 μεγακλείδῃ
402 1812 438 1855 F
602 1816 656 1855 10
696 1810 740 1856 δ’
777 1811 869 1856 ἐστὶ
905 1819 995 1856 τῶν
1029 1811 1281 1885 Sauppius.
1321 1810 1367 1856 δ’
1404 1811 1598 1857 ἐπιστῶν
1630 1813 1665 1856 F
1698 1827 1768 1857 se—

98 1871 300 1913 cundum
339 1871 570 1915 Sadaeum
608 1873 655 1914 et
685 1869 1237 1928 Κ18ειε11118111111,δ’ἐπι
1274 1879 1365 1916 τῶν
1405 1872 1659 1916 secundum
1699 1871 1767 1916 dj-

23 1931 38 1986 '3
98 1931 273 1973 sertum
294 1929 505 1985 Diltheyi
534 1929 855 1974 testimonium
950 1934 1002 1973 10
1030 1935 1081 1973 11
1102 1930 1295 2003 χρόνων
1328 1930 1352 1974 ὁ
1377 1929 1529 1989 λόγος]
1561 1930 1708 1987 λόγων
1731 1931 1767 1975 F

219 1993 270 2030 11
307 1987 371 2032 ἔτι
403 1988 676 2045 Sylburgius
829 1993 882 2032 12
914 1986 1173 2045 νεμεσθέως
1204 1989 1258 2034 F:
1295 2003 1396 2032 corr
1425 1989 1640 2034 Valesius

103 2051 156 2090 13
189 2048 400 2104 ὑποσχὼν
431 2046 547 2091 ἑάλω
574 2047 608 2090 F

193 3037 306 3071 Dion.
327 3038 524 3071 Halicarn.
562 3039 606 3070 V.
1449 3036 1500 3074 21
