2004 3202
716 104 881 146 ΠΡΟΣ
913 96 1199 145 ΑΜΜᾸΙΟΝ
1684 100 1792 153 269

113 261 269 302 τινας
313 237 403 292 καὶ
450 238 700 307 φαύλους
745 235 835 290 καὶ
883 233 1056 307 μηδὲν
1094 235 1486 306 ἐπιφαίνοντας
1524 238 1793 305 τεχνικόν,

116 328 302 396 ἐπειδὴ
347 327 454 398 πρὸ
500 336 611 380 τῶν
648 324 1063 397 Ἀριστοτέλους
1109 326 1528 394 συνετάχθησαν
1573 334 1794 394 τεχνῶν.

117 417 184 471 οὐ
222 417 332 485 μὴν
370 418 539 483 ε”γωγε
579 414 736 485 μέχρι
774 416 976 468 τούτου
1010 415 1304 485 προελθὼν
1335 415 1617 483 στήσομαι,
1657 413 1796 466 ἀλλὰ

113 503 206 558 καὶ
258 506 388 567 τοὺς
441 506 643 566 ἄλλους
689 503 860 557 αὐτοῦ
906 506 1107 572 λόγους
1150 504 1281 565 τοὺς
1325 500 1537 571 μάλιστ’
1584 502 1798 555 εὐδοκι-

115 601 356 664 μοῦντας
402 592 650 657 ἐπιδείξω
698 594 828 655 τούς
873 613 931 646 τε
977 593 1381 662 δημηγορικοὺς
1418 589 1508 644 καὶ
1546 592 1676 653 τοὺς
1715 591 1798 643 δι-

114 683 374 744 κανικοὺς
420 683 690 751 πρότερον
736 680 1181 750 ἀπηγγελμένους
1225 686 1321 748 τῆς
1366 678 1630 740 ἐκδόσεως
1672 679 1798 732 τού-

115 789 228 823 των
266 779 377 823 τῶν
415 779 639 839 τεχνῶν,
678 771 914 840 μάρτυρι
950 770 1120 823 πάλιν
1158 769 1305 841 αὐτῷ
1343 769 1622 839 χρώμενος
1652 766 1798 838 Ἀρι-

117 858 372 912 στοτέλει.
449 860 582 928 μετὰ
624 860 728 928 γὰρ
769 860 1007 929 ἄρχοντα
1045 861 1424 927 Καλλίμαχον,
1473 855 1556 926 ἐφ’
1597 853 1664 910 οὗ
1702 858 1799 919 τὰς

118 948 496 1012 εἰς’Όλυνθον
526 951 790 1016 βοηθείας
820 946 1144 1000 ἀπέστειλαν
1167 945 1456 1015 Ἀθηναῖοι
1479 945 1799 1008 πεισθέντες

116 1037 225 1090 ὑπὸ
275 1036 703 1107 Δημοσθένους,
762 1038 1034 1105 Θεόφιλος
1086 1038 1238 1088 ἔστιν
1291 1037 1498 1105 ἄρχων,
1552 1033 1678 1088 καθ’
1733 1034 1800 1087 ὃν

119 1125 380 1196 ἐκράτησε
418 1133 512 1194 τῆς
542 1123 856 1178 Ὀλυνθίων
888 1127 1098 1186 πόλεως
1133 1127 1421 1186 Φίλιππος.
1483 1126 1667 1176 ἔπειτα
1701 1127 1801 1176 Θε-

118 1219 434 1283 μιστοκλῆς,
489 1212 572 1283 ἐφ’
625 1210 691 1266 οὗ
737 1214 838 1282 τὴν
883 1212 1132 1283 πέμπτην
1175 1222 1287 1266 τῶν
1331 1214 1467 1266 κατὰ
1518 1215 1801 1266 Φιλίππου

120 1305 474 1373 δημηγοριῶν
531 1302 825 1370 ἀπήγγειλε
878 1301 1247 1371 Δημοσθένης
1299 1300 1425 1372 περὶ
1478 1302 1572 1370 τὴς
1626 1305 1802 1370 φυλα-

4 1423 11 1453 ,-
33 1413 116 1452 737
134 1400 231 1460 κῆς
265 1392 271 1460 Ι
306 1401 417 1444 τῶν
456 1401 742 1460 νησιωτῶν
779 1389 868 1443 καὶ
909 1400 1020 1443 τῶν
1060 1390 1120 1443 ἐν
1151 1389 1533 1462 Ἑλλησπόντῳ
1568 1392 1801 1457 πόλεων,

3 3060 30 3202 Ιίν”*
16 2991 17 2995 Α
16 2907 19 2916 -

119 1477 184 1549 ἧς
223 1480 373 1534 ἐστιν
412 1480 571 1549 ἀρχή·
619 1478 706 1532 euA
744 1476 846 1549 μὲν
883 1479 1038 1548 ἡμεῖς
1077 1475 1119 1532 ὦ
1160 1480 1358 1549 ἄνδρες
1388 1477 1676 1546 Ἀθηναῖοι
1716 1480 1802 1531 δε-

122 1571 409 1639 δυνήμεθα
455 1569 664 1639 εὑρεῖν,
710 1567 859 1621 ταῦτ’
901 1567 1084 1621 ἐστίν’
1160 1569 1292 1636 μετὰ
1332 1564 1394 1620 δὲ
1436 1565 1803 1636 Θεμιστοκλέα

112 1656 354 1729 Ἀρχίας,
404 1655 487 1726 ἐφ’
536 1654 601 1711 οὗ
647 1666 904 1728 παραινεῖ
948 1666 1063 1719 τοῖς
1091 1655 1412 1726 Ἀθηναίοις
1457 1657 1528 1726 μὴ
1567 1656 1804 1708 κωλύειν

126 1750 406 1800 Φίλιππον
458 1754 553 1815 τῆς
590 1745 1014 1816 Ἀμφικτυονίας
1067 1745 1310 1815 μετέχειν
1362 1742 1500 1815 μηδὲ
1545 1744 1804 1814 ἀφορμὴν

122 1837 342 1888 διδόναι
380 1834 623 1903 πολέμου
661 1833 856 1887 νεωστὶ
894 1833 1296 1903 πεποιημένους
1333 1835 1435 1903 τὴν
1465 1835 1602 1905 πρὸς
1634 1833 1805 1891 αὐτὸν

124 1926 370 1994 εἰρήνην·
426 1923 562 1993 ἀρχὴ
614 1920 675 1976 δὲ
721 1924 920 1991 ταύτης
965 1931 1060 1991 τῆς
1106 1924 1444 1994 δημηγορίας
1490 1921 1640 1976 ἐστὶν
1684 1923 1804 1990 ἥδε·

126 2012 288 2082 εὉρῶ
329 2009 429 2081 μὲν
468 2008 510 2064 ὦ
551 2012 749 2082 ἄνδρες
780 2010 1070 2080 Ἀθηναῖοι
1107 2013 1174 2064 τὰ
1203 2013 1450 2082 παρόντα
1480 2012 1804 2081 πράγματα’

125 2104 258 2171 μετὰ
307 2098 367 2154 δὲ
398 2099 621 2170 Ἀρχίαν
667 2102 817 2152 ἔστιν
855 2101 1164 2168 Εὔβουλος·
1210 2096 1327 2152 εἶτα
1366 2103 1663 2167 Λυκίσκος,
1713 2098 1797 2168 ἐφ’

248 2281 301 2319 15
335 2274 669 2318 Demosthenes
703 2288 766 2319 or.
791 2280 833 2330 4,
858 2279 915 2317 30
1036 2278 1089 2317 21
1123 2272 1250 2316 idem
1281 2287 1343 2317 or.
1371 2279 1411 2330 5,
1440 2278 1462 2316 1

252 2444 273 2482 1
303 2438 483 2510 φαύλας
506 2437 538 2480 h
631 2442 655 2479 2
683 2436 892 2492 ἐπειδὴ..
907 2443 1105 2494 ,τεχνῶν
1130 2438 1369 2492 suspectat
1384 2436 1532 2480 Herw.
1646 2442 1674 2480 4
1699 2437 1806 2488 τοὺς

130 2500 259 2554 (ante
277 2494 476 2553 μάλιστ’)
501 2496 549 2539 Μ
558 2495 675 2539 Bos
715 2502 796 2539 τοῦ
821 2496 877 2539 Ρ.
905 2508 980 2538 0111
1003 2495 1033 2537 11
1054 2495 1112 2554 Ιμ
1114 2493 1274 2538 άλιστα
1298 2495 1346 2538 Μ
1437 2500 1461 2538 7
1479 2503 1571 2540 τῶν
1589 2509 1663 2539 0111
1679 2496 1716 2538 Β

136 2562 191 2601 10
207 2555 432 2612 θεόφιλός
456 2555 577 2600 ἐστιν
594 2554 703 2598 libri
732 2557 737 2610 Ι
766 2552 882 2612 ὃν]“
858 2571 915 2609 ην
939 2554 976 2596 Β
1070 2559 1120 2597 11
1149 2552 1355 2610 ἐκρατισε
1371 2553 1467 2598 ΜΟ
1502 2553 1803 2611 ἐκράτησενΒ

193 2621 246 2659 12
287 2613 519 2673 πέμπτην]
554 2613 688 2670 ἕκτην
722 2629 741 2657 s
778 2614 782 2671 Ι
812 2611 1037 2669 φίλιππον
1076 2613 1170 2656 ΜΒ
1270 2618 1324 2656 13
1364 2615 1657 2670 δημηγοριῶν
1689 2614 1806 2671 ἀτὴν

133 2674 380 2731 ἀπήγκειλε
412 2674 470 2719 B:
519 2674 716 2747 inrepsit
753 2672 986 2729 glossema
1018 2670 1049 2715 ά
1078 2689 1163 2729 την
1301 2678 1355 2715 14
1399 2681 1627 2744 νησιατῶν
1658 2673 1689 2715 h

136 2738 190 2777 15
222 2732 344 2791 ἀρχοὶ
374 2733 412 2775 Β
535 2737 588 2775 16
622 2730 714 2776 ἐστι’
745 2732 792 2774 Μ
855 2730 947 2775 ἔστι
977 2746 998 2774 s
1034 2732 1040 2790 Ι
1078 2718 1432 2788 θεμιστοκλέους
1462 2732 1499 2775 Ρ
1621 2736 1675 2775 18
1706 2749 1731 2775 τ
1734 2733 1805 2790 ῆς]

133 2793 218 2849 τὴν
249 2793 286 2835 Β
315 2795 320 2849 Ι
349 2790 456 2848 μηδ’
486 2807 508 2834 1·
637 2796 690 2835 19
738 2791 830 2833 forb
867 2789 1196 2863 πεποιημένοις
1323 2796 1378 2834 20
1424 2788 1476 2834 δὲ
1510 2790 1806 2847 Sylburgius:

135 2852 216 2895 καὶ
253 2851 363 2895 libri
498 2856 552 2894 21
602 2851 692 2906 ὁρῶ
733 2885 742 2893 .
771 2885 814 2893 ..
857 2854 911 2892 22
951 2849 1063 2906 μετὰ
1102 2847 1266 2894 &mn
1297 2851 1334 2893 B
1377 2852 1383 2906 Ι
1434 2849 1610 2904 ὁρῶμεν
1641 2850 1688 2892 Μ

138 2915 190 2954 22
224 2908 267 2954 δ’
296 2926 318 2953 r
346 2913 352 2967 Ι
381 2909 501 2955 ἐστὶν
531 2910 642 2953 libri
670 2911 675 2966 Ι
705 2909 892 2959 εὔουλος
922 2909 958 2952 Ρ

1824 1051 1866 1083 10

1826 1498 1869 1532 15

1828 1942 1872 1974 20
