2004 3202
753 165 1176 211 ΔΗΜΟΣΘΕΝΗΣ
1694 169 1799 222 155

124 300 360 362 δούλους
412 300 616 362 ναύτας
671 299 1054 370 ἐνεβιβάζομεν
1098 302 1227 363 τοὺς
1273 298 1333 353 δὲ
1385 296 1625 365 πολίτας
1665 301 1790 371 μεθ’

124 388 310 441 ὅπλων
349 386 730 458 ἐξεπέμπομεν,
778 397 884 442 νῦν
922 386 984 442 δὲ
1029 398 1144 451 τοῖς
1189 386 1291 458 μὲν
1338 388 1514 453 ξένοις
1553 390 1799 454 ὁπλίταις

36 489 150 529 1005
174 477 436 546 χρώμεθα
495 478 624 539 τοὺς
683 475 744 530 δὲ
803 481 1029 541 πολίτας
1091 475 1359 550 ἐλαύΙνειν
1412 477 1799 548 ἀναγκάζομεν,

122 563 284 634 ὥσθ’,
332 564 539 618 ὁπόταν
577 565 955 634 ἀποβαίνωσιν
993 568 1070 630 εἰς
1115 567 1216 635 τὴν
1253 576 1364 619 τῶν
1405 559 1699 636 πολεμίων,
1747 569 1800 620 οἱ

121 650 223 721 μὲν
254 654 443 723 ἄρχειν
481 662 592 707 τῶν
623 654 903 723 Ἑλλήνων
934 655 1214 720 ἀξιοῦντες
1252 654 1552 726 ὑπηρέσιον
1583 658 1798 724 ἔχοντες

121 741 492 811 ἐκβαίνουσιν,
541 744 593 795 οἱ
641 740 702 796 δὲ
746 751 990 797 τοιοῦτοι
1036 746 1131 807 τὰς
1181 745 1376 813 φύσεις
1422 746 1598 811 ὄντες,
1647 744 1798 806 οἵους

120 829 289 902 ὀλίγῳ
335 833 605 901 πρότερον
650 833 913 901 διῆλθον,
960 831 1088 902 μεθ’
1128 834 1313 886 ὅπλων
1357 833 1797 886 κινδυνεύουσιν.

120 918 259 972 ἀλλὰ
304 921 409 990 γὰρ
456 919 547 972 καὶ
593 922 659 973 τὰ
704 923 839 974 κατὰ
878 922 979 990 τὴν
1016 923 1181 975 πόλιν
1221 923 1356 975 ῑδὼν
1395 923 1464 974 ἄν
1502 942 1583 984 τις
1622 926 1798 984 καλῶς

119 1009 475 1077 διοικούμενα
513 1008 603 1061 καὶ
642 1009 766 1080 περὶ
798 1019 909 1062 τῶν
941 1011 1124 1063 ἄλλων
1157 1012 1514 1080 θαρσήσειεν;
1554 1009 1670 1063 ἀλλ’
1696 1010 1797 1063 οὐκ

119 1095 189 1149 ἂν
229 1095 311 1149 ἐπ’
351 1097 539 1159 αὐτοῖς
585 1098 800 1160 τούτοις
846 1098 1061 1167 μάλιστ’
1099 1098 1547 1167 ἀγανακτήσειεν;
1599 1099 1797 1161 οἵτινες

119 1184 458 1254 αὐτόχθονες
511 1183 612 1255 μὲν
659 1182 799 1239 εἶναι
854 1183 1034 1256 φαμὲν
1079 1186 1169 1239 καὶ
1222 1188 1324 1255 τὴν
1375 1189 1541 1240 πόλιν
1593 1187 1797 1255 ταύτην

117 1274 390 1344 προτέραν
443 1275 761 1343 οἰκισθῆναι
815 1284 925 1327 τῶν
978 1276 1185 1343 ἄλλων,
1238 1283 1519 1346 προσῆκον
1572 1274 1620 1328 δ’
1660 1275 1797 1344 ἡμᾶς

119 1359 260 1415 εἶναι
309 1362 444 1432 [τῶν
482 1363 687 1432 ἄλλων]
735 1358 1077 1433 παράδειγμα
1116 1372 1215 1417 τοῦ
1261 1369 1438 1426 καλῶς
1483 1384 1540 1416 τε
1585 1362 1675 1416 καὶ
1714 1383 1796 1416 τε-

117 1450 396 1520 ταγμένως
425 1452 815 1505 πολιτεύεσθαι
848 1460 1036 1522 χεῖρον
1065 1451 1156 1504 καὶ
1187 1451 1665 1523 ταραχωδέστερον
1696 1453 1796 1520 τὴν

116 1539 383 1610 ἡμετέραν
413 1539 598 1592 αὐτῶν
636 1541 956 1609 διοικοῦμεν
993 1549 1104 1593 τῶν
1142 1542 1267 1611 ἄρτι
1306 1542 1402 1602 τὰς
1439 1543 1624 1603 πόλεις
1663 1542 1796 1593 οἰκι-

116 1631 334 1693 ζόντων.
410 1626 501 1681 καὶ
549 1631 937 1698 σεμνυνόμεθα
983 1626 1085 1698 μὲν
1129 1627 1220 1682 καὶ
1271 1634 1796 1698 μεγαλοφρονοῦμεν

117 1716 205 1770 ἐπὶ
245 1724 320 1789 τῷ
358 1716 578 1786 βέλτιον
616 1726 727 1770 τῶν
766 1719 950 1771 ἄλλων
987 1716 1300 1787 γεγονέναι,
1348 1717 1486 1789 ῥᾷον
1532 1715 1593 1770 δὲ
1639 1737 1795 1786 μετα-

117 1807 346 1875 δίδομεν
385 1814 499 1868 τοῖς
538 1804 898 1875 βουλομένοις
936 1807 1135 1875 ταύτης
1173 1813 1268 1875 τῆς
1299 1806 1575 1874 εὐγενείας
1605 1804 1638 1873 ἢ
1671 1809 1795 1875 Τρι-

114 1897 316 1963 βαλλοί
350 1914 406 1947 τε
443 1892 534 1946 καὶ
575 1893 849 1947 Λευκανοὶ
888 1901 983 1963 τῆς
1022 1895 1376 1963 δυσγενείαςῖ
1412 1895 1418 1963 Ι

1822 1117 1863 1150 10

1820 1558 1862 1591 15

29 1996 144 2035 1006
227 1982 260 2050 ἡ
293 1979 394 2052 μὲν
428 1977 530 2035 οὖν
557 1980 902 2052 Ἰσοκράτους
933 1982 1076 2047 λέξις
1105 1983 1138 2051 ἡ
1177 1984 1439 2036 κάλλιστα
1471 1992 1581 2036 τῶν
1613 1984 1795 2036 ἄλλων
1814 1987 1880 2038 18

116 2073 359 2124 δοκοῦσα
411 2072 557 2139 ἔχειν
610 2071 833 2139 τοιαύτη
887 2073 971 2133 τίς
1024 2070 1162 2138 ἐστι,
1216 2076 1439 2124 πολλῶν
1488 2068 1589 2140 μὲν
1635 2070 1792 2124 ἕνεκα
1816 2092 1857 2124 21

113 2160 418 2228 θαυμάζειν
463 2157 611 2222 ἀξία·
665 2159 962 2228 καθαρεύει
1008 2178 1065 2211 τε
1111 2160 1216 2228 γὰρ
1265 2164 1319 2212 εἴ
1366 2179 1448 2221 τις
1496 2161 1631 2227 ἄλλη
1678 2168 1792 2221 τοῖς

69 2303 72 2306 ,
113 2247 344 2316 ὀνόμασι
390 2245 480 2299 καὶ
527 2247 627 2315 τὴν
670 2247 958 2299 διάλεκτόν
997 2246 1147 2299 ἐστιν
1186 2247 1437 2317 ἀκριβής,
1485 2248 1697 2316 φανερά
1735 2245 1782 2299 τ’

234 2382 256 2420 1
292 2375 575 2451 εἰσεβίβαζον
599 2377 643 2420 Is
749 2382 772 2419 2
807 2374 1062 2432 ἐξέπεμπον
1086 2377 1128 2420 Is
1229 2381 1255 2420 3
1288 2376 1499 2422 ἐλαύνειν
1531 2375 1790 2434 ἀναγκάζο-

114 2437 218 2494 μεν]
250 2434 361 2492 μεθ’
392 2435 544 2481 οπλων
577 2433 890 2491 ἐξεπέμπομεν
913 2435 949 2478 Ρ
1047 2442 1074 2479 4
1106 2433 1425 2503 ἀποβαίνωσιν
1450 2442 1491 2480 A
1522 2451 1552 2493 p
1579 2441 1692 2480 1013
1723 2436 1788 2480 Is·

112 2493 431 2567 ἀναβαίνωσιν
460 2497 466 2553 Ι
494 2495 559 2546 εἰς
582 2494 731 2551 τὴν-
742 2500 767 2539 6
791 2492 1086 2567 ἐκβαίνουσιν
1110 2494 1252 2539 iterat
1271 2495 1308 2538 B
1333 2495 1414 2551 qui
1434 2495 1594 2553 ἄρχειν
1611 2495 1789 2540 omittit

113 2558 162 2599 et
192 2554 492 2611 ὑπηρετέσιον
525 2554 716 2598 exhibet
866 2558 890 2596 6
924 2553 969 2597 οἱ
1000 2551 1051 2598 δὲ
1069 2581 1124 2586 -
1142 2555 1495 2599 κινδυνεύουσιν
1528 2569 1604 2598 om
1633 2555 1670 2598 P

115 2618 139 2656 7
173 2614 392 2672 διῆλθον]
433 2610 566 2658 εἶπον
599 2618 640 2656 A
682 2628 712 2669 p
738 2616 851 2655 1013
995 2617 1020 2656 8
1064 2613 1144 2657 καὶ
1182 2627 1258 2657 om
1295 2614 1339 2656 Is
1388 2613 1480 2658 secl
1512 2629 1541 2657 v
1584 2616 1589 2671 Ι
1633 2613 1787 2671 ἰὸ[ὼ]ν

115 2686 220 2717 cum
249 2686 325 2716 ras
356 2672 405 2716 M
459 2671 518 2717 ἄν
550 2689 618 2723 τις
650 2671 762 2715 ἰδὼν
795 2671 837 2714 Is
930 2675 955 2714 9
987 2671 1066 2715 καὶ
1098 2686 1174 2716 0111
1204 2673 1248 2716 Is
1342 2678 1395 2716 10
1428 2671 1621 2729 μάλιστα
1648 2672 1787 2715 ΜΒΡ

234 2736 288 2775 12
322 2731 630 2804 οἰκισθῆσαν
634 2744 736 2774 corr
765 2730 814 2772 in
834 2730 1117 2803 οἰκισθῆναι
1139 2731 1177 2774 Β
1271 2737 1324 2775 13
1357 2739 1447 2776 τῶν
1480 2731 1627 2777 ἄλλων
1660 2732 1787 2774 dam-

112 2789 248 2834 nauit
278 2790 404 2834 Fuhr
448 2790 569 2847 ἡμᾶς
600 2789 774 2833 απασιν
807 2785 929 2832 εἶναι
966 2788 1260 2862 παράδειγμα
1291 2791 1335 2834 Is
1386 2793 1391 2847 Ι
1440 2806 1487 2835 τε
1520 2805 1595 2835 0111
1625 2791 1668 2834 Is

117 2853 170 2892 16
210 2847 326 2906 μέγα
366 2856 632 2906 φρονοῦμεν
664 2849 707 2892 Is
829 2853 881 2891 17
914 2847 1156 2905 γεγονέναι
1186 2857 1277 2894 τῶν
1309 2849 1456 2895 ἄλλων
1488 2850 1531 2893 Is
1654 2854 1706 2892 19
1738 2863 1784 2891 τε

116 2920 190 2950 0111
219 2908 264 2951 Is
307 2910 312 2965 Ι
354 2915 434 2965 τῆς
465 2909 618 2952 αὑτῶν
651 2913 730 2951 Av
762 2921 866 2950 cum
895 2906 939 2950 Is
970 2922 1000 2951 v
1097 2913 1151 2952 21
1187 2908 1307 2953 ἐστιν
1332 2909 1368 2951 Β
1476 2913 1530 2952 22
1563 2909 1642 2952 καὶ
1674 2907 1783 2963 ἄλλη

113 2965 242 3010 Vliet
330 2972 386 3012 23
419 2966 612 3022 ὀνόμασι
642 2966 842 3022 Krfiger:
883 2965 1079 3022 νοήμασι
