2004 3202
198 95 305 148 372
625 96 967 139 ΔΙΟΝΤΣΙΟΤ
996 96 1466 139 ΑΛῙΚΑΡΝΑΣΕΩΣ

197 229 336 283 νέσω
376 232 442 283 τά
481 231 753 284 δοκοῦντα
803 231 1009 299 μεγάλα
1054 228 1146 282 καὶ
1191 231 1487 298 θαυμαστὰ
1527 226 1674 283 εἷναί
1714 246 1877 299 τισιν,

199 319 300 372 ὅσα
331 316 467 388 μηδὲ
497 320 592 381 τάς
629 317 634 388 Ι
669 320 887 387 πρώτας
911 318 1104 388 ἀρετὰς
1135 320 1244 386 ἔχει
1276 317 1367 370 καὶ
1389 320 1728 388 κοινοτάτας,
1752 318 1869 373 ἀλλ’
1881 333 1964 374 883

202 407 539 476 ἐκνενίκηται
578 414 654 479 τῷ
693 406 961 478 περιέργῳ
1002 405 1092 458 καὶ
1130 413 1366 478 περιττῷ
1397 410 1529 477 μήτε
1567 407 1701 476 ἡδέα
1739 404 1882 461 εἶναι

199 498 330 565 μήτε
377 495 647 565 ὠφέλιμα·
706 491 784 548 ὧν
832 495 991 562 ὀλίγα
1036 493 1336 564 παρέξομαι
1392 497 1655 566 δείγματα
1711 515 1882 566 παρα-

157 583 378 647 5τιθεὶς
418 584 590 646 εὐθὺς
631 583 876 646 ἑκάστοις
922 585 1017 646 τὰς
1065 584 1264 652 αἰτίας,
1315 583 1390 636 δι’
1431 585 1494 647 ἃς
1531 584 1883 655 περιέστηκεν

91 718 99 746 3
202 674 280 735 εἰς
317 674 412 735 τὰς
452 672 705 734 ἐναντίας
742 679 860 733 ταῖς
898 671 1118 741 ἀρεταῖς
1156 675 1360 735 κακίας.
1438 673 1497 726 ἐν
1536 671 1638 743 μὲν
1677 670 1780 726 οὖν·
1818 682 1881 744 τῇ

201 764 355 831 τρίτῃ
396 762 582 833 βύβλῳ
623 762 689 812 τά
726 759 851 830 περὶ
889 759 1185 830 Κέρκυραν
1231 761 1351 831 ὠμά
1387 760 1478 815 καὶ
1517 762 1714 815 ἀνόσια
1752 765 1885 832 ἔργα

203 851 296 902 διά
334 850 435 917 τὴν
474 850 667 902 στάσιν
708 850 785 910 εἰς
832 850 962 911 τοὺς
1001 851 1419 913 δυνατωτάτους
1458 850 1516 904 ἐκ
1560 859 1660 904 τοῦ
1707 852 1885 920 δήμου

201 941 469 1006 γενόμενα
509 936 752 1006 διεξιών,
803 936 905 999 ἕως
951 935 1053 1007 μὲν
1093 937 1153 991 ἐν
1191 946 1266 1010 τῷ
1311 946 1482 1012 κοινῷ
1520 938 1611 992 καὶ
1651 941 1886 1008 συνήθει

138 1043 181 1075 10
203 1035 297 1094 τῆς
337 1026 625 1078 διαλέκτου
663 1028 848 1097 τρόπῳ
895 1027 962 1078 τὰ
1007 1026 1326 1096 πραχθέντα
1368 1029 1551 1097 δηλοῖ,
1603 1038 1791 1097 σαφῶς
1829 1047 1886 1081 τε

201 1113 291 1167 καὶ
332 1117 614 1183 συντόμως
653 1113 743 1166 καὶ
777 1116 1025 1177 δυνατῶς
1058 1116 1270 1168 ἅπαντα
1302 1121 1544 1186 εἴρηκεν·
1587 1115 1886 1187 ἀρξάμενος
1955 1145 1960 1150 ·

203 1200 265 1255 δὲ
305 1202 697 1274 ἐπιτραγῳδεῖν
744 1205 839 1266 τὰς
885 1205 1073 1266 κοινάς
1121 1213 1233 1256 τῶν
1272 1204 1552 1274 Ἑλλήνων
1599 1206 1887 1274 συμφορὰς

202 1290 293 1344 καὶ
333 1292 432 1360 τὴν
481 1292 736 1344 διάνοιαν
787 1291 1133 1356 ἐξαλλάττειν
1172 1292 1230 1346 ἐκ
1269 1303 1381 1346 τῶν
1419 1293 1479 1346 ἐν
1525 1296 1643 1347 ἔθει
1697 1301 1886 1365 μακρῷ

203 1401 312 1433 τινι
360 1383 605 1448 γίγνεται
652 1383 853 1450 χείρων
899 1381 1063 1443 αὐτὸς
1116 1379 1328 1435 ἑαυτοῦ.
1406 1384 1522 1435 ε”στι
1569 1379 1630 1435 δὲ
1675 1384 1740 1435 τά
1786 1379 1887 1451 μὲν

139 1484 180 1517 15
203 1478 414 1539 πρῶτα,
470 1464 549 1521 ὧν
604 1467 788 1531 οὐδεὶς
841 1467 911 1521 ἄν
973 1470 1045 1531 ὡς
1105 1469 1502 1540 ἡμαρτημένων
1556 1470 1886 1539 ἐπιλάβοιτο,

204 1565 396 1610 ταῦτα·
435 1557 793 1627 ρΚερκυραῖοι
819 1554 880 1609 δὲ
913 1558 1240 1626 αἰσθόμενοι
1271 1560 1366 1621 τάς
1398 1578 1455 1612 τε
1479 1557 1723 1621 Ἀττικὰς
1750 1567 1886 1628 ναῦς

204 1646 619 1715 προσπλεούσας
644 1646 739 1707 τάς
763 1665 820 1698 τε
843 1655 955 1698 τῶν
978 1649 1259 1715 πολεμίων
1291 1646 1595 1716 οἰχομένας,
1627 1649 1887 1716 λαβόντες
1971 1715 1974 1716 ⁷

205 1736 334 1795 τοὺς
369 1736 723 1801 Μεσσηνίους
763 1735 841 1796 εἰς
879 1735 981 1802 τὴν
1023 1737 1190 1787 πόλιν
1228 1736 1439 1803 ἤγαγον
1477 1738 1748 1806 πρότερον
1786 1735 1886 1799 ἔξω

206 1824 385 1890 ὄντας,
438 1820 527 1874 καὶ
582 1823 677 1884 τὰς
725 1830 861 1884 ναῦς
907 1827 1267 1892 περιπλεῦσαι
1317 1821 1324 1894 Ι
1372 1825 1752 1892 κελεύσαντες,
1808 1823 1869 1886 ἃς
1887 1830 1982 1894 884ss

142 1925 186 1958 20
210 1909 549 1980 ἐπλήρωσαν,
590 1909 643 1972 ἐς
682 1911 779 1963 τὸν
801 1909 1053 1964 Ὑλαϊκὸν
1091 1911 1301 1980 λιμένα,
1343 1911 1403 1964 ἐν
1435 1913 1543 1984 ὅσῳ
1582 1915 1889 1982 περιεκομί-
1979 1908 1981 1917 ⁴

208 2001 380 2066 ζοντο,
419 2007 531 2050 τῶν
563 1997 782 2068 ἐχθρῶν
821 2004 875 2051 εἴ
912 2019 1036 2051 τινα
1067 2001 1291 2068 λάβοιεν
1330 2000 1664 2070 ἀπέκτεινον,
1703 1999 1794 2053 καὶ
1830 2000 1889 2054 ἐκ

207 2095 318 2138 τῶν
364 2096 506 2139 νεῶν
555 2087 718 2149 ὅσους
766 2089 989 2140 ε”πεισαν
1044 2090 1292 2157 εἰσβῆναι
1341 2088 1714 2158 ἐκβιβάζοντες
1768 2089 1889 2143 ἀνε-

209 2184 440 2244 χρῶντο·
491 2176 568 2237 εἰς
605 2177 667 2228 τὸ
701 2174 941 2244 ”Ήραιόν
986 2197 1043 2229 τε
1091 2177 1373 2245 ἐλθόντες,
1418 2187 1531 2231 τῶν
1579 2179 1771 2230 ἱκετῶν
1817 2179 1888 2240 ὡς

209 2266 548 2331 πεντήκοντα
588 2265 793 2334 ἄνδρας
833 2266 994 2333 δίκην
1039 2265 1304 2334 ὑποσχεῖν
1351 2268 1572 2319 ἔπεισαν
1609 2265 1699 2319 καὶ
1738 2266 1888 2319 κατέ-

332 2412 384 2450 16
418 2406 546 2450 Thuc
571 2408 635 2450 ΠΙ
661 2413 713 2451 81

333 2543 357 2580 2
392 2539 471 2581 καὶ
504 2552 578 2581 om
610 2539 644 2580 P
765 2546 793 2583 4
826 2540 1046 2598 ὠφέλημα
1077 2543 1147 2585 Μ1
1253 2548 1278 2587 6
1311 2541 1498 2594 κακίαις
1522 2543 1591 2586 Μ1
1692 2548 1715 2586 7
1749 2541 1887 2601 βίβλω

220 2595 327 2650 ΜΡ,
351 2595 374 2638 f
491 2601 515 2638 9
549 2597 730 2654 συνήθη
756 2598 791 2640 Ρ
915 2606 968 2644 13
993 2600 1255 2655 ἐξαλάττειν
1278 2602 1314 2645 Ρ
1429 2607 1485 2645 14
1516 2600 1691 2659 γίνεται
1713 2601 1772 2645 P1
1949 2622 1953 2623 ⁷

217 2660 269 2698 16
309 2654 646 2711 αἰσθανόμενοι
670 2656 692 2697 f
838 2663 891 2700 17
923 2662 1267 2714 προσπλεούσας
1397 2666 1449 2704 19
1483 2668 1598 2711 ναῦς
1629 2675 1704 2704 om
1734 2661 1770 2703 P

218 2718 271 2757 18
288 2714 395 2763 τοὺς
412 2713 480 2757 M:
505 2714 613 2763 τούς
635 2730 682 2756 τε
700 2715 768 2758 f&
787 2718 790 2773 }
807 2716 1052 2772 μεσηνίους
1067 2719 1203 2778 Mas}
1226 2720 1272 2770 ἐς
1287 2719 1310 2762 f
1366 2724 1421 2763 20
1441 2719 1625 2764 ἐλαϊκὸν
1635 2720 1678 2774 (ὑ
1698 2719 1887 2775 sser)M¹

306 2777 358 2814 21
393 2769 666 2826 ἀπέκτειρον
690 2773 726 2815 Ρ
826 2779 880 2817 22
914 2775 1104 2833 ἐσβῆναι
1129 2778 1178 2835 fl
1207 2779 1466 2836 ἀνεχρῶντο
1498 2777 1590 2821 ΜΡ
1621 2779 1887 2835 ἀπεχρῶντο

217 2848 270 2888 γρ
303 2830 353 2874 F
378 2830 428 2873 in
463 2832 521 2875 Θε
555 2831 852 2888 ἀνεχώρησαν
878 2833 900 2874 f
927 2835 1230 2892 ἀπεχώρησαν
1260 2840 1300 2881 Θ
1332 2837 1382 2880 cf
1399 2836 1565 2880 Pollux
1588 2837 1651 2879 IX
1678 2842 1762 2879 153
1795 2836 1887 2879 He-

218 2888 401 2945 sychius
437 2888 694 2945 Suidasque
726 2906 756 2933 u
788 2892 1101 2949 ἀνεχρήσαντο
1224 2901 1277 2938 23
1313 2895 1357 2946 ἐς
1380 2895 1403 2938 f
1425 2898 1430 2951 Ι
1460 2895 1647 2939 οἰκετῶν
1677 2896 1712 2938 Ρ
1838 2906 1841 2909 ’
