2004 3202
647 119 791 160 ΠΕΡΙ
821 116 1225 161 ΘοΤΚΤΔΙΔοΤ
1680 117 1784 171 387

34 259 35 262 ’
109 249 202 305 καὶ
241 252 342 320 τὴν
379 259 486 320 γῆν
524 253 595 321 μὴ
636 253 825 323 δῃοῦν.
895 251 924 304 ὃ
966 249 1013 304 δ’
1051 249 1256 323 ἡμέρας
1295 272 1351 305 τε
1392 251 1694 323 ἐσπείσατο,
1727 253 1788 307 ἐν

38 325 41 342 ³
109 333 196 402 αἷς
245 340 387 403 εἰκὸς
432 335 502 408 ἦν
546 346 908 409 κομισθῆναι,
961 337 1051 392 καὶ
1097 340 1199 408 τὴν
1245 347 1351 408 γῆν
1405 341 1506 394 οὐκ
1552 343 1787 411 ἔτεμνεν.

111 428 370 491 ἐλθόντες
408 425 469 481 δὲ
501 429 554 481 οῑ
588 431 884 491 Πλαταιεῖς
912 427 1166 499 πρέσβεις
1198 429 1272 491 ὡς
1302 430 1432 492 τοὺς
1455 427 1788 498 Ἀθηναίους

101 515 199 570 ’καὶ
249 517 684 586 βουλευσάμενοι
738 516 850 586 μετ’
897 517 1080 570 αὐτῶν
1131 517 1303 571 πάλιν
1362 513 1544 585 ἦλθον
1597 517 1788 586 ἀγγέλ-

109 609 297 667 λοντες
334 614 450 668 τοῖς
489 605 549 658 ἐν
587 614 650 676 τῇ
690 608 847 659 πόλει
886 607 1092 658 τοιάδε·
1140 604 1291 658 ‘01’5v’
1333 605 1392 659 ἐν
1429 613 1506 678 τῷ
1543 607 1649 677 πρὸ
1689 615 1788 660 τοῦ
1833 627 1854 658 5

107 695 306 766 χρόνῳ,
346 695 544 764 ἄνδρες
582 698 896 761 Πλαταιεῖς,
936 692 1028 763 ἀφ’
1070 689 1136 747 οὗ
1169 693 1436 764 ξύμμαχοι
1470 694 1787 764 ἐγενόμεθα,

100 780 390 850 Ἀθηναῖοι
423 781 646 852 φασὶν’
620 802 680 835 εν
705 781 943 836 οὐδενὶ“
915 791 1057 852 υμᾶς
1087 781 1360 853 προέσθαι
1391 781 1789 852 ἀδικουμένους

32 885 104 924 05
120 872 246 924 οὔτε
293 879 399 924 νῦν
436 874 827 941 περιόψεσθαι,
876 873 1182 940 βοηθήσειν
1220 869 1282 924 δὲ
1328 873 1464 924 κατὰ
1511 869 1787 943 δύΙναμιν·

106 959 534 1028 ἐπισκήπτουσίν
564 980 622 1013 τε
652 960 788 1029 ὑμῖν
819 961 956 1030 πρὸς
986 969 1096 1012 τῶν
1121 961 1319 1030 ὅρκων,
1353 959 1449 1023 οὓς
1477 961 1530 1013 οἱ
1561 959 1788 1030 πατέρες

105 1049 344 1117 ὤμοσαν,
383 1046 556 1117 μηδὲν
594 1051 933 1118 νεωτερίζειν
969 1046 1095 1118 περὶ
1133 1049 1235 1117 τὴν
1274 1048 1622 1118 συμμαχίαν.’
1676 1068 1786 1102 τοι-
1809 1071 1852 1102 10

2 1155 30 1209 Ἰ
105 1145 243 1190 αὕτα
274 1146 386 1190 τῶν
416 1136 699 1207 πρέσβεων
731 1135 1180 1204 ἀπαγγειλάντων
1212 1137 1265 1189 οἰ
1298 1140 1595 1199 Πλαταιεῖς
1630 1136 1786 1206 ἐβου-

103 1227 370 1280 λεύσαντο
402 1224 735 1294 Ἀθηναίους
775 1226 847 1294 μὴ
893 1226 1240 1295 προδιδόναι,
1288 1223 1405 1278 ἀλλ’
1446 1224 1783 1294 ἀνασχέσθαι

102 1313 194 1367 καὶ
263 1322 369 1383 γῆν
427 1313 796 1383 τεμνομένην,
859 1315 907 1366 εἰ
968 1312 1114 1381 δέοι,
1185 1313 1428 1384 ὁρῶντας
1496 1312 1587 1366 καὶ
1650 1315 1783 1367 ἄλλο

4 1463 5 1467 ¹
101 1403 428 1470 πάσχοντας,
468 1402 496 1455 ὅ
529 1421 580 1454 τι
620 1401 690 1454 ἂν
729 1401 1023 1472 ξυμβαίνῃ·
1063 1401 1312 1465 ἐξελθεῖν
1350 1421 1408 1454 τε
1438 1401 1647 1471 μηδένα
1685 1404 1783 1471 ἔτι,

2 1470 5 1490 ἲ
103 1489 220 1544 ἀλλ’
261 1490 365 1543 ἀπὸ
406 1498 504 1543 τοῦ
543 1493 756 1559 τείχους
795 1490 1220 1560 ἀποκρίνασθαι,
1263 1491 1345 1543 ’ὅτι
1385 1490 1631 1543 ἀδύνατά
1671 1490 1783 1544 ἐστι
1808 1511 1850 1543 15

24 1612 29 1619 2
103 1582 261 1649 σφίσι
315 1587 496 1631 ποιεῖν
547 1578 580 1630 ἃ
628 1579 1056 1647 Λακεδαιμόνιοι
1109 1583 1530 1649 προκαλοῦνται.
1607 1580 1680 1642 ὡς
1726 1578 1774 1632 δ’

3 1711 9 1719 Δ
102 1667 484 1738 ἀπεκρίναντο,
521 1665 783 1720 ἐντεῦθεν
815 1667 882 1735 δὴ
914 1676 1135 1736 πρῶτον
1165 1663 1267 1736 μὲν
1300 1666 1353 1729 ἐς
1387 1666 1783 1737 ἐπιμαρτυρίαν

7 1759 31 1808 J
100 1755 192 1809 καὶ
223 1762 376 1809 θεῶν
406 1754 496 1808 καὶ
527 1755 725 1825 ἡρώων
754 1765 866 1808 τῶν
899 1754 1179 1826 ἐγχωρίων
1201 1754 1528 1826 Ἀρχίδαμος
1560 1755 1588 1808 ὁ
1629 1758 1781 1824 βασι-

7 1886 9 1907 ,
102 1846 229 1907 λεὺς
274 1842 501 1911 κατέστη
546 1842 727 1911 λέγων
783 1839 910 1896 ὧδε·
966 1842 1119 1897 εΘεοὶ
1175 1844 1295 1897 ὅσοι
1341 1851 1446 1912 γῆν
1491 1844 1592 1912 τὴν
1632 1848 1781 1897 Πλα-

99 1934 284 1986 ταιίδα
323 1935 485 2001 ἔχετε,
523 1931 614 1984 καὶ
645 1933 835 2002 ἥρωες,
876 1931 1192 2001 ξυνίστορες
1223 1934 1359 2001 ἔστε,
1400 1931 1482 1985 ὅτι
1517 1934 1642 1986 οὔτε
1681 1934 1781 2001 τὴν
1805 1954 1847 1985 20

32 2058 34 2062 -
100 2021 276 2091 ἀρχὴν
299 2020 518 2087 ἀδίκως,
552 2019 888 2073 ἐκλιπόντων
919 2018 1177 2073 δὲτῶνδε
1207 2019 1492 2091 προτέρων
1521 2022 1581 2073 τὸ
1611 2020 1780 2085 ξυνώ-

4 2127 37 2181 e'
102 2130 272 2180 μοτον
312 2108 400 2162 ἐπὶ
439 2117 544 2177 γῆν
582 2109 745 2177 τήνδε
784 2110 1049 2178 ἤλθομεν,
1101 2108 1161 2161 ἐν
1200 2102 1234 2180 ᾗ
1274 2111 1325 2162 οἱ
1363 2108 1589 2179 πατέρες
1627 2110 1780 2178 ἡμῶν

221 2260 275 2321 10
306 2254 436 2297 Thuc
460 2254 502 2296 II
530 2258 583 2297 74

9 2425 13 2439 2
219 2392 244 2429 2
271 2387 426 2442 ἔτεμεν
449 2386 472 2428 f
528 2390 556 2428 4
580 2383 875 2441 ἀγγέλλοντες
891 2385 982 2428 ΜΡ
1007 2399 1108 2429 cum
1130 2386 1168 2430 C
1177 2386 1238 2430 G
1265 2385 1630 2443 ἀπαγγέλλοντες
1646 2387 1670 2430 f
1678 2390 1718 2432 Θ

11 2453 41 2499 “,
100 2452 125 2490 5
157 2452 332 2502 προτοῦ
357 2445 380 2487 f
482 2449 506 2487 6
540 2443 708 2499 ἄνδρες
732 2443 846 2489 MP.
880 2440 1127 2502 [ὦ]ἀνδρες
1156 2441 1236 2487 f*
1206 2464 1240 2488 ω
1273 2445 1442 2501 άνδρες
1469 2447 1510 2490 Θ
1609 2452 1631 2490 7
1659 2447 1778 2503 ὑμᾶς

29 2517 35 2519 “
97 2505 190 2549 ΜΡ
223 2519 328 2548 cum
358 2503 633 2547 ABCFG.
698 2509 787 2559 μᾶς
817 2503 841 2546 f
868 2517 971 2547 cum
1002 2504 1111 2547 DE
1296 2509 1321 2548 9
1355 2504 1682 2561 ἐπισκήπτουσί
1713 2506 1736 2548 f
1767 2507 1772 2565 Ι

39 2607 42 2610 ,
97 2572 189 2609 τῶν
222 2563 370 2620 όρκων
401 2577 481 2619 mg
503 2561 682 2606 Μ’ῈΘ.
715 2569 811 2612 τοῖς
844 2561 998 2618 ὅρκοις
1028 2562 1142 2606 ΜῙΡ
1251 2568 1305 2607 10
1337 2563 1531 2620 ὤμωσαν
1555 2564 1591 2607 Ρ
1622 2565 1774 2621 prime

98 2623 200 2667 loco
219 2622 288 2679 (ef
307 2623 368 2666 ad
392 2636 422 2664 u
442 2623 513 2675 11)
537 2622 540 2679 Ι
562 2619 823 2678 ξυμμαχίαν
851 2620 875 2663 f
947 2627 998 2664 11
1020 2624 1128 2666 ante
1154 2622 1484 2681 ἐβουλεύσαντο
1508 2623 1645 2667 initio
1671 2624 1774 2667 folii

97 2682 209 2726 noui
227 2687 303 2725 22Ϊ
325 2681 470 2724 uerba
493 2679 602 2724 inde
629 2693 702 2723 au
721 2685 746 2723 6
771 2681 839 2736 ἀφ
844 2677 935 2724 ὀὗ
959 2679 1153 2724 iteratP
1272 2687 1326 2725 12
1351 2683 1500 2741 ἀνασχ
1504 2680 1643 2727 εσθαι
1658 2683 1706 2726 Μ
1716 2683 1772 2727 Ρ

98 2739 354 2799 ἀνέχεσθαι
378 2740 448 2783 f&
480 2739 560 2782 sed
592 2737 871 2796 ἀντέχεσθαι
894 2739 1000 2783 BF
1146 2745 1199 2784 13
1232 2742 1307 2785 δεῖ
1332 2743 1372 2786 Θ
1434 2747 1487 2786 15
1522 2741 1614 2785 ἐστι
1646 2740 1772 2798 σφίσι

29 2811 31 2813 ’
99 2807 252 2844 ποιεῖν
276 2800 391 2843 MP:
425 2796 551 2853 σφίσι
576 2805 729 2842 ποιεῖν
754 2797 875 2843 ἐστιν
899 2798 922 2840 f
930 2800 970 2843 Θ
1054 2804 1108 2842 18
1134 2799 1207 2858 ἐςχ
1211 2798 1360 2855 ωρίων
1384 2801 1421 2844 Ρ
1497 2805 1553 2843 20
1577 2800 1698 2858 ἥρως
1714 2801 1766 2858 ΡΙ

20 2899 22 2903 ,
100 2856 195 2902 ἐστὲ
219 2858 301 2902 Mf
328 2855 424 2902 ἐστε
447 2857 484 2900 Ρ
576 2861 628 2899 21
664 2855 714 2900 δὲ
739 2858 884 2902 τῶνδε
908 2857 1002 2901 MP
1034 2872 1138 2902 cum
1162 2859 1269 2902 EF
1296 2857 1347 2903 δε
1380 2868 1470 2904 τῶν
1499 2861 1551 2904 O:
1583 2861 1728 2903 τῶνδε
1753 2859 1776 2900 f

36 2938 49 2971 y
99 2931 204 2961 cum
236 2917 393 2961 ADG
421 2919 426 2974 Ι
454 2913 688 2972 προτέρων
712 2915 829 2961 MP:
861 2916 1086 2973 πρότερον
1119 2917 1202 2962 f&
1237 2918 1334 2975 cfp
1359 2923 1460 2974 388,
1479 2923 1503 2962 5
