2004 3202
185 125 252 176 78
603 125 944 169 ΔΙΟΝΥΣΙΟΤ
975 123 1442 166 ΑΑΙΚΑΡΝΑΣΕΩΣ

181 269 298 322 ταῖς
339 258 656 329 ἐπιθυμίαις
693 259 862 328 ὑμῶν.
933 251 1015 319 οἷς
1051 255 1143 308 καὶ
1182 258 1406 319 δικαίως
1445 259 1514 310 ἄν
1559 278 1641 320 τις
1689 257 1855 311 ε’πιτι-

180 350 424 418 μήσειεν,
475 349 559 401 ὅτι
598 348 909 408 συνειδότες
946 346 1185 406 πολλοὺς
1222 343 1313 398 καὶ
1351 346 1622 414 μεγάλους
1668 351 1856 409 οἴκους

179 437 288 490 ὑπὸ
327 445 437 489 τῶν
481 438 893 489 κολακευόντων
939 433 1276 495 ἀναστάτους
1321 433 1719 503 γεγενημένους
1763 433 1853 487 καὶ

180 532 468 594 μισοῦντες
522 522 607 576 ἐπὶ
660 533 771 576 τῶν
826 523 983 575 ἰδίων
1035 523 1165 583 τοὺς
1218 522 1423 590 ταύτην
1479 524 1702 590 ἔχοντας
1753 523 1855 590 τὴν

136 612 378 681 ετέχνην
423 611 510 665 ἐπὶ
555 622 666 664 τῶν
717 620 920 663 κοινῶν
974 609 1074 678 οὐχ
1128 609 1328 678 ὁμοίως
1382 611 1665 663 διάκεισθε
1717 611 1855 680 πρὸς

180 701 407 768 αὐτούς,
469 700 605 753 ἀλλὰ
665 705 1096 768 κατηγοροῦντες
1156 707 1267 750 τῶν
1326 698 1703 769 προσιεμένων
1761 696 1851 750 καὶ

178 791 483 858 χαιρόντων
521 797 635 850 τοῖς
673 787 943 848 τοιούτοις
983 784 1138 838 αὐτοὶ
1177 791 1388 854 μᾶλλον
1426 790 1697 855 φαίνεσθε
1728 787 1851 839 τού-

178 897 293 939 τοις
330 877 677 937 πιστεύοντες
715 874 747 943 ἢ
787 883 900 936 τοῖς
939 876 1127 936 ἄλλοις
1165 877 1425 937 πολίταις.
1494 874 1583 949 καὶ
1622 876 1726 946 γάρ
1766 895 1852 927 τοι

178 967 502 1032 πεποιήκατε
540 966 667 1025 τοὺς
718 963 951 1033 ῥήτορας
996 967 1226 1032 μελετᾶν
1270 961 1361 1015 καὶ
1408 968 1737 1031 φιλοσοφεῖν
1783 963 1851 1016 οὐ

114 1078 154 1109 10
178 1055 244 1106 τὰ
281 1052 546 1121 μέλλοντα
576 1060 639 1122 τῇ
671 1054 827 1104 πόλει
859 1055 1156 1119 συνοίσειν,
1197 1050 1313 1104 ἀλλ’
1346 1051 1491 1113 ὅπως
1523 1050 1852 1122 ἀρέσκοντας

91 1205 102 1214 Ἴ
177 1141 310 1209 ὑμῖν
362 1143 559 1207 λόγους
613 1139 861 1210 ἐροῦσιν·
925 1138 1012 1208 ἐφ’
1068 1139 1164 1201 οὓς
1217 1138 1307 1192 καὶ
1362 1147 1469 1192 νῦν
1521 1140 1582 1191 τὸ
1636 1143 1852 1206 πλῆθος

91 1232 119 1283 5
178 1228 358 1280 αὐτῶν
397 1228 672 1298 ἐρρύηκεν.
741 1229 908 1280 ἅπασι
947 1229 1051 1298 γὰρ
1090 1223 1160 1295 ἡν
1199 1229 1467 1298 φανερόν,
1518 1228 1600 1280 ὅτι
1640 1231 1851 1296 μᾶλλον

174 1315 488 1383 ἡσθήσεσθε
526 1311 653 1379 τοῖς
684 1320 1097 1387 παρακαλοῦσιν
1145 1316 1286 1385 ὑμᾶς
1334 1315 1420 1368 ἐπὶ
1466 1317 1564 1368 τὸν
1609 1317 1851 1384 πόλεμον

174 1403 207 1471 ἢ
247 1413 360 1466 τοῖς
397 1403 522 1474 περὶ
560 1412 654 1473 τῆς
693 1406 911 1475 εἰρήνης
955 1405 1444 1474 συμβουλεύουσιν.
1514 1407 1571 1456 οἳ
1605 1401 1705 1473 μὲν
1742 1406 1847 1474 γὰρ

112 1516 153 1548 15
174 1493 509 1562 προσδοκίαν
550 1492 888 1562 ἐμποιοῦσιν,
928 1494 1000 1555 ὡς
1038 1494 1132 1556 τὰς
1169 1494 1383 1561 κτήσεις
1421 1494 1515 1554 τὰς
1559 1492 1618 1545 ἐν
1659 1493 1666 1561 1
1707 1502 1825 1555 ταῖς
1851 1511 1938 1550 568

173 1582 362 1633 πόλεσι
431 1582 772 1650 κομιούμεθα
831 1579 921 1634 καὶ
981 1581 1083 1649 τὴν
1142 1582 1383 1650 δύναμιν
1451 1580 1847 1650 ἀναληψόμεθα

174 1669 357 1736 πάλιν,
395 1669 463 1736 ἣν
501 1672 769 1741 πρότερον
809 1669 1177 1739 ἐτυγχάνομεν
1215 1672 1456 1738 ἔχοντες,
1497 1672 1554 1722 οἳ
1589 1668 1640 1722 δ’
1681 1668 1848 1723 οὐδὲν

174 1764 427 1809 τοιοῦτον
463 1758 873 1825 ὑποτείνουσιν,
914 1757 1028 1811 ἀλλ’
1069 1759 1141 1820 ὡς
1178 1758 1413 1827 ἡσυχίαν
1452 1760 1596 1826 ἔχειν
1635 1760 1719 1811 δεῖ
1756 1758 1845 1811 καὶ

174 1845 246 1912 μὴ
279 1846 528 1913 μεγάλων
559 1845 852 1915 ἐπιθυμεῖν
882 1848 1028 1916 παρὰ
1059 1847 1120 1898 τὸ
1153 1847 1387 1914 δίκαιον,
1427 1845 1565 1898 ἀλλὰ
1598 1845 1846 1917 στέργειν

108 1957 151 1988 20
175 1940 288 1994 τοῖς
325 1941 619 2002 παροῦσιν,
659 1934 687 1987 ὃ
727 1935 1107 2003 χαλεπώτατον
1144 1935 1367 1987 πάντων
1411 1944 1524 1996 τοῖς
1570 1938 1847 1996 πλείστοις

175 2029 285 2071 τῶν
340 2019 653 2090 ἀνθρώπων
715 2021 876 2075 ἐστίν.
968 2022 1109 2075 οὕτω
1171 2024 1274 2092 γὰρ
1338 2008 1675 2101 ἐξηρτήμεθα
1735 2032 1846 2075 τῶν

176 2107 411 2161 ἐλπίδων
470 2108 558 2161 καὶ
618 2111 755 2180 πρὸς
822 2112 918 2172 τὰς
985 2111 1254 2172 δοκούσας
1323 2107 1464 2163 εἶναι
1531 2110 1846 2175 πλεονεξίας

175 2195 456 2264 ἀπλήστως
495 2200 711 2266 ἔχομεν,
751 2197 877 2251 ὥστ’
918 2195 1047 2251 οὐδὲ
1087 2201 1139 2251 οἱ
1177 2198 1493 2268 κεκτημένοι
1531 2201 1660 2261 τοὺς
1697 2203 1845 2268 μεγί-

293 2331 314 2368 1
349 2334 447 2376 ταῖς
478 2325 716 2382 ὑμετέραις
747 2326 1041 2385 ἐπιθυμίαις·
1074 2328 1104 2372 ἃ
1136 2330 1213 2373 καὶ
1247 2326 1438 2379 δικαίως
1469 2328 1528 2372 ἄν
1559 2345 1627 2378 τις
1657 2329 1765 2383 ὑμῖν
1796 2329 1840 2371 Is

293 2389 317 2426 5
350 2384 619 2429 διάκεισθαι
642 2387 677 2429 Ρ
717 2385 958 2431 διάκεισθε
983 2403 1038 2432 ex
1062 2390 1332 2432 διακεῖσθαι
1355 2388 1390 2430 F
1475 2392 1500 2430 7
1526 2385 1785 2443 φαίνεσθαι
1805 2388 1840 2429 P

176 2440 403 2496 φαίνεσθε
437 2447 605 2498 μᾶλλον
636 2445 679 2487 Is
716 2447 721 2501 Ι
755 2447 933 2496 τούτοις
964 2447 1042 2492 F¹=
1074 2455 1171 2498 τοῖς
1200 2447 1379 2497 τούτοις
1409 2446 1446 2488 Β
1491 2453 1587 2496 τοῖς
1616 2446 1842 2496 τοιούτοις

175 2500 335 2543 MPF²
440 2507 492 2545 13
524 2503 789 2557 ἡσθήσεσθε
822 2506 864 2548 Is
892 2509 999 2550 PE:
1032 2505 1247 2563 ἤσθησθε
1279 2505 1461 2548 FMBP
1575 2509 1631 2547 14
1665 2503 1692 2560 ἢ
1728 2505 1841 2561 [τοῖς

175 2559 301 2625 π]ερὶ
332 2559 366 2601 F
399 2559 463 2602 sie
497 2563 548 2603 ut
580 2563 626 2604 et
658 2560 685 2617 ἢ
718 2565 765 2605 et
796 2577 915 2617 quae
948 2567 1054 2607 sunt
1085 2565 1134 2608 in
1157 2579 1232 2608 ras
1257 2564 1442 2608 litterae
1475 2563 1534 2606 ab
1559 2562 1618 2605 ΕΞ
1649 2563 1839 2606 additae

175 2621 269 2661 smt
296 2620 301 2674 Ι
328 2619 432 2672 περὶ
460 2626 553 2669 τοῖς
584 2620 620 2661 Β
649 2622 654 2675 1
683 2622 1038 2678 συμβουλεύουσι
1070 2624 1104 2666 F
1197 2628 1250 2667 15
1283 2624 1344 2673 ὡς
1373 2623 1454 2666 καὶ
1483 2620 1566 2672 τὰς
1595 2621 1773 2676 κτήσεις
1795 2623 1839 2665 Is

294 2682 347 2720 16
380 2677 592 2733 δύναμην
625 2678 658 2720 F
781 2685 833 2723 17
864 2679 1003 2725 πάλιν
1042 2696 1096 2726 ex
1128 2682 1263 2726 πόλιν
1293 2682 1328 2724 F
1379 2683 1383 2738 Ι
1434 2679 1771 2737 ἐντυγχάνομεν
1804 2681 1838 2722 F

173 2749 275 2779 corr
305 2735 362 2778 F¹
454 2741 507 2778 19
541 2736 788 2792 ἐπιθυμεῖν
820 2752 875 2781 ex
906 2739 1136 2798 ἐπιτυχεῖν
1167 2741 1202 2784 F
1304 2744 1360 2783 20
1391 2746 1484 2789 τοῖς
1515 2746 1743 2793 παροῦσιν
1773 2739 1837 2783 Is:

171 2794 222 2838 τὸ
255 2793 356 2838 ἴσον
387 2794 525 2836 ΜΒΡ
577 2795 627 2838 τὸ
662 2793 761 2840 ἴσον
791 2796 826 2838 F
859 2799 969 2840 conf
994 2815 1023 2855 p
1049 2805 1118 2856 64,
1144 2804 1170 2843 5
1275 2803 1328 2842 21
1363 2797 1505 2848 οὕτως
1535 2798 1673 2840 ΜΒΡ
1722 2796 1838 2841 οὕτω

171 2852 353 2954 {offBiss
384 2852 526 2903 οὕτως
557 2854 590 2896 F
707 2860 762 2898 23
795 2856 1028 2911 ἀπλήστως
1060 2872 1114 2901 ex
1147 2855 1368 2908 ἀπείστως
1399 2857 1456 2899 F1
1499 2859 1504 2913 1
1547 2854 1653 2899 ὥστ’
1683 2857 1746 2901 Is:
1780 2858 1842 2907 ὡς
