2004 3202
376 150 524 192 ΠΕΡΙ
552 148 675 192 ΤΩΝ
705 147 1112 192 ΘΟΤΚΤΔΙΔΟΤ
1142 147 1481 192 ΙΔΙΩΜΑΤΩΝ
1664 147 1775 201 435

93 286 227 338 πότε
281 303 364 347 τις
411 282 665 338 ἐπελθὼν
716 281 809 336 καὶ
870 280 956 352 ἅμ’
1006 281 1326 351 ἀτειχίστων
1379 283 1557 335 ὄντων
1610 283 1776 345 ἄλλος

94 373 479 442 ἀφαιρήσεται·
524 379 621 440 τῆς
669 391 727 426 τε
773 370 1076 439 ἀναγκαίου
1121 377 1331 441 τροφῆς
1377 379 1660 439 πανταχοῦ
1706 370 1777 424 ἂν

8 479 11 526 ;
94 461 299 531 ὁμοίως
337 459 722 530 ἐπικρατήσειν
771 461 1015 529 οἰόμενοι
1062 458 1128 513 οὐ
1178 462 1424 528 χαλεπῶς
1462 458 1775 512 ἀνίσταντο’

10 551 11 566 ³
94 548 205 620 <<εῑ
243 551 348 619 γὰρ
388 549 450 602 τὸ
483 548 558 602 οὐ
597 554 885 618 χαλεπῶς
917 547 1304 615 ἀνίσταντο)
1329 543 1677 616 προσέθηκεν
1710 555 1774 618 τῆ

8 650 12 706 3'
91 639 282 709 πρώτῃ
312 639 551 710 περιόδῳ
582 637 673 691 καὶ
705 637 1064 707 ἐσχημάτισεν
1095 635 1289 700 οὕτως·
1327 639 1445 706 ετῆς
1475 638 1580 706 γὰρ
1614 635 1775 706 ἐμπο-
1800 657 1820 690 ⁵

8 719 14 742 ²
92 729 219 796 ρίας
251 725 353 779 οὐκ
386 727 571 795 οὔσης,
605 725 724 780 οὐδ’
757 725 1142 796 ἐπιμιγνύντες
1165 724 1337 789 ἀδεῶς
1368 725 1627 794 ἀλλήλοις
1651 726 1778 778 οὔτε

92 816 231 868 κατὰ
284 822 391 883 γῆν
443 817 606 882 <οὕτε
653 817 791 869 κατὰ
842 816 1192 883 θάλασσαν),
1249 817 1543 884 νεμόμενοι
1597 810 1658 866 δὲ
1710 815 1778 867 τὰ

93 901 309 956 ἑαυτῶν
347 902 564 957 ἕκαστοι
612 905 746 958 ὅσον
792 903 997 972 ἀποζῆν
1045 903 1112 956 οὐ
1152 907 1399 972 χαλεπῶς
1446 902 1778 969 ἀνίσταντο’,

95 991 485 1062 φανερωτέραν
516 992 586 1045 ἂν
618 991 789 1046 ἐποίει
821 993 923 1061 τὴν
954 992 1231 1045 διάνοιαν·
1270 1000 1335 1062 τῇ
1369 988 1431 1044 δὲ
1460 993 1776 1061 παρεμβολῇ

94 1090 206 1134 τῶν
229 1080 428 1150 μεταξὺ
451 1082 787 1151 πραγμάτων
809 1085 1033 1134 πολλῶν
1056 1082 1236 1134 ὄντων
1260 1079 1443 1149 ἀσαφῆ
1460 1078 1552 1132 καὶ
1569 1080 1779 1132 ὃυσπα-
1803 1101 1847 1133 10

13 1183 15 1239 ζ
96 1170 517 1239 ρακολούθητον
553 1167 901 1241 πεποίηκεν),
940 1167 1032 1222 καὶ
1069 1168 1102 1237 ἡ
1141 1166 1268 1239 περὶ
1305 1175 1402 1236 τῆς
1439 1165 1780 1238 Εὐρυσθέως

14 1251 94 1335 ἱ<ι6
114 1262 398 1328 στρατείας
424 1257 510 1311 ἐπὶ
535 1259 637 1327 τὴν
659 1255 927 1330 ἈτΙτικὴν
950 1258 1069 1326 ἥδε·
1103 1256 1462 1327 “Εὐρυσθέως
1492 1256 1554 1309 ἐν
1583 1265 1647 1327 τῇ
1663 1254 1780 1308 Ἀτ-

95 1355 215 1418 τικῇ
249 1348 358 1401 ὑπὸ
385 1347 764 1417 εΗρακλειὸῶν
794 1346 1196 1414 ἀποθανόντος,
1222 1344 1454 1416 Ἀτρέως
1485 1341 1546 1398 δὲ
1577 1345 1780 1414 μητρὸς

15 1443 17 1508 ζ
97 1436 347 1504 ἀδελφοῦ
380 1437 540 1498 ὄντος
572 1435 739 1507 αὐτῷ,
770 1433 862 1488 καὶ
894 1433 1284 1505 ἐπιτρέψαντος
1307 1431 1666 1503 Εὐρυσθέως,
1697 1431 1774 1486 ὅτ’

15 1564 17 1590 f
97 1524 400 1595 ἐστράτευε,
440 1526 713 1592 Μυκήνας
751 1543 808 1576 τε
838 1522 930 1576 καὶ
962 1524 1064 1591 τὴν
1096 1522 1271 1593 ἀρχὴν
1303 1523 1440 1575 κατὰ
1471 1522 1532 1574 τὸ
1573 1523 1780 1575 οἰκεῖον
1803 1543 1846 1576 15

86 1611 285 1683 Ἀτρεῖ·
332 1613 628 1682 τυγχάνειν
668 1609 729 1665 δὲ
768 1611 940 1664 αὐτὸν
986 1613 1266 1680 φεύγοντα
1304 1612 1403 1664 τὸν
1439 1609 1646 1680 πατέρα
1685 1611 1779 1663 διὰ

15 1745 19 1773 ³
93 1703 193 1755 τὸν
242 1704 574 1772 Χρυσίππου
618 1702 891 1754 θάνατον·
944 1699 1036 1753 καὶ
1083 1701 1156 1763 ὡς
1203 1698 1385 1753 οὐκέτι
1432 1698 1779 1768 ἀνεχώρησεν

16 1815 19 1836 v
93 1789 453 1858 Εὐρυσθεύς,
507 1788 863 1858 βουλομένων
914 1787 1006 1841 καὶ
1059 1798 1171 1842 τῶν
1219 1790 1567 1856 Μυκηναίων
1620 1789 1777 1860 φόβῳ

16 1922 19 1939 <
94 1887 206 1931 τῶν
229 1877 623 1947 (Ηρακλειδῶν,
662 1876 752 1930 καὶ
784 1879 894 1947 ἅμα
925 1878 1168 1930 δυνατὸν
1200 1878 1473 1930 δοκοῦντα
1512 1872 1654 1929 εἶναι
1685 1875 1775 1929 καὶ

94 1967 156 2019 τὸ
187 1970 403 2034 πλῆθος
433 1968 872 2034 τεθεραπευκότα
903 1974 1014 2018 τῶν
1037 1967 1384 2033 Μυκηναίων
1414 1985 1471 2018 τε
1502 1963 1592 2017 καὶ
1630 1965 1778 2017 ὅσων
1801 1988 1846 2019 20

18 2047 21 2051 ¹
95 2055 428 2124 Εὐρυσθεὺς
466 2051 633 2124 ἦρχεν
670 2055 771 2122 τὴν
809 2056 1095 2123 βασιλείαν
1126 2052 1318 2123 Ἀτρέα
1355 2053 1729 2123 παραλαβεῖν.’

219 2190 272 2228 12
305 2185 434 2228 Thuc
459 2185 480 2228 I
504 2189 529 2228 9

217 2309 238 2346 1
292 2303 388 2359 ἅμα
442 2310 674 2360 τειχιστῶν
721 2302 756 2345 Ρ
818 2301 914 2358 ἅμα
974 2300 1240 2360 ἀτειχίστων
1287 2301 1445 2346 GCD:
1508 2299 1775 2358 ἀτειχίστων

97 2362 193 2418 ἅμα
230 2364 299 2406 &s
479 2366 504 2405 2
538 2377 583 2405 τε
609 2361 807 2406 PGCD:
840 2377 887 2405 τε
920 2359 1036 2405 καθ’
1065 2358 1241 2418 ἡμέραν
1273 2374 1329 2404 ex
1364 2362 1404 2404 Θ
1433 2360 1542 2404 inde
1568 2360 1627 2403 ab
1653 2359 1774 2405 Aldo

97 2421 380 2478 uolgabatur
407 2422 413 2477 Ι
441 2418 500 2465 ἂν
533 2418 700 2477 ὁμοίως
731 2418 983 2476 (ἀνομοίωσ
1013 2419 1065 2477 Ρ)
1105 2421 1165 2471 ὡς
1195 2422 1288 2476 (om
1319 2418 1419 2476 GD)
1452 2418 1776 2474 ἐπικρατήσειν

98 2478 303 2536 οἰόμενοι
336 2479 415 2524 PG
432 2479 572 2524 CDa:
606 2478 667 2524 ἂν
697 2479 947 2536 ἡγούμενοι
981 2478 1245 2533 ἐπικρατεῖν
1282 2480 1351 2523 &s
1547 2483 1571 2521 3
1604 2477 1776 2523 ἀπανί-

97 2554 263 2584 σταντο
315 2541 383 2583 Θε
429 2538 507 2582 hic
553 2541 601 2583 et
646 2538 769 2582 infra
808 2553 838 2581 u
864 2542 889 2581 8
1085 2543 1112 2581 4
1157 2538 1200 2582 εἰ
1241 2574 1250 2582 .
1286 2574 1295 2583 .
1330 2574 1339 2583 .
1373 2535 1620 2582 ἀνίσταντο
1670 2552 1776 2594 sup-

96 2597 224 2655 pleui
252 2601 258 2655 i
285 2595 601 2655 προσέθηκεν]
632 2594 890 2653 προστεθὲν
921 2597 1025 2641 Pas
1236 2603 1262 2641 5
1297 2594 1610 2655 σχηματισθὲν
1642 2596 1771 2653 Pas!

20 2674 24 2714 4
98 2656 216 2702 οὕτω
250 2671 278 2700 a
363 2662 386 2700 7
420 2656 526 2701 οὔτε
556 2655 677 2700 κατὰ
707 2654 949 2701 θάλατταν
982 2656 1042 2701 G:
1061 2670 1152 2710 ‘om
1182 2656 1256 2700 Pa
1288 2657 1393 2700 οὔτε
1425 2655 1506 2700 διὰ
1536 2654 1777 2711 θαλάσσης

21 2759 23 2766 ,
96 2729 155 2760 ex
190 2718 229 2760 Θ
259 2716 520 2772 Kruegerus
550 2718 555 2771 1
583 2713 655 2774 δὲ]
687 2730 735 2759 τε
769 2714 808 2759 G
839 2717 892 2759 ut
927 2717 967 2759 Θ
1107 2720 1131 2759 9
1166 2713 1319 2772 ἐποίηι
1351 2728 1540 2759 rasurae
1572 2714 1775 2771 uestigio

20 2809 25 2830 ι
97 2789 237 2832 supra
268 2793 295 2832 η
327 2774 491 2819 relicto
523 2775 558 2817 P
725 2780 775 2818 11
810 2773 1037 2831 πεποίηκε
1070 2788 1098 2818 a
1156 2775 1162 2832 Ι
1220 2774 1484 2830 εὐρύσθεωσ
1515 2774 1549 2816 Ρ
1581 2776 1634 2816 ut
1664 2788 1695 2815 u
1723 2778 1775 2815 12

21 2835 25 2868 ⁹
97 2837 146 2878 et
178 2839 232 2878 14
354 2840 407 2877 12
442 2837 655 2889 στρατιᾶς
683 2832 815 2878 libri:
855 2847 956 2877 corr
986 2833 1042 2878 H.
1077 2833 1338 2890 Stephanus
1395 2835 1402 2889 Ι
1460 2829 1555 2890 ἐπὶ]
1587 2839 1668 2888 τῆς
1700 2828 1776 2876 ἐπὶ

98 2893 433 2937 Herwerdenus
472 2896 477 2951 Ι
515 2892 599 2949 ἥδε
633 2907 675 2937 s:
706 2890 790 2949 ἡδὲ
822 2893 871 2948 Ρ,
896 2894 958 2950 a!
994 2892 1044 2938 ἐν
1076 2892 1132 2937 P:
1165 2890 1249 2948 μὲν
1281 2892 1332 2936 ἐν
1369 2891 1481 2936 ΘΟΕ
1604 2895 1657 2934 18
1690 2906 1776 2946 μη-

98 2951 307 2996 κυναίων
331 2952 367 2995 Ρ
488 2957 544 2995 20
577 2950 696 2996 ὅσων
728 2951 862 2997 CDs:
896 2953 1048 2996 ὡστῶν
1081 2952 1130 3006 Ρ,
1156 2966 1183 2995 a
1306 2957 1358 2994 21
1394 2947 1502 3008 ἦρχε
1536 2964 1562 2992 a

1514 3022 1600 3065 ⁶25*
