2004 3202
783 222 1204 267 ΔΗΜΟΣΘΕΝΗΣ
1727 221 1829 274 181

266 355 629 426 λαμβανέσθω
662 354 724 410 δὲ
757 361 1022 428 πρότερος
1053 358 1308 426 Πλάτων,
1347 354 1438 408 καὶ
1471 355 1656 423 ἐπειδὴ
1696 354 1832 424 μέγα
1850 357 1922 408 24

155 453 387 516 φρονεῖν
424 447 603 498 ἔοικεν
642 445 735 498 ἐπί
777 466 834 498 τε
877 445 1127 517 ἀκριβείᾳ
1172 443 1262 498 καὶ
1310 447 1597 514 σεμνότητι
1637 444 1834 513 ὀνομά-

155 554 282 601 των,
321 540 490 586 ταῦτα
526 532 613 586 ε’πὶ
653 543 764 587 τῶν
795 534 966 587 αὐτοῦ
1004 536 1301 603 βασανίσω,
1341 533 1658 604 ἀρξάμενος,
1698 532 1835 585 ὅθεν

154 641 254 693 περ
294 620 560 690 κάκεῖνος,
599 630 699 675 τοῦ
735 624 931 690 λόγου·
971 621 1173 694 “Έργῳ
1205 618 1306 691 μὲν
1335 620 1469 690 ἡμῖν
1500 621 1617 674 οἵδε
1648 623 1835 689 ε”χουσι

155 712 219 762 τὰ
249 711 598 780 προσήκοντα
631 714 824 780 σφίσιν
855 711 1059 779 αὐτοῖς,
1099 706 1178 763 ὧν
1208 712 1464 779 τυχόντες
1501 710 1834 780 πορεύονται
1881 726 1902 759 5

154 799 255 866 τὴν
301 797 636 868 εἱμαρμένην
688 799 953 870 πορείαν.’
1028 799 1062 867 ἡ
1117 795 1219 868 μὲν
1269 799 1490 867 εἰσβολὴ
1542 798 1835 867 θαυμαστὴ

153 884 245 938 καὶ
291 885 575 955 πρέπουσα
613 895 727 950 τοῖς
765 885 1147 957 ὑποκειμένοις
1188 887 1468 957 πράγμασι
1484 885 1489 912 ³
1505 887 1740 950 κάλλους
1779 905 1836 938 τε

155 974 441 1044 ὀνομάτων
479 974 637 1027 ἕνεκα
683 974 774 1028 καὶ
822 978 1150 1045 σεμνότητος
1195 973 1285 1028 καὶ
1333 975 1622 1046 ἁρμονίας,
1668 976 1734 1027 τὰ
1780 973 1829 1026 δ’

156 1062 514 1132 ἐπιλεγόμενα
553 1063 743 1117 οὐκέθ’
776 1064 937 1134 ὅμοια
982 1073 1098 1126 τοῖς
1142 1064 1405 1134 πρώτοις,
1451 1063 1645 1116 αὐτίκα
1683 1063 1836 1130 <τό>·

156 1150 632 1221 (προπεμφθέντες
662 1161 818 1223 κοινῇ
850 1150 951 1222 μὲν
974 1153 1081 1205 ὑπὸ
1113 1160 1207 1220 τῆς
1237 1154 1463 1220 πόλεως,
1498 1153 1612 1223 ἰδίᾳ
1639 1148 1699 1204 δὲ
1726 1151 1834 1204 ὑπὸ
1861 1170 1902 1201 10

157 1250 267 1293 τῶν
299 1239 552 1292 οἰκείων.’
615 1240 675 1293 ἐν
706 1243 810 1310 γὰρ
843 1242 1130 1312 τῷπάντα
1160 1242 1226 1293 τὰ
1263 1242 1611 1310 προσήκοντα
1643 1241 1836 1308 σφίσιν

70 1342 182 1382 1029
216 1328 404 1391 αὐτοῖς
449 1330 595 1397 ἔχειν
640 1331 770 1391 τοὺς
822 1326 1224 1399 θαπτοξμένους
1278 1329 1409 1397 ἐνῆν
1454 1327 1544 1381 καὶ
1589 1330 1649 1381 τὸ
1704 1346 1837 1398 προ-

155 1422 480 1486 πεμφθῆναι
527 1418 592 1469 τά
640 1415 842 1486 σώματ’
882 1417 1065 1470 αὐτῶν
1104 1416 1191 1469 ε’πὶ
1238 1418 1334 1480 τὰς
1378 1419 1555 1486 ταφὰς
1601 1418 1837 1487 δημοσίᾳ

154 1525 212 1558 τε
257 1503 346 1557 καὶ
396 1506 523 1576 ἰδίᾳ.
600 1506 737 1558 ὥστε
784 1505 959 1574 <οὐκ>
1007 1505 1309 1573 ἀναγκαῖον
1354 1501 1423 1573 ἦν
1465 1507 1632 1558 πάλιν
1670 1503 1836 1557 ταύτὸ

156 1591 363 1661 λέγειν·
425 1594 472 1646 εἰ
533 1594 605 1662 μὴ
666 1595 959 1664 κράτιστον
1013 1593 1342 1662 <ἁπάντων>
1396 1603 1507 1646 τῶν
1559 1592 1684 1663 περὶ
1741 1594 1837 1655 τὰς
1860 1611 1903 1643 15

156 1683 332 1750 ταφὰς
370 1684 619 1752 νομίμων
649 1689 813 1735 τοῦτο
842 1682 1230 1751 ὑπελάμβανεν
1261 1682 1289 1735 ὁ
1322 1682 1461 1752 ἀνὴρ
1499 1677 1657 1750 εἶναι,
1696 1681 1836 1750 λέγω

159 1770 226 1838 δὴ
274 1771 333 1823 τὸ
380 1779 636 1839 παρεῖναι
681 1773 923 1833 πολλοὺς
972 1780 1090 1834 ταῖς
1137 1770 1472 1841 ἐκκομιδαῖς,
1526 1769 1616 1823 καὶ
1664 1767 1838 1824 οὐθὲν

159 1859 365 1911 ἄτοπον
405 1857 581 1911 ἐδόκει
625 1867 807 1912 ποιεῖν
845 1861 1269 1930 συμπεριλαβών
1307 1880 1365 1913 τε
1404 1859 1536 1912 αὐτὸ
1584 1867 1699 1921 τοῖς
1745 1860 1840 1912 ἄλ-

159 1950 278 2008 λοις
315 1943 405 1998 καὶ
445 1944 611 2015 χωρὶς
647 1943 786 2017 ὑπὲρ
820 1947 990 2001 αὐτοῦ
1022 1950 1198 2016 μόνου
1230 1947 1419 2016 λέγων.
1480 1949 1702 2016 ἠλίθιος
1733 1949 1838 2018 ἄρα

159 2054 241 2096 τις
280 2030 365 2102 ἦν,
406 2035 453 2087 εῑ
488 2042 686 2087 τοῦτον
719 2034 895 2088 ἐδόκει
926 2045 1041 2098 τοῖς
1071 2039 1422 2105 τελευτήσασι
1455 2038 1838 2107 λαμπρότατον
1862 2053 1904 2085 20

160 2119 302 2175 εἶναι
348 2131 460 2175 τῶν
505 2124 742 2191 κόσμων,
789 2116 871 2186 οἷς
916 2123 948 2192 ἡ
995 2126 1154 2187 πόλις
1201 2124 1403 2187 αὐτοὺς
1442 2124 1670 2193 ἐκόσμει.
1747 2125 1839 2177 ἵνα

160 2213 264 2282 γὰρ
305 2210 427 2280 ἀφῶ
466 2211 643 2263 πάντα
682 2212 746 2263 τὰ
786 2213 948 2280 ἄλλα,
995 2214 1054 2265 τὸ
1096 2214 1330 2283 δημοσίᾳ
1368 2218 1839 2282 γηροτροφεῖσθαι

279 2361 306 2399 4
337 2355 582 2399 Menexeni
615 2360 699 2398 236
709 2355 732 2383 ‘¹

279 2493 301 2532 1
337 2488 394 2545 δὴ
426 2489 502 2531 Pv
593 2493 618 2531 6
653 2485 934 2545 εἱμαρμένην
966 2489 1143 2534 MBPv
1238 2493 1261 2532 7
1293 2489 1463 2541 κάλους
1494 2490 1542 2533 Μ
1637 2495 1662 2533 8
1694 2490 1838 2546 ἅρμο-

158 2545 263 2598 νίας
293 2547 330 2590 Β
424 2551 449 2590 9
480 2546 533 2591 τό
569 2547 664 2590 add
698 2548 873 2591 Usener
965 2553 1016 2591 11
1049 2547 1109 2591 τὰ
1140 2562 1215 2591 om
1245 2549 1282 2591 B
1376 2554 1429 2593 12
1462 2550 1569 2600 τοὺς
1600 2548 1651 2592 in
1682 2548 1836 2606 spatio

157 2606 266 2650 vm
302 2605 383 2649 litt
422 2605 560 2662 suppl
590 2605 662 2648 M²
693 2621 768 2650 om
802 2620 906 2650 cum
943 2606 1017 2650 lac
1048 2607 1111 2651 IV
1142 2606 1223 2651 litt
1253 2608 1336 2651 BP
1379 2611 1384 2665 Ι
1427 2614 1760 2665 προπεμφῆναι
1790 2608 1839 2650 Μ

278 2669 332 2708 13
366 2662 539 2721 σώματ’
566 2666 719 2709 αὐτῶν
744 2665 812 2710 M:
854 2666 1038 2722 σώματα
1076 2674 1168 2711 τῶν
1198 2666 1282 2710 ΡΒ
1404 2672 1460 2711 14
1498 2667 1572 2711 lac
1596 2667 1660 2711 IV
1690 2666 1782 2710 litt.
1800 2667 1838 2709 B

160 2723 291 2767 nulla
314 2723 365 2767 in
388 2724 502 2769 MP:
533 2724 668 2781 suppl
694 2724 968 2780 Sylburgius
1003 2726 1010 2782 Ι
1043 2725 1646 2784 ἀναγκαῖον-κράτιστον]
1679 2743 1708 2769 α
1735 2740 1840 2769 cum

163 2782 316 2838 spatio
340 2782 405 2826 VI
442 2782 523 2826 litt
552 2783 600 2826 M
632 2786 787 2827 cetera
819 2783 1039 2828 omittens
1160 2790 1214 2828 15
1247 2784 1468 2830 ἁπάντων
1491 2785 1640 2829 Ἧὶοΐιε
1680 2784 1754 2828 lac
1775 2784 1839 2827 VI

163 2840 242 2884 litt
272 2841 323 2898 B,
364 2841 406 2884 X
436 2841 532 2886 fere
563 2842 599 2885 Ρ
781 2848 832 2886 17
867 2840 919 2886 δὲ
958 2842 1139 2900 Kn‘iger
1310 2849 1365 2888 18
1398 2844 1737 2901 συμπεριλαβον
1769 2843 1838 2884 Μ1

282 2904 337 2943 19
369 2898 755 2956 ἠλίθιος-τελευ
787 2901 955 2945 desunt
984 2901 1034 2945 in
1061 2902 1112 2958 B,
1146 2903 1226 2959 qui
1259 2903 1427 2947 deinde
1458 2903 1509 2947 τὸ
1542 2917 1663 2947 σαισι
1693 2902 1838 2944 habet

162 2971 246 3059 pgo
285 2958 446 3032 τῄσασι
573 2964 630 3003 20
667 2967 763 3011 τοῖς
802 2974 876 3004 om
907 2961 981 3004 Pv
1100 2966 1154 3005 21
1195 2970 1285 3007 τῶν
1324 2962 1506 3018 κόσμων
1542 2959 1836 3017 Sylburgius:

164 3031 189 3058 τ
218 3033 244 3060 ν
276 3031 447 3074 κοσμον
