2004 3202
763 146 1187 191 ΔΗΜΟΣΘΕΝΗΣ
1703 145 1808 197 217

136 286 273 338 κατά
317 304 440 337 τινα
486 285 752 352 φιλότητα
799 282 1042 351 φυσικὴν
1089 281 1496 350 συζευγνύμενα
1542 280 1810 348 ἀλλήλοις.

138 372 192 438 ἐξ
225 369 303 426 ὧν
331 372 365 441 ἡ
396 373 655 442 περίοδος
686 371 1040 439 συνέστηκεν·
1084 366 1251 423 οὐδὲν
1281 370 1386 438 γὰρ
1417 368 1517 433 ἔξω
1549 370 1812 439 περιόδου

138 465 482 530 συντίθησιν.
540 462 620 512 ἔτι
658 470 770 512 τῶν
809 460 1059 529 ῥυθμῶν,
1097 459 1175 520 εἰς
1214 457 1277 520 ἃς
1315 455 1685 538 διαστέλλεται
1722 474 1813 509 πε-

139 551 385 619 ριόδους,
447 549 514 602 οὐ
568 551 697 611 τοὺς
750 547 1145 617 ἀξιωματικοὺς
1196 547 1452 615 βούλεται
1514 547 1815 615 λαμβάνειν

139 638 276 691 ἀλλὰ
315 640 444 700 τοὺς
482 638 883 707 χαριεστάτους.
946 636 1247 705 εὐκόρυφοι
1283 637 1351 704 δὴ
1388 638 1682 704 φαίνονται
1722 633 1812 687 καὶ

138 727 440 796 εὔγραμμοι
481 728 574 779 διὰ
613 734 775 779 τοῦτο
814 723 904 778 καὶ
945 726 1022 786 εἰς
1061 723 1230 794 ἕδραν
1260 723 1477 793 ἀσφαλῆ
1509 729 1814 778 τελευτῶσι.

136 824 248 867 τῶν
279 811 340 867 δὲ
380 815 669 884 σχημάτων
708 815 895 866 διώκει
933 814 998 865 τὰ
1037 814 1429 880 κινητικώτατα
1467 822 1579 865 τῶν
1610 814 1813 882 ὄχλων·

136 906 526 967 καλλωπίζεται
567 905 670 973 γὰρ
711 901 800 955 καὶ
840 900 1038 969 τέθηλε
1077 902 1310 969 τούτοις,
1350 901 1419 954 ἂν
1450 903 1575 972 ἄχρι
1610 909 1710 954 τοῦ
1741 901 1812 969 μὴ

138 997 377 1060 λυπῆσαι
415 993 511 1053 τὰς
542 990 709 1052 ἀκοὰς
738 993 1049 1059 προβαίνοι,
1089 985 1168 1041 ὧν
1207 987 1348 1041 εἰσὶν
1387 990 1448 1041 αἵ
1480 1009 1538 1042 τε
1575 989 1815 1059 παρισώ-

139 1095 251 1143 σεις
290 1079 379 1133 καὶ
418 1079 819 1149 παρομοιώσεις
857 1077 947 1130 καὶ
987 1076 1296 1140 ἀντιθέσεις
1333 1077 1422 1130 καὶ
1462 1079 1527 1130 τὰ
1565 1097 1814 1148 παρωνο-

139 1167 385 1237 μασμένα
424 1169 489 1220 τά
535 1187 591 1220 τε
639 1165 1072 1235 ἀντιστρέφοντα
1116 1165 1207 1218 καὶ
1253 1168 1318 1219 τὰ
1366 1166 1816 1236 ἐπαναφερόμενα

53 1269 166 1308 1079
200 1255 288 1308 καὶ
344 1258 481 1309 ἄλλα
533 1258 711 1309 πολλὰ
763 1263 989 1308 τοιαῦτα
1047 1256 1052 1322 Ι
1108 1263 1391 1323 ποιητικῆς
1444 1253 1534 1307 καὶ
1594 1259 1815 1324 μελικῆς

139 1344 331 1408 λέξεως
378 1346 599 1414 ὄργανα.
677 1344 902 1396 τοιαῦτά
954 1344 1078 1396 τινά
1132 1364 1226 1412 μοι
1279 1342 1368 1396 καὶ
1422 1344 1622 1412 ταύτης
1675 1340 1815 1396 εἶναι

139 1435 393 1501 φαίνεται
431 1434 889 1503 χαρακτηριστικὰ
929 1439 1024 1499 τῆς
1063 1432 1341 1501 ἁρμονίας.
1405 1434 1816 1502 παραδείγματα

140 1519 188 1574 δ’
213 1521 380 1589 αὐτῆς
408 1529 671 1590 ποιοῦμαι
702 1529 946 1588 ποιητῶν
972 1517 1074 1588 μὲν
1097 1519 1361 1573 (Ησίοδόν
1392 1541 1448 1573 τε
1479 1520 1570 1573 καὶ
1599 1522 1815 1590 Σαπφὼ

138 1609 228 1662 καὶ
267 1608 654 1679 Ἀνακρέοντα,
701 1618 812 1661 τῶν
850 1605 910 1661 δὲ
948 1611 1076 1678 πεζῆ
1117 1608 1255 1672 λέξει
1295 1609 1653 1679 χρησαμένων
1683 1609 1816 1662 Ἰσο-

139 1699 344 1768 κράτην
382 1718 438 1751 τε
477 1699 574 1750 τὸν
612 1697 914 1766 Ἀθηναῖον
951 1695 1043 1750 καὶ
1089 1699 1218 1759 τοὺς
1258 1697 1446 1770 ἐκείνῳ
1485 1699 1818 1767 πλησιάσαν-

139 1806 248 1848 τας.
311 1792 554 1855 εἶρηνται
593 1783 694 1855 μὲν
726 1782 829 1839 οὖν
866 1784 958 1838 καὶ
996 1788 1268 1856 πρότερον
1303 1788 1406 1855 ἤδη
1447 1786 1617 1851 λέξεις
1655 1787 1817 1854 τινές,

141 1874 203 1927 ἐν
234 1867 320 1937 αἷς
357 1876 455 1927 τὸν
486 1875 618 1927 ὅλον
656 1881 968 1944 χαρακτῆρα
1007 1874 1179 1927 αὐτοῦ
1219 1882 1313 1943 τῆς
1351 1874 1544 1939 λέξεως
1581 1876 1817 1946 ὑπέγρα-

142 1983 270 2031 φον,
303 1962 356 2027 ἐξ
389 1959 468 2015 ὧν
498 1961 587 2015 καὶ
627 1964 691 2015 τὰ
722 1961 848 2031 περὶ
880 1963 981 2030 τὴν
1016 1964 1301 2030 σύνθεσιν,
1335 1965 1382 2016 εἰ
1414 1967 1639 2017 τοιαῦτά
1670 1964 1819 2018 ἐστιν

142 2045 232 2104 οἶα
271 2051 501 2120 λέγομεν
538 2050 709 2119 ἡμεῖς,
749 2050 815 2103 οὐ
854 2055 1100 2119 χαλεπῶς
1131 2053 1201 2104 ἄν
1231 2072 1313 2114 τις
1346 2053 1470 2105 ἴδοι.
1529 2054 1621 2120 ἵνα
1654 2051 1714 2106 δὲ
1745 2055 1817 2122 μὴ

142 2140 387 2208 δόξωμεν
425 2142 655 2208 διαρτᾶν
694 2140 789 2200 τὰς
833 2138 1191 2205 ἀκολουθίας,
1239 2142 1367 2202 τοὺς
1413 2140 1818 2207 ἀναγινώσκον-

141 2248 236 2291 τας
269 2227 356 2281 ἐπὶ
388 2229 453 2280 τὰ
487 2227 547 2279 ἐν
570 2226 761 2295 ἀρχαῖς
790 2226 1032 2296 ρ”ηθέντα
1063 2230 1474 2297 παραδείγματα
1504 2230 1819 2291 κελεύοντες

142 2315 524 2385 ἀναστρέφειν,
557 2313 920 2383 λαμβανέσθω
954 2314 1239 2369 κάνταῦθα
1273 2315 1329 2368 ἐκ
1360 2326 1470 2369 τῶν
1501 2321 1819 2387 Πανηγυρι-

142 2414 254 2457 κῶν
286 2403 458 2456 αὐτοῦ
493 2406 671 2470 λόγων
703 2402 844 2466 λέξις
869 2403 936 2455 οὐ
959 2405 1171 2472 πολλὴν
1199 2406 1489 2475 διατριβὴν
1511 2405 1818 2475 παρέξουσα

260 2538 286 2576 3
312 2532 586 2589 συντίθησιν
603 2533 678 2576 ἐπὶ
702 2540 792 2576 τῶν
810 2530 1017 2588 ῥυθμῶν.
1053 2533 1117 2584 εἰς
1133 2532 1189 2584 ἃς
1209 2532 1260 2578 δὲ
1279 2533 1603 2579 ἀποστέλλεται
1618 2536 1666 2578 M
1675 2536 1757 2579 BP
1766 2551 1816 2580 v:

141 2591 450 2637 διαστέλλεται
487 2593 693 2636 medium
724 2594 815 2646 est,
849 2592 930 2635 sed
963 2591 1027 2642 εἰς
1064 2591 1121 2643 ἃς
1150 2594 1210 2650 δὴ
1242 2594 1530 2639 ἀποτελεῖται
1560 2610 1606 2639 π.
1639 2595 1819 2639 mauolt

140 2652 317 2696 Usener
429 2657 454 2696 5
487 2650 602 2695 ἀλλὰ
639 2651 746 2701 τοὺς
783 2667 933 2707 χαρακ
965 2650 1080 2695 ἀλλὰ
1110 2653 1218 2703 τοὺς
1240 2654 1291 2709 Ρ,
1331 2654 1413 2698 sed
1441 2654 1610 2698 uitium
1645 2653 1819 2698 lineola

142 2710 326 2755 tollitur
353 2713 358 2767 1
387 2710 465 2768 δὴ]
499 2709 550 2754 δὲ
576 2710 612 2752 Β
690 2715 715 2754 6
747 2709 841 2753 fort
873 2710 1195 2767 εὐθύγραμμοι
1219 2712 1394 2757 Usener
1479 2719 1502 2757 7
1537 2714 1694 2757 διώκει
1720 2713 1818 2769 Syl-

144 2769 357 2826 burgius:
391 2771 466 2813 δεῖ
494 2771 681 2814 διώκειν
706 2769 752 2811 Μ
800 2769 1059 2814 δειδιώκειν
1082 2770 1165 2813 ΒΡ
1256 2776 1281 2814 8
1313 2771 1393 2830 ἃν]
1427 2772 1449 2815 ε’
1473 2771 1587 2816 ἃνΒ
1620 2771 1703 2816 ἐὰν
1726 2771 1819 2814 ΜΡ

88 2875 106 2886 ,
145 2825 204 2872 ἂν
234 2844 263 2872 v
377 2832 402 2871 9
435 2826 668 2887 προβαίνῃ
700 2827 860 2871 MBP:
894 2841 996 2871 corr
1025 2829 1200 2874 Usener
1227 2833 1234 2886 Ι
1262 2826 1325 2875 ὧν
1356 2831 1631 2875 Holwellus:
1665 2832 1725 2881 ὡς

147 2891 202 2930 12
224 2887 672 2944 τοιαῦτα-ὄργανα
697 2901 772 2930 om
789 2887 862 2929 Pv
941 2891 995 2930 14
1018 2887 1160 2932 immo
1183 2889 1501 2946 χαρακτηρικὰ
1587 2895 1640 2933 17
1665 2888 1712 2933 τὲ
1737 2889 1818 2931 τὸν

50 2927 59 2935 “
144 2944 218 2988 bis
241 2945 279 2988 B
364 2950 418 2990 18
450 2947 528 2990 καὶ
562 2961 636 2990 om
661 2947 733 2989 Pv
826 2950 882 2989 20
914 2945 963 2989 εἴ
984 2963 1056 2990 τοι
1088 2947 1207 2992 αὐτὰ
1230 2948 1268 2991 Β
1360 2955 1414 2991 25
1447 2947 1569 3002 λέξιν
1592 2949 1628 2991 Ρ

1839 1096 1880 1128 10

1843 1539 1884 1572 15

1842 1984 1884 2015 20

1843 2424 1884 2457 25
