2004 3202
868 137 1078 179 muoz
1711 136 1814 189 101

133 287 300 341 φασις
353 270 567 339 λέγεται
620 270 1082 340 ἀνεπιτηδεύτως·
1145 268 1286 339 ’ἐμοὶ
1340 270 1474 340 γάρ,
1529 267 1572 323 ὦ
1619 273 1818 341 ἄνδρες

132 361 411 427 δικασταί,
450 358 604 423 ξένος
642 355 713 427 ἧν
741 359 1130 428 Κηφισόδοτος
1168 357 1198 412 ὁ
1236 358 1439 411 τούτου
1476 360 1680 429 πατήρ,
1726 358 1819 412 καὶ

132 449 222 502 ὅτε
261 447 585 517 ἐφεύγομεν,
625 447 687 500 έν
728 450 937 516 Θήβαις
974 445 1104 518 παρ’
1145 446 1335 518 ἐκείνῳ
1373 449 1690 516 κατηγόμην
1726 445 1819 500 καὶ

132 537 237 605 ἐγὼ
275 535 366 590 καὶ
398 538 564 599 ἄλλος
586 535 903 605 Ἀθηναίων
933 536 962 590 ὁ
994 536 1366 605 βουλόμενος.’
1418 534 1610 604 ,ἡδέως
1638 555 1698 589 τε
1726 534 1818 589 καὶ

130 626 501 696 ἀφοριστικῶς
538 627 604 678 τὰ
636 627 770 694 μετά
800 633 972 678 ταῦτα
1005 624 1336 678 ἐπιτίθεται·
1376 623 1487 677 (καὶ
1517 626 1697 678 πολλὰ
1725 623 1818 677 καὶ
1862 644 1884 676 5

131 715 317 783 ἀγαθὰ
354 714 444 768 καὶ
487 715 603 785 ἰδίᾳ
652 712 743 767 καὶ
783 715 1021 785 δημοσίᾳ
1064 716 1341 776 παθόντες
1384 712 1481 767 ὑπ’
1520 713 1695 766 αὐτοῦ
1741 715 1819 776 εἰς

129 805 233 873 τὴν
269 803 540 874 ἡμετέραν
578 803 763 856 αὐτῶν
800 802 1184 872 κατήλθομεν.’
1251 804 1400 872 παρὰ
1440 799 1502 856 δὲ
1534 809 1612 874 τῷ
1636 800 1818 873 Ἰσαίῳ

128 891 438 964 πέφρασται
487 894 911 961 περιεργότερον
963 890 1054 944 καὶ
1102 891 1169 944 οὐ
1214 893 1430 961 μακρὰν
1483 889 1670 959 ἀπέχει
1723 897 1818 958 τῆς

129 981 535 1051 Δημοσθένους
573 988 931 1049 κατασκευῆς·
975 981 1461 1051 ετριηραρχοῦντος
1496 981 1603 1049 γάρ
1641 979 1818 1048 <μου>

130 1070 216 1123 ἐπὶ
266 1071 663 1140 Κηφισοδότου
708 1071 973 1140 ἄρχοντος
1018 1067 1110 1122 καὶ
1155 1071 1327 1137 λόγου
1373 1067 1818 1136 ἀπαγγελθέντος
1844 1089 1884 1120 ιο

127 1160 266 1228 πρὸς
306 1161 436 1221 τοὺς
475 1159 738 1225 οἰκείους,
792 1159 865 1220 ὡς
904 1159 1010 1227 ἄρα
1056 1158 1448 1226 τετελευτηκὼς
1493 1162 1615 1226 εἴην
1653 1156 1715 1210 ἐν
1752 1164 1815 1227 τῇ

129 1251 431 1318 ναυμαχίᾳ,
494 1248 662 1315 οὔσης
715 1267 808 1315 μοι
860 1248 1325 1315 παρακαταθήκης
1377 1244 1506 1315 παρ’
1562 1245 1817 1315 Εὐμάθει

38 1348 124 1387 598
150 1337 361 1408 τούτῳ.’
429 1338 492 1388 τό
530 1355 588 1388 τε
626 1337 732 1404 γὰρ
768 1335 774 1403 Ι
817 1338 989 1402 λόγου
1027 1334 1475 1403 ἀπαγγελθέντος
1511 1334 1603 1387 καὶ
1642 1335 1703 1388 τὸ
1743 1335 1817 1398 ὡς

124 1426 231 1494 ἄρα
268 1425 661 1493 τετελευτηκὼς
711 1429 832 1492 εἴην
876 1422 966 1476 καὶ
1013 1425 1075 1476 τὸ
1123 1425 1291 1492 οὔσης
1338 1422 1458 1492 ἐμοὶ
1505 1442 1815 1493 παρακατα-

124 1516 300 1581 θήκης
339 1511 441 1566 οὐκ
479 1511 550 1564 ἂν
588 1514 763 1581 φαίην
802 1514 973 1579 ἔγωγε
1004 1511 1222 1580 ἀφελῶς
1254 1514 1526 1582 εἰρῆσθαι.
1593 1511 1818 1574 ἐκείνως
1839 1531 1883 1564 15

124 1603 229 1671 γὰρ
269 1603 538 1670 λεγόμενα
576 1605 789 1670 μᾶλλον
826 1600 1086 1669 ἀποίητα·
1126 1601 1235 1654 (ὅτε
1274 1602 1378 1670 γὰρ
1416 1600 1816 1671 ἐτριηράρχουν

123 1689 213 1743 καὶ
253 1690 532 1759 ἀπηγγέλη
572 1699 688 1752 τοῖς
727 1689 948 1757 ἐνθάδε,
988 1690 1062 1752 ὡς
1101 1689 1208 1759 ἄρα
1247 1690 1639 1758 τετελευτηκὼς
1678 1693 1816 1757 εἴην,

124 1781 266 1847 ἔχων
302 1799 412 1847 μου
449 1780 919 1848 παρακαταθήκην
958 1778 1230 1848 Εὐμάθης
1269 1779 1495 1831 οὑτοσί.’

234 1866 325 1919 καὶ
364 1869 429 1920 τὰ
468 1870 634 1921 λοιπὰ
673 1865 735 1920 δὲ
774 1877 885 1920 τῶν
922 1871 1233 1937 προοιμίων
1278 1867 1414 1937 μέρη
1461 1866 1591 1937 παρ’
1633 1860 1676 1939 ᾧ
1714 1864 1816 1936 μὲν
1842 1875 1874 1927 8

125 1954 494 2025 ἀφελέστερον
525 1958 595 2008 ἄν
625 1977 709 2018 τις
739 1956 894 2026 εὕροι
930 1958 1215 2025 λεγόμενα,
1246 1955 1377 2026 παρ’
1419 1949 1462 2028 ᾧ
1493 1953 1555 2008 δὲ
1595 1956 1813 2026 ρητορι-
1837 1976 1882 2009 20

124 2045 379 2113 κώτερον.
450 2043 511 2096 ἐν
551 2042 715 2116 ἑτέρῳ
755 2041 816 2096 δὲ
856 2044 1028 2112 ἀγῶνι
1066 2045 1237 2098 πάλιν
1272 2044 1301 2098 ὁ
1333 2042 1436 2114 μὲν
1466 2043 1665 2107 Ἰσαῖος
1698 2045 1813 2098 ἐπι-

124 2134 307 2203 τρόπῳ
331 2130 441 2184 τινὶ
468 2131 736 2196 συντάξας
760 2132 1064 2201 ἀπολογίαν
1087 2133 1194 2186 ὑπὸ
1213 2141 1312 2185 τοῦ
1332 2134 1481 2186 ἰδίου
1505 2133 1812 2203 ἀδελφιδοῦ

123 2219 431 2292 κρινομένῳ
480 2221 704 2291 τοιαύτῃ
751 2220 1006 2290 κέχρηται
1047 2223 1184 2291 <τῇ>
1224 2221 1390 2291 ἀρχῇ·
1438 2220 1812 2292 εἘβουλόμην

242 2356 297 2395 23
331 2350 452 2395 Isaei
484 2352 526 2394 fr
550 2351 591 2393 X
618 2355 639 2394 1
668 2351 698 2394 S

241 2474 268 2513 5
299 2468 433 2527 μετὰ]
473 2466 559 2524 μὲν
582 2469 618 2512 Ρ
741 2473 765 2511 7
797 2469 1069 2525 κατήθομεν
1102 2470 1136 2513 F
1147 2470 1160 2495 ¹
1275 2475 1331 2514 10
1362 2471 1689 2527 κηφισοδώρου
1723 2471 1781 2514 F¹

123 2527 506 2586 ἀπαγγελθόντος
527 2529 621 2571 MP
715 2533 766 2571 11
802 2526 1002 2579 οἰκείους
1026 2528 1061 2571 F
1108 2529 1191 2573 sed
1223 2528 1341 2574 οἰκεί
1372 2530 1422 2573 in
1444 2545 1520 2574 ras
1546 2531 1614 2573 m¹
1642 2532 1647 2587 Ι
1677 2530 1747 2587 εἴη

243 2592 298 2631 13
330 2588 495 2647 τούτῳ]
526 2588 608 2632 τοὺ
631 2589 805 2654 postea·
822 2587 916 2630 add
940 2587 999 2630 F¹
1026 2590 1031 2645 Ι
1058 2587 1111 2632 τὸ
1134 2591 1244 2645 post
1265 2589 1346 2633 καὶ
1370 2603 1446 2633 om
1472 2590 1506 2632 F
1571 2594 1624 2633 14
1656 2605 1808 2645 παρα-

123 2646 340 2703 καθήκης
362 2646 413 2702 F,
438 2660 541 2690 corr
563 2662 610 2690 m
632 2645 955 2690 recentissima
1040 2651 1094 2691 15
1120 2646 1302 2692 ἐκείνωι
1324 2648 1359 2691 F
1450 2653 1504 2691 17
1528 2647 1806 2706 ἀπηγγέλ[η]

123 2703 158 2746 F
190 2719 296 2748 cum
326 2719 403 2749 ras
457 2703 692 2763 ἀπηγγέλῃ
718 2706 754 2749 Ρ
847 2710 901 2748 19
933 2703 1083 2761 μὲν-
1093 2705 1208 2762 παρ’
1240 2701 1276 2765 ᾧ
1308 2721 1383 2751 om
1414 2707 1463 2750 in
1490 2707 1539 2751 M
1571 2708 1810 2751 adduntur

123 2762 173 2806 in
202 2779 283 2821 mg
314 2764 549 2820 superiore
670 2770 725 2807 21
759 2762 810 2807 δὲ
843 2764 1081 2810 Reiskius:
1115 2763 1163 2810 τὲ
1195 2766 1244 2809 Μ
1291 2782 1340 2810 τε
1370 2766 1498 2810 FBP
1612 2771 1668 2809 22
1701 2782 1808 2810 συν-

123 2820 264 2875 τάξας
293 2822 330 2866 F
362 2837 467 2866 cum
497 2838 573 2867 ras
603 2826 712 2880 post
744 2841 777 2874 ς.
832 2826 1044 2879 praestat
1075 2828 1159 2869 aut
1197 2824 1541 2881 συνταξάμενος
1579 2828 1663 2869 aut
1702 2840 1807 2880 συγ-

124 2879 310 2936 γράψας
329 2883 334 2937 1
355 2882 445 2926 ὑπὸ
462 2890 553 2927 τῶν
571 2881 703 2926 ἰδίων
720 2883 938 2938 ἀδελφῶν
955 2882 1049 2927 ΡΜ
1057 2883 1140 2927 ΒΡ
1172 2884 1440 2940 ἀδελφιδῶν
1458 2884 1534 2928 uel
1551 2885 1810 2939 ἀδελφιδοῦ

124 2953 203 2995 mg
233 2939 372 2986 Bodl:
412 2955 515 2985 corr
544 2942 808 2986 Buermann
929 2946 984 2985 23
1023 2950 1079 3000 τῇ
1118 2943 1214 2986 add
1246 2943 1456 2987 Sadaeus
1502 2946 1506 3000 Ι
1556 2942 1812 3001 ἐβουλόμην
