2004 3202
783 167 1205 211 ΔΗΜΟΣΘΕΝΗΣ
1726 166 1831 219 197

155 306 441 373 θυμότατα
472 301 827 371 ἀπαγγε’λλω.’
879 301 1015 371 αὕτη
1048 302 1200 355 δοκεῖ
1228 301 1491 354 κάλλιστα
1522 303 1666 370 ἔχειν
1683 303 1834 355 Πλά-

156 413 290 446 τωνι
326 392 359 461 ἡ
391 390 535 456 λέξις
565 391 627 444 έν
657 392 832 463 τούτῳ
864 398 940 463 τῷ
972 393 1132 463 λόγῳ.
1187 391 1297 459 ἔχει
1335 388 1522 459 μέντοι
1561 391 1628 442 τὰ
1664 393 1832 443 πλείω

155 486 332 543 καλῶς
374 478 467 552 (οὐ
506 481 610 550 γὰρ
651 481 802 534 δοκεῖ
839 477 1197 550 ψεύδεσθαι),
1243 479 1388 546 πλὴν
1427 479 1510 531 ὅτι
1548 481 1835 532 πολιτικόν

155 590 216 638 γε
254 571 315 623 τὸ
356 575 532 639 σχῆμα
571 568 738 637 αὐτῆς
778 568 944 637 ἐστιν,
983 568 1084 622 οὐκ
1124 557 1444 635 ἐναγώνιον.

267 657 838 728 ἀντιπαρεξετάσωμεν
870 654 974 711 οὖν
1003 658 1171 728 ταύτῃ
1203 654 1605 726 Δημοσθένους
1638 658 1835 725 λαβόν-
1853 654 1919 706 31

155 767 242 810 τες
280 746 430 811 λέξιν
462 746 520 799 ἐκ
558 756 658 800 τοῦ
695 744 834 817 ὑπὲρ
866 750 1264 815 Κτησιφῶντος
1303 748 1487 814 λόγου.
1549 747 1663 798 ἔστι
1696 743 1743 797 δ’
1768 744 1834 797 οὐ
1881 763 1900 793 6

154 836 493 906 παράκλησις
530 834 846 904 Ἀθηναίων
886 833 971 888 ἐπὶ
1019 836 1079 887 τὸ
1126 836 1297 887 καλὸν
1342 833 1433 887 καὶ
1479 835 1581 903 τὴν
1620 834 1836 904 ἀρετήν,

154 926 336 994 ὥσπερ
382 926 530 994 παρὰ
568 932 644 997 τῷ
684 925 969 991 Πλάτωνι,
1016 922 1133 977 ἀλλ’
1170 922 1442 992 ἐγκώμιον
1479 930 1574 992 τῆς
1610 925 1837 988 πόλεως,

157 1013 240 1066 ὅτι
285 1014 463 1066 πάντα
509 1014 720 1082 ἡγεῖται
759 1009 929 1066 τᾶλλα
969 1012 1170 1066 ἐλάττω
1210 1020 1368 1082 τιμῆς
1412 1011 1503 1065 καὶ
1543 1010 1727 1080 δόξης,
1774 1007 1838 1079 ἧς

70 1114 180 1154 1051
217 1100 467 1174 φέξρουσι
505 1101 665 1155 καλαὶ
703 1101 942 1171 πράξεις,
981 1101 1085 1154 κᾶν
1123 1103 1172 1154 εἰ
1210 1103 1283 1171 μή
1321 1121 1404 1163 τις
1443 1100 1611 1163 αὐτὰς
1648 1099 1838 1170 μέλλοι
1863 1118 1905 1149 10

156 1197 487 1261 κατορθοῦν.
565 1194 679 1244 ἔστι
726 1189 778 1243 δ’
816 1190 849 1258 ἡ
898 1189 1041 1254 λέξις
1086 1191 1210 1258 ἥδε·
1262 1189 1510 1258 εἘπειδὴ
1559 1186 1619 1242 δὲ
1664 1190 1839 1251 πολὺς

157 1287 271 1341 τοῖς
304 1281 710 1348 συμβεβηκόσιν
733 1281 987 1346 ἔγκειται,
1019 1278 1295 1347 βούλομαί
1323 1298 1374 1331 τι
1406 1276 1495 1330 καὶ
1526 1277 1840 1347 παράδοξον

157 1369 355 1435 εἰπεῖν,
409 1371 506 1420 καί
554 1388 687 1437 μου,
739 1368 877 1436 πρὸς
931 1368 1070 1429 Διὸς
1123 1365 1214 1419 καὶ
1267 1373 1442 1435 θεῶν,
1496 1364 1687 1435 μηδεὶς
1739 1366 1840 1434 τὴν

155 1456 471 1525 ὑπερβολὴν
508 1454 794 1525 θαυμάσῃ
829 1455 967 1509 ἀλλὰ
1005 1454 1120 1524 μετ’
1153 1455 1388 1521 εὐνοίας,
1430 1455 1462 1507 ἃ
1502 1454 1659 1523 λέγω,
1698 1461 1840 1508 θεω-

158 1545 387 1613 ρησάτω.
450 1545 498 1597 εἰ
536 1545 641 1614 γὰρ
673 1539 743 1612 ἧν
775 1545 943 1596 ἅπασι
982 1545 1232 1614 πρόδηλα
1270 1546 1336 1596 τὰ
1374 1543 1642 1613 μέλλοντα
1682 1545 1839 1612 γενή-
1863 1560 1905 1591 15

157 1639 353 1686 σεσθαι
399 1631 490 1685 καὶ
537 1631 851 1704 προῄδεσαν
890 1633 1124 1695 ἅπαντες
1169 1631 1259 1685 καὶ
1300 1634 1368 1684 σὺ
1407 1634 1707 1702 προῦλεγες
1748 1630 1839 1684 καὶ

157 1723 527 1792 διεμαρτύρου
581 1724 730 1790 βοῶν
782 1720 873 1774 καὶ
930 1722 1231 1791 κεκραγώς,
1287 1721 1346 1783 ὃς
1401 1720 1522 1774 οὐδ’
1571 1719 1840 1790 ἐφθέγξω,

158 1809 279 1863 οὐδ’
324 1810 497 1872 οὕτως
551 1809 888 1863 ἀποστατέον
940 1818 1004 1880 τῇ
1062 1812 1219 1863 πόλει
1273 1811 1486 1863 τούτων
1539 1806 1625 1878 ἦν,
1687 1814 1839 1878 εἴπερ

159 1890 319 1966 δόξης
351 1897 383 1966 ἢ
415 1901 708 1968 προγόνων
737 1898 771 1967 ἢ
803 1906 903 1952 τοῦ
942 1898 1238 1967 μέλλοντος
1270 1900 1469 1961 αἰῶνος
1508 1895 1618 1967 εἶχε
1657 1901 1841 1966 λόγον.

161 1988 267 2039 νῦν
305 1986 407 2055 μέν
444 2006 506 2053 γε
553 1985 847 2055 ἀποτυχεῖν
886 1988 1038 2040 δοκεῖ
1082 1997 1193 2040 τῶν
1230 1989 1583 2057 πραγμάτων,
1631 1987 1659 2040 ὃ
1705 1995 1838 2040 πᾶσι
1864 2004 1906 2035 ‘20

158 2076 352 2128 κοινόν
399 2074 550 2127 ἐστιν
595 2074 938 2144 ἀνθρώποις,
994 2076 1126 2129 ὅταν
1171 2082 1247 2147 τῷ
1293 2082 1410 2147 θεῷ
1463 2084 1633 2128 ταῦτα
1680 2077 1841 2146 δοκῇ·

159 2166 280 2217 τότε
328 2161 379 2216 δ’
413 2163 641 2227 ἀξιοῦσα
685 2164 1017 2232 προεστάναι
1063 2173 1174 2216 τῶν
1214 2163 1509 2232 Ἑλλήνων,
1557 2160 1672 2217 εἶτα
1710 2164 1842 2217 ἀπο-

162 2260 332 2305 στᾶσα
365 2252 581 2318 τούτου,
618 2254 874 2323 Φιλίππῳ
905 2251 1313 2321 προδεδωκέναι
1344 2253 1561 2315 πάντως
1593 2252 1662 2305 ἂν
1685 2255 1844 2321 ἔσχεν

283 2386 335 2426 11
368 2381 706 2426 Demosthenes
745 2380 850 2435 περὶ
883 2379 1117 2437 στεφάνου
1152 2387 1294 2426 199-
1300 2387 1383 2426 209

283 2504 306 2543 1
348 2498 543 2556 μάλιστα
581 2498 684 2554 ΡΒ,
726 2498 807 2542 sed
846 2513 926 2555 mg
968 2497 1158 2543 κάλιστα
1189 2499 1226 2542 Β
1270 2502 1276 2557 Ι
1320 2498 1514 2544 Πλάτων
1546 2501 1639 2543 ΜΡ
1681 2502 1686 2557 Ι
1735 2503 1842 2557 post

162 2557 358 2603 Πλάτων
389 2559 425 2602 Ρ
463 2558 628 2602 inserit
671 2555 885 2601 κάλλιστα
925 2556 1117 2613 μάλιστα
1159 2557 1278 2616 ἔχειν
1312 2558 1506 2604 Πλάτων
1538 2560 1566 2616 ἡ
1606 2558 1724 2613 λέξις

162 2622 188 2661 2
221 2615 349 2662 πλείο
381 2618 417 2661 Ρ
547 2622 572 2660 6
603 2614 719 2672 ὑπερ
754 2630 855 2660 corr
884 2616 954 2661 Μ·
994 2616 1114 2661 κατὰ
1145 2617 1308 2661 ΒΡΜ1
1436 2623 1462 2662 8
1502 2617 1671 2677 ὥσπερ]
1712 2619 1773 2669 ὡς
1803 2619 1840 2661 Β

282 2682 307 2720 9
339 2683 472 2733 τιμῆς
502 2675 641 2732 δόξης
671 2676 746 2719 Pv
869 2679 925 2718 10
955 2675 1127 2735 μέλλοι]
1168 2674 1304 2736 μέλλῃ
1336 2678 1514 2721 MBPv
1568 2692 1629 2721 an
1659 2676 1841 2734 μέλλει.)

164 2735 213 2779 cf
244 2749 276 2792 p
303 2741 418 2780 1060
562 2740 615 2778 11
649 2735 791 2785 πολὺς
822 2749 868 2777 m
898 2747 974 2778 rec
1006 2735 1075 2780 Μ.
1114 2739 1274 2788 πολοῖς
1304 2737 1341 2780 Β
1395 2739 1579 2787 πολλοῖς
1609 2738 1723 2780 M1P

165 2798 219 2838 15
265 2792 487 2851 γενέσθαι
526 2795 563 2837 Β
715 2799 768 2837 16
780 2793 1037 2866 προύλεγε
1076 2794 1158 2839 ΒΡ
1208 2798 1213 2854 Ι
1262 2798 1370 2852 post
1415 2796 1662 2853 προῦλεγες
1708 2795 1841 2839 addit

165 2812 352 2927 Αἰσχίνη
384 2869 414 2897 v
530 2859 583 2898 18
618 2852 744 2907 εἴπερ
778 2850 805 2908 ἢ
837 2852 916 2895 Dv
1031 2857 1085 2897 19
1123 2855 1225 2913 τοῦ]
1258 2862 1349 2899 ποῦ
1380 2855 1416 2898 Ρ
1430 2859 1485 2929 τ,Ι
1507 2855 1654 2912 λόγων
1686 2855 1723 2898 Β

166 2915 222 2954 20
252 2910 398 3013 yDPv
495 2916 548 2955 21
584 2912 868 2967 ἀνθρώπους
895 2911 943 2954 Μ
978 2914 984 2969 Ι
1018 2913 1151 2957 δοκεῖ
1177 2913 1215 2956 Β
1316 2919 1369 2957 22
1404 2910 1485 2958 εἶτ’
1515 2930 1543 2958 v
1635 2919 1689 2958 23
1722 2911 1839 2956 πάν-

163 2985 245 3020 τας
