2004 3202
1947 82 1965 116 ι,

203 158 311 211 332
627 161 967 206 ΔῙοΝΤΣιοΤ
999 159 1467 201 ΑΑΙΚΑΡΝΑΣΕΩΣ
1807 212 1811 214 ῃ
1925 0 1986 258 ,Ἴ

203 295 408 347 Λυδῶν
447 295 770 356 δυναστείας
809 293 966 363 μέχρι
1004 301 1103 346 τοῦ
1137 297 1417 363 Περσικοῦ
1447 292 1691 362 πολέμου
1730 312 1882 346 κατε-

202 385 395 451 βίβασε
441 383 541 450 τὴν
591 384 853 452 ἱστορίαν,
892 383 1067 444 πάσας
1106 383 1200 444 τὰς
1240 380 1300 434 ἐν
1337 390 1452 444 τοῖς
1489 383 1522 435 a}
1560 380 1650 434 καὶ
1698 383 1881 434 διακο-
1979 364 1985 469 Ι

203 473 345 532 σίοις
392 472 534 523 ἔτεσι
580 469 878 539 γενομένας
923 468 1144 539 πράξεις
1192 469 1476 538 ἐπιφανεῖς
1507 469 1785 539 Ἑλλήνων
1823 490 1880 523 τε
1980 542 1982 545 ¹

201 557 292 611 καὶ
324 560 618 628 βαρβάρων
653 560 657 627 Ι
692 565 791 628 μιᾷ
822 557 1074 622 συντάξει
1104 556 1460 629 περιλαβών),
1509 557 1600 610 καὶ
1631 566 1695 629 τῇ
1728 557 1867 622 λέξει
1884 574 1992 636 8213

158 664 180 697 5
202 646 592 717 προσαπέδωκε
630 648 725 709 τὰς
762 649 1234 716 παραλειφθείσας
1271 646 1379 699 ὑπὸ
1420 656 1531 699 τῶν
1564 648 1670 717 πρὸ
1711 646 1881 699 αὐτοῦ

209 735 574 805 συγγραφέων
613 734 820 805 ἀρετάς.
894 786 897 787 ⁷

171 824 203 875 6
326 824 551 884 Τούτοις
611 822 997 892 ἐπιγενόμενος
1056 824 1403 891 Θουκυδίδης
1457 823 1569 876 οὔτ’
1622 822 1704 892 ἐφ’
1761 822 1883 886 ἑνὸς

205 912 483 980 ἐβουλήθη
523 913 696 964 τόπου
733 912 1070 980 καθιδρῦσαι
1109 912 1210 980 τῆν
1252 912 1628 981 ῑστορίαν,·ὡς
1667 913 1720 965 οὶ
1758 911 1883 982 περὶ

202 1002 300 1052 τὸν
331 999 654 1053 Ἑλλάνικον
701 999 987 1068 ἐποίησαν,
1035 1000 1161 1052 οὔτε
1206 1001 1302 1062 τὰς
1351 998 1402 1064 ἐξ
1451 1000 1660 1069 ἁπάσης
1706 1001 1884 1071 χώρας
1981 987 1987 1050 Ι

139 1088 452 1157 1ο“Ἐλλησιν
490 1087 523 1156 ἢ
564 1089 864 1159 βαρβάροις
903 1087 1343 1150 ἐπιτελεσθείσας
1375 1087 1597 1158 πράξεις
1637 1090 1714 1151 εἰς
1752 1091 1886 1158 μίαν
1981 1049 1987 1153 Ι

205 1179 452 1247 ἱστορίαν
491 1186 842 1245 συναγαγεῖν,
882 1177 1254 1246 μιμησάμενος
1286 1175 1611 1246 (Ηρόδοτον
1658 1183 1752 1244 τῆς
1783 1174 1885 1246 μὲν
1984 1187 1985 1195 ’

201 1264 469 1335 προτέρας
499 1266 780 1336 ὑπεριδὼν
804 1266 876 1327 ὡς
901 1264 1156 1327 εὐτελοῦς
1186 1263 1277 1318 καὶ
1300 1272 1559 1333 ταπεινῆς
1589 1263 1680 1318 καὶ
1706 1266 1884 1318 πολλὰ

203 1354 269 1406 οὐ
318 1352 697 1423 δυνησομένης
743 1356 873 1416 τοὺς
919 1353 1398 1421 ἀναγινώσκοντας
1444 1354 1743 1422 ὠφελῆσαι·
1790 1360 1885 1420 τῆς

203 1441 250 1494 δ’
289 1441 519 1512 ὑστέρας
566 1443 638 1504 ὡς
688 1446 935 1511 μείζονος
964 1441 998 1509 ἢ
1031 1443 1269 1509 δυνατῆς
1307 1451 1494 1495 πεσεῖν
1534 1444 1610 1504 εἰς
1646 1442 1886 1505 σύνοψιν

137 1548 179 1581 15
204 1531 566 1601 ἀνθρωπίνου
598 1535 867 1599 λογισμοῦ
898 1530 1034 1581 κατὰ
1065 1530 1161 1582 τὸν
1193 1528 1582 1599 ἀκριβέστατον
1619 1538 1730 1582 τῶν
1761 1532 1885 1598 τρό-

202 1636 344 1672 πων·
384 1618 481 1671 ἔνα
514 1615 574 1670 δὲ
612 1618 1101 1687 προχειρισάμενος
1139 1620 1397 1686 πόλεμον,
1438 1617 1504 1670 ὃν
1544 1616 1885 1686 ἐπολέμησαν

196 1707 484 1775 Ἀθηναῖοι
529 1705 619 1758 καὶ
669 1707 1112 1773 Πελοποννήσιοι
1157 1707 1295 1776 πρὸς
1341 1705 1637 1774 ἀλλήλους,
1685 1713 1884 1758 τοῦτον

205 1795 544 1848 ἐσπούδασεν
598 1794 932 1864 ἀναγράψαι·
986 1793 1291 1864 ἐρρωμένος
1337 1813 1394 1847 τε
1439 1795 1500 1846 τὸ
1550 1804 1702 1863 σῶμα
1738 1795 1744 1863 Ι
1779 1793 1868 1847 καὶ
1886 1809 1970 1849 822

204 1885 304 1952 τὴν
344 1884 599 1936 διάνοιαν
644 1883 912 1950 ὑγιαίνων
962 1881 1053 1934 καὶ
1100 1882 1257 1952 μέχρι
1303 1884 1506 1945 παντὸς
1546 1882 1716 1936 αὐτοῦ
1755 1884 1884 1952 βιώ-
1980 1891 1982 1893 ’

139 1989 182 2021 20
205 1987 333 2040 σας,
380 1970 468 2024 καὶ
525 1971 625 2024 οὐκ
681 1970 738 2023 ἐκ
791 1980 901 2023 τῶν
955 1970 1325 2039 ἐπιτυχόντων
1379 1971 1736 2040 ἀκουσμάτων
1789 1972 1884 2033 τὰς

203 2060 424 2130 πράξεις
456 2063 756 2127 συντιθείς,
796 2057 910 2112 ἀλλ’
940 2052 1022 2121 οἷς
1054 2056 1154 2127 μὲν
1186 2059 1350 2121 αὐτὸς
1380 2067 1578 2129 παρῆν,
1620 2058 1671 2123 ἐξ
1706 2058 1883 2127 ἐμπει-

206 2153 350 2219 ριάς,
406 2145 484 2201 ὧν
539 2147 586 2200 δ’
634 2148 943 2216 ἀπελείφθη
1000 2148 1092 2199 διὰ
1149 2148 1249 2215 τὴν
1303 2149 1513 2215 φυγήν,
1574 2149 1721 2217 παρὰ
1774 2157 1884 2200 τῶν

205 2239 399 2307 ἄριστα
447 2238 834 2304 γινωσκόντων
880 2237 1317 2304 πυνθανόμενος.
1399 2245 1620 2305 πρῶτον
1669 2233 1769 2304 μὲν
1815 2236 1881 2303 δὴ

204 2326 340 2377 κατὰ
364 2333 526 2377 τοῦτο
560 2323 811 2392 διήλλαξε
843 2333 954 2376 τῶν
984 2325 1089 2393 πρὸ
1123 2323 1295 2376 αὐτοῦ
1328 2322 1711 2394 συγγραφέων,
1743 2322 1884 2391 λέγω

333 2489 354 2526 1
388 2490 579 2537 περικοῦ
612 2483 670 2525 Pl
805 2488 829 2526 2
862 2487 890 2526 κ
923 2482 1196 2539 Sylburgius
1237 2485 1284 2526 et
1324 2482 1531 2539 Scaliger
1569 2482 1802 2526 animadu.
1835 2482 1884 2525 in

216 2541 382 2585 Euseb.
400 2557 443 2597 p.
458 2546 570 2585 'wax
595 2541 937 2596 τεσσαράκοντα
955 2542 1085 2585 MPf.
1113 2542 1162 2584 cf
1179 2557 1210 2598 p
1229 2546 1325 2596 774,
1340 2542 1426 2585 1R.
1519 2546 1547 2584 4
1562 2542 1822 2599 περιλαβών
1844 2541 1883 2585 f:

211 2601 493 2658 παραλαβών
526 2599 618 2642 ΜΡ
750 2607 774 2643 5
807 2598 1128 2655 προσεπέδωκε
1158 2600 1310 2657 MPffl
1339 2599 1738 2656 παραλειφθείσας
1768 2600 1881 2644 MP:

213 2656 601 2714 παραληφθείσας
631 2658 653 2699 f
782 2663 804 2702 7
839 2659 942 2702 οὔτε
974 2659 1009 2702 Ρ
1153 2664 1206 2702 12
1241 2660 1448 2709 εὐτελοῦς
1478 2659 1525 2701 Μ
1554 2661 1558 2716 Ι
1586 2659 1806 2716 ταπεινῆς
1835 2658 1883 2700 Μ

205 2724 403 2773 ταπινῆς
434 2717 470 2759 Ρ
655 2722 709 2759 14
742 2715 786 2759 δ’
815 2717 928 2760 MP:
964 2715 1014 2761 δὲ
1048 2717 1097 2774 f}
1125 2715 1315 2773 ὑστέρας
1345 2719 1423 2762 P¹:
1455 2716 1696 2773 ὑστεραίας
1726 2717 1880 2760 MP'f.

206 2777 300 2820 fort
326 2773 480 2830 ἑτέρας
605 2780 656 2817 17
691 2775 898 2830 ἀλλήλοις
928 2791 951 2817 1·
1094 2782 1147 2820 18
1181 2776 1473 2820 ἐσπούδασαν
1504 2777 1563 2819 Pl
1685 2781 1738 2819 19
1770 2775 1884 2832 ὖμαι

208 2835 391 2891 μόνοις.
415 2871 422 2877 .
445 2870 451 2878 .
471 2832 737 2888 προαιρέσει
761 2832 1003 2889 τεγιαίνων
1021 2835 1056 2877 Ρ
1082 2835 1131 2878 ef
1150 2849 1268 2890 quae
1296 2835 1422 2878 dicta
1454 2837 1561 2878 sunt
1586 2836 1647 2878 ad
1669 2851 1699 2891 p
1717 2840 1815 2890 328,
1827 2839 1883 2877 24

356 2899 408 2936 21
444 2894 601 2943 αὐτοῖς
634 2893 692 2934 Ρ1
814 2896 867 2934 23
901 2892 1083 2950 ἄριστ[α
1115 2893 1453 2951 γ]ινωσκόντων
1484 2894 1532 2935 Μ
1573 2908 1676 2937 cum
1707 2893 1876 2950 litura!

208 2950 555 3010 γιγνωσκόντων
590 2951 659 2994 Pf
774 2955 828 2993 24
861 2948 973 3006 λέγω
999 2952 1056 3007 δὴ
1090 2953 1130 2994 ei
1163 2951 1470 3008 Kiesslingius
