2004 3202
222 124 326 177 162
645 125 984 168 ΔΙΟΝΤΣῙΟΤ
1014 125 1480 167 ΑΛΙΚΑΡΝΑΣΕῼΣ

218 260 448 322 τούτους
478 261 711 329 μάλιστα
743 258 1075 328 ἀποδέχομαι
1107 260 1235 321 τοὺς
1265 261 1606 328 πεφευγότας
1639 257 1897 330 ἑκατέρου

219 357 330 401 τῶν
367 351 722 419 χαρακτήρων
760 350 854 410 τὰς
892 348 1215 417 ὑπερβολάς.

134 438 202 492 16
332 437 559 506 εἰρηκὼς
589 434 650 489 δὲ
685 435 800 488 κατ’
833 436 1017 505 ἀρχάς,
1058 436 1141 488 ὅτι
1173 456 1265 504 μοι
1298 437 1561 489 δοκοῦσιν
1584 434 1895 505 Ἰσοκράτης

220 544 276 578 τε
322 523 413 577 καὶ
453 526 690 578 Πλάτων
735 525 995 594 κράτιστα
1041 533 1151 576 τῶν
1197 525 1380 577 ἄλλων
1427 523 1895 592 ἐπιτετηδευκέναι

177 621 382 666 5τοῦτο
429 614 489 665 τὸ
536 613 695 681 γένος
741 620 839 665 τοῦ
885 620 1223 683 χαρακτῆρος
1277 611 1366 665 καὶ
1411 621 1748 683 προαγαγεῖν
1794 609 1897 681 μὲν

220 702 351 755 αὐτὸ
393 701 480 755 ἐπὶ
519 704 798 770 μήκιστον,
839 700 904 753 οὐ
944 701 1053 770 μὴν
1091 699 1180 754 καὶ
1219 706 1525 769 τελειῶσαι,
1566 702 1665 755 ὅσα
1705 700 1752 753 δ’
1783 699 1895 754 ἐνέ-

219 795 377 844 λιπεν
423 790 647 843 ἐκείνων
694 788 967 859 ἑκάτερος,
1022 797 1191 842 ταῦτα
1238 789 1611 859 Δημοσθένην
1659 790 1895 859 ἐξειργα-

221 878 422 948 σμένον
454 878 743 942 έπιδείξειν
773 878 1167 947 ὑποσχόμενος,
1201 877 1289 931 ἐπὶ
1321 877 1469 931 τοῦτ’
1493 880 1597 947 ἤδη
1629 879 1895 948 πορεύσο-

219 987 339 1036 μαι,
401 969 494 1029 τὰς
555 968 750 1037 ἄριστα
805 967 1075 1029 δοκούσας
1129 969 1273 1036 ἔχειν
1325 965 1450 1035 παρ’
1499 966 1729 1038 ἑκατέρῳ
1784 977 1896 1020 τῶν

153 1075 196 1107 10
220 1056 440 1126 ἀνδρῶν
464 1054 633 1118 λέξεις
662 1056 1149 1126 προχειρισάμενος
1173 1054 1263 1108 καὶ
1289 1053 1682 1125 ἀντιπαραθεὶς
1707 1054 1896 1118 αὐταῖς

219 1146 313 1206 τὰς
351 1143 770 1213 Δημοσθένους,
811 1145 932 1197 ὅσαι
972 1142 1097 1214 περὶ
1137 1145 1231 1206 τὰς
1271 1144 1438 1206 αὐτὰς
1478 1145 1896 1212 συνετάχθησαν

218 1230 549 1303 ὑποξθέσεις,
595 1233 687 1285 ἴνα
733 1237 944 1301 μᾶλλον
983 1234 1038 1285 αἱ
1083 1242 1194 1285 τῶν
1233 1231 1455 1303 ἀνδρῶν
1499 1231 1845 1302 προαιρέσεις
1870 1247 1983 1286 1001

218 1340 274 1373 τε
320 1319 410 1373 καὶ
450 1322 711 1390 δυνάμεις
758 1319 1026 1388 γένωνται
1072 1314 1541 1390 καταφανεῖςῖτὴν
1579 1320 1896 1390 ἀκριβεστά-

133 1411 196 1463 17
219 1429 318 1477 την
356 1410 602 1477 βάσανον
642 1408 729 1462 ἐπὶ
774 1418 885 1462 τῶν
933 1409 1140 1478 ὁμοίων
1179 1411 1356 1476 ἔργων
1396 1413 1676 1477 λαβοῦσαι.
1753 1411 1895 1462 εἰσα-

153 1516 194 1548 15
219 1496 402 1565 γέσθω
445 1494 505 1550 δὲ
543 1506 758 1567 πρῶτος
789 1496 1124 1567 Ἰσοκράτης,
1164 1496 1254 1550 καὶ
1293 1498 1494 1550 τούτου
1529 1497 1895 1566 λαμβανέσθω

218 1585 360 1649 λέξις
407 1585 464 1638 ἐκ
510 1593 608 1638 τοῦ
654 1584 777 1655 περὶ
825 1593 919 1653 τῆς
967 1587 1186 1655 εἰρήνης
1232 1588 1402 1653 λόγου
1441 1584 1895 1656 χαριέστατα·δο-

218 1682 390 1726 κοῦσα
445 1675 606 1742 ἔχειν,
660 1673 730 1741 ἣν
777 1674 939 1735 αὐτὸς
995 1673 1055 1726 ἐν
1109 1681 1184 1745 τῷ
1237 1673 1362 1744 περὶ
1416 1682 1511 1742 τῆς
1564 1673 1894 1737 ἀντιδόσεως

219 1764 363 1832 λόγῳ
409 1761 741 1831 προφέρεται
789 1761 925 1831 μέγα
966 1761 1044 1814 ἐπ’
1078 1762 1212 1832 αὐτῇ
1254 1771 1498 1831 φρονῶν,
1547 1761 1616 1815 δι’
1654 1759 1719 1831 ἧς
1765 1777 1895 1831 συγ-

218 1852 393 1918 κρίνει
432 1850 532 1917 τὴν
572 1848 658 1902 ἐπὶ
702 1859 811 1903 τῶν
857 1853 1150 1920 προγόνων
1195 1854 1478 1904 πολιτείαν
1523 1859 1586 1920 τῇ
1635 1853 1756 1904 τότε
1801 1871 1894 1904 κα-

153 1957 194 1988 20
218 1938 469 2007 θεστώσῃ
509 1937 598 1990 καὶ
638 1940 732 2000 τὰς
770 1938 990 2008 πράξεις
1028 1940 1123 2001 τὰς
1161 1941 1394 2001 παλαιὰς
1433 1938 1894 2009 ἀντιπαρατίθησι

219 2035 335 2088 ταῖς
388 2025 559 2093 νέαις,
614 2028 709 2088 τὰς
762 2024 862 2095 μὲν
909 2027 1135 2097 ἀρχαίας
1190 2027 1431 2080 ἐπαινῶν
1477 2029 1570 2090 τὰς
1625 2026 1672 2080 δ’
1713 2027 1772 2080 ἐν
1818 2034 1894 2099 τςό

218 2113 346 2167 καθ’
376 2113 571 2167 ἑαυτὸν
603 2118 782 2187 χρόνῳ
822 2117 1193 2185 μεμφόμενος,
1233 2123 1327 2184 τῆς
1365 2136 1422 2168 τε
1461 2119 1761 2184 μεταβολῆς
1799 2124 1894 2183 τῆς

219 2201 304 2254 ἐπὶ
345 2204 409 2255 τὰ
448 2206 625 2272 χείρω
649 2205 778 2266 τοὺς
818 2205 1179 2273 δημαγωγοὺς
1218 2204 1546 2273 ἀποφαίνων
1578 2206 1786 2265 αἰτίους
1822 2205 1898 2265 ὡς

219 2291 284 2343 οὐ
325 2293 389 2344 τὰ
427 2293 687 2361 κράτιστα
733 2291 1158 2362 εἰσηγουμένους
1205 2293 1343 2345 ἀλλὰ
1389 2294 1454 2345 τὰ
1501 2293 1639 2362 πρὸς
1684 2292 1895 2360 ἡδονὴν

154 2399 195 2429 23
220 2386 293 2449 τῷ
339 2382 541 2447 πλήθει
589 2382 1051 2451 δημηγοροῦντας.
1128 2380 1462 2451 μακροτέρας
1505 2379 1553 2432 δ’
1587 2382 1754 2448 οὔσης
1799 2387 1894 2447 τῆς

1990 846 1993 854 .
1987 780 1993 800 2
1987 743 1991 761 «ι,
1983 600 1993 727 ,ιι-«ρυμο
1984 519 1990 573 ...f-
1983 439 1989 506 -*.-„
1982 411 1988 422 «Α
1983 315 1986 357 -‹-

1988 1067 1995 1099 t

1988 1111 1995 1165 ξ

1990 1174 1995 1238 ὲ

1990 1244 2004 1285 ξ

1993 1646 1998 1787 μ--«
1990 1435 1997 1605 ...ᾳ--Ᾰ
1992 1387 1995 1398 v
1991 1292 1995 1350 .--

340 2514 361 2551 1
398 2507 644 2564 σημείωσαι
669 2525 747 2565 mg
770 2511 805 2553 P
838 2513 885 2554 et
918 2516 943 2554 5
967 2511 1005 2586 Β
1090 2517 1114 2555 6
1150 2513 1202 2555 οὐ
1236 2510 1326 2567 μὴν
1350 2510 1423 2554 bis
1447 2511 1482 2553 P
1569 2514 1592 2552 ’ἶ
1619 2507 1892 2565 ἐξηργασμέ-

221 2583 304 2611 νου
328 2567 364 2609 Β
421 2566 777 2624 ἐξειργασμένων
802 2570 837 2612 Ρ
929 2575 954 2613 9
988 2568 1185 2643 ἑκατέρῳ
1219 2568 1512 2626 Sylburgius:
1547 2566 1773 2623 ἑκατέρων

223 2631 276 2668 10
309 2625 435 2676 -θεὶς
458 2628 620 2677 αὐταῖς
642 2626 724 2677 τὰς
749 2626 1124 2699 Δημοσθένους
1109 2629 1212 2673 όσαι
1243 2644 1336 2684 παρ
1340 2627 1515 2670 -B2'1n
1538 2642 1616 2683 mg
1709 2631 1759 2669 11
1787 2627 1889 2682 περὶ

219 2685 420 2741 Krfiger:
452 2684 580 2740 παρὰ
684 2691 735 2729 16
762 2684 812 2730 δε
836 2685 953 2739 λέξις
977 2688 1012 2730 Β
1039 2688 1121 2732 sed
1145 2685 1196 2732 δὲ
1221 2687 1394 2731 lineola
1419 2686 1647 2730 subducta
1675 2685 1855 2728 deletur
1882 2686 1888 2744 Ι

218 2759 265 2787 τε
289 2744 393 2798 περὶ
417 2743 451 2786 Ρ
537 2749 590 2786 18
616 2742 895 2800 προφέρεται
920 2749 1084 2802 postea
1109 2747 1203 2790 add
1226 2746 1274 2788 M
1360 2750 1413 2789 19
1436 2745 1719 2789 καθεστώσει
1737 2744 1772 2787 Ρ

221 2807 276 2846 20
307 2800 764 2859 ἀντιπαρατίθησι-
776 2803 1007 2861 ἀρχαιας
994 2821 1044 2849 m
1066 2806 1104 2850 B
1128 2819 1371 2862 perperam
1394 2803 1623 2848 iterantur
1706 2807 1760 2846 22
1785 2802 1891 2860 χρό-

219 2878 303 2906 νον
335 2860 484 2920 χρόνῳ
518 2862 554 2904 Ρ
589 2863 595 2918 l
634 2863 914 2919 μεταβοολῆς
946 2864 983 2906 Β
1103 2870 1157 2908 25
1190 2863 1348 2920 πληθη
1380 2863 1417 2905 Β
1453 2864 1458 2919 Ι
1494 2863 1893 2920 δημηγοροῦντας]

218 2922 608 2977 δημαγωγοῦντας
639 2921 770 2964 MBv
818 2923 1196 2979 δημαγογοῦντας
1226 2923 1261 2965 Ρ
1297 2924 1302 2979 Ι
1337 2919 1388 2965 δε
1421 2922 1457 2964 Β

1994 2604 2001 2717 .*.-—·›.‹
1999 2582 2001 2588 .
1994 2259 2001 2571 mA——m«*.
1994 2196 1999 2248 A-.
1995 2142 1999 2173 Ἃ
1992 2044 1999 2127 εει-..-
