2004 3202
764 200 1187 245 ΔΗΜΟΣΘΕΝΗΣ
1711 202 1815 255 195

137 335 484 408 πραΰνοντας
515 334 948 404 ἀναμιμνήσκειν
979 334 1196 403 αὐτούς,
1233 335 1334 403 ὅτι,
1366 330 1445 388 ὧν
1477 336 1720 404 εὔχοντο,
1751 340 1817 390 τὰ

138 425 364 496 μέγιστα
414 423 600 486 αὐτοῖς
647 425 699 476 οἱ
752 422 878 476 θεοὶ
927 422 1150 492 ἐπήκοοι
1203 425 1512 491 γεγόνασιν.
1590 424 1656 478 οὐ
1710 427 1815 494 γὰρ

138 514 453 575 ἀθανάτους
492 515 651 581 σφίσι
690 514 819 574 τοὺς
857 513 1057 574 παῖδας
1095 513 1323 581 εὔχοντο
1363 512 1648 582 γενέσθαι,
1692 513 1809 567 ἀλλ’

139 603 386 671 ἀγαθοὺς
438 601 528 653 καὶ
573 601 845 669 -εὐκλεεῖς,
901 596 980 654 ὧν
1025 601 1221 670 ἔτυχον
1269 602 1542 670 μεγίστων
1588 601 1819 670 ἀγαθῶν

138 694 330 746 ὄντων.
405 691 583 743 πάντα
624 688 675 742 δ’
709 689 775 742 οὐ
816 688 1012 760 ῥᾴδιον
1049 695 1241 761 θνητῷ
1287 688 1451 761 ἀνδρὶ
1497 692 1634 743 κατὰ
1679 698 1819 744 νοῦν

140 778 313 857 ἑνςντῷ
352 777 597 851 σφετέρῳ
637 781 740 850 βίῳ
782 778 1070 847 ἐκβαίνειν.
1148 776 1238 831 καὶ
1278 777 1540 849 φέροντες
1585 776 1686 848 μὲν
1723 780 1819 842 τὰς

139 870 428 938 συμφορὰς
466 868 732 939 ἀνδρείως
771 867 996 931 δόξουσι
1034 874 1110 939 τῷ
1149 869 1269 921 ὄντι
1301 867 1574 939 ἀνδρείων
1603 869 1820 921 παίδων

137 955 365 1027 πατέρες
404 953 546 1010 εἶναι
592 955 683 1009 καὶ
730 955 888 1009 αὐτοὶ
930 963 1198 1023 τοιοῦτοι,
1244 957 1563 1020 ὑπείκοντες
1601 956 1653 1010 δ’
1684 958 1819 1011 ὑπο-

138 1048 275 1110 ψίαν
297 1044 684 1115 παρέξουσινῆ
717 1046 788 1113 μὴ
817 1043 1070 1115 ἡμέτεροι
1101 1041 1242 1097 εἶναι
1274 1044 1307 1113 ἢ
1339 1045 1495 1114 ἡμῶν
1517 1048 1647 1108 τοὺς
1672 1045 1819 1099 ε’παι-

52 1147 165 1187 1048
198 1141 435 1196 νοῦντας
479 1134 937 1197 καταψεύδεσθαι.
1013 1134 1114 1203 χρὴ
1163 1131 1223 1186 δε
1270 1133 1531 1204 οὐδέτερα
1575 1132 1820 1207 τούιτων,

139 1222 259 1277 ἀλλ’
315 1223 558 1285 ἐκείνους
619 1223 852 1291 μάλιστα
912 1221 1196 1284 ἐπαινέτας
1256 1222 1410 1291 ἡμῶν
1464 1219 1606 1276 εἶναι
1661 1226 1820 1296 ε’ργῳ,

138 1310 476 1382 παρέχοντας
507 1312 709 1374 αὐτοὺς
734 1310 1105 1380 φαινομένους
1136 1318 1212 1383 τῷ
1243 1313 1363 1364 ὄντι
1393 1311 1628 1381 πατέρας
1659 1314 1822 1375 ὄντας

140 1401 347 1470 ἄνδρας
386 1400 621 1470 ἀνδρῶν.
690 1401 858 1453 πάλαι
897 1402 1002 1470 γὰρ
1042 1402 1103 1453 τὸ
1143 1397 1316 1469 μηδὲν
1351 1402 1492 1467 ἄγαν
1523 1403 1822 1469 λεγόμενον

138 1494 317 1551 καλῶς
355 1490 506 1542 δοκεῖ
545 1488 832 1557 λέγεσθαι·
879 1496 954 1560 τῷ
1002 1490 1122 1542 ὄντι
1171 1490 1274 1558 γὰρ
1315 1485 1376 1541 εὗ
1418 1488 1644 1556 λέγεται.
1715 1489 1820 1560 ὅτῳ

140 1580 244 1648 γὰρ
278 1576 442 1648 ἀνδρὶ
475 1579 552 1640 εἰς
586 1576 782 1630 ἑαυτὸν
813 1577 1112 1647 ἀνήρτηται
1150 1578 1328 1630 πάντα
1367 1578 1432 1629 τὰ
1470 1577 1608 1646 πρὸς
1640 1576 1820 1629 εὐδαι-
1867 1606 1887 1627 ›

141 1669 341 1735 μονιάν
388 1665 629 1737 φέροντα
675 1665 708 1734 ἢ
758 1665 920 1734 ἐγγὺς
973 1666 1199 1734 τούτου,
1254 1664 1344 1718 καὶ
1399 1666 1470 1734 μὴ
1527 1665 1587 1717 ἐν
1634 1666 1821 1728 ἄλλοις

142 1754 464 1824 ἀνθρώποις
502 1757 797 1826 αἰωρεῖται,
837 1754 890 1819 ἐξ
927 1750 1068 1823 ὦνῆ
1110 1751 1171 1808 εὖ
1210 1754 1242 1822 ἢ
1281 1763 1460 1817 κακῶς
1498 1753 1823 1824 πραξάντων

141 1846 459 1896 πλανᾶσθαι
504 1843 828 1911 ἠναγκάσθη
875 1842 966 1896 καὶ
1014 1844 1079 1896 τὰ
1126 1843 1357 1910 ἐκείνου,
1404 1844 1580 1915 τούτῳ
1628 1844 1823 1913 ἄριστα

142 1931 573 2000 παρεσκεύασται
620 1935 732 1999 ζῆν,
780 1927 941 1994 οὗτός
989 1931 1138 1984 ἐστιν
1176 1931 1204 1984 ὁ
1246 1933 1487 2002 σώφρων
1524 1930 1616 1984 καὶ
1664 1928 1824 1994 οὗτος

145 2020 398 2090 ἀνδρεῖος
435 2018 527 2072 καὶ
567 2022 854 2089 φρόνιμος,
894 2016 1055 2082 οὗτος
1094 2019 1442 2089 γιγνομένων
1478 2022 1694 2073 παίδων
1732 2019 1822 2072 καὶ

145 2110 436 2179 χρημάτων
481 2107 570 2160 καὶ
617 2106 1103 2178 διαφθειρομένων
1147 2106 1238 2160 καὶ
1293 2109 1526 2177 μάλιστα
1572 2112 1823 2161 πείθεται

145 2206 208 2267 τῇ
248 2199 538 2268 παροιμίᾳ·
579 2197 704 2249 οὔτε
743 2197 847 2265 γὰρ
887 2198 1095 2265 χαίρων
1134 2196 1260 2248 οὔτε
1299 2197 1644 2265 λυπούμενος
1683 2198 1824 2264 ἄγαν

146 2289 447 2354 φανήσεται
477 2285 567 2336 διὰ
599 2284 659 2335 τὸ
693 2283 840 2354 αὑτῷ
870 2282 1212 2336 πεποιθέναι.
1259 2284 1545 2359 τοιούτους
1570 2285 1637 2351 δὴ
1670 2284 1824 2353 ἡμεῖς

146 2373 406 2443 ἀξιοῦμεν
436 2371 526 2425 καὶ
566 2373 694 2433 τοὺς
731 2371 1027 2441 ἡμετέρους
1066 2368 1207 2424 εἶναι
1246 2371 1336 2424 καὶ
1376 2374 1694 2441 βουλόμεθα
1733 2372 1824 2426 καὶ

266 2538 287 2577 1
322 2530 607 2588 πραίνοντας
630 2532 679 2587 Ρ,
705 2531 741 2573 Β
773 2531 823 2574 in
853 2533 986 2575 textu
1018 2545 1119 2575 corr
1141 2531 1191 2575 in
1213 2546 1294 2588 mg
1329 2533 1333 2589 Ι
1372 2533 1727 2589 ἀνιμιμνήσκειν
1752 2534 1787 2576 Ρ
1815 2534 1821 2592 Ι

148 2591 338 2666 εὔχοντο
358 2595 462 2636 Hv:
498 2591 659 2649 ἔτυχον
683 2590 822 2633 ΜΒΡ
914 2596 938 2634 6
965 2588 1186 2651 σφετέρῳ]
1220 2590 1386 2635 ἑαυτοῦ
1411 2594 1455 2635 H
1549 2597 1572 2635 7
1598 2591 1826 2647 ἀνδρείως

146 2650 228 2702 τὰς
260 2650 500 2723 συμφορὰς
523 2609 599 2694 Hx
671 2655 696 2693 9
730 2649 1053 2700 ἐπαιλιοῦντας
1083 2650 1120 2692 Β
1221 2654 1273 2694 11
1309 2648 1490 2695 ἐκείνου
1523 2651 1604 2694 ΒΡ
1648 2654 1653 2708 Ι
1695 2652 1826 2707 ἡμῶν

149 2708 394 2761 ἐπαινέτας
424 2713 473 2754 Π
531 2708 719 2754 πάντων
760 2706 1005 2760 ἐπαινέτας
1017 2709 1171 2783 ἡμῶν
1210 2725 1239 2752 v
1385 2715 1438 2753 12
1478 2711 1648 2761 αὐτοὺς
1686 2711 1825 2753 ΜΒΡ

151 2770 385 2820 αὐτους-
396 2768 534 2819 ὄντας
565 2769 614 2811 in
645 2783 724 2824 mg
751 2768 798 2810 M
891 2772 945 2810 13
978 2766 1064 2824 γὰρ
1097 2767 1155 2825 δὴ
1184 2770 1264 2812 Hv
1357 2773 1413 2812 14
1443 2773 1504 2827 τῷ
1537 2768 1624 2826 γὰρ
1657 2768 1756 2813 ὄντι
1783 2772 1832 2812 Π

269 2832 323 2871 15
349 2828 622 2885 ἀνήρτηται]
648 2827 901 2883 ἀνήρητται
917 2826 999 2870 ΒΡ
1086 2831 1140 2870 18
1165 2826 1454 2884 ἠνάγκασται
1472 2815 1521 2870 H
1543 2830 1548 2885 Ι
1577 2828 1741 2872 τούτου
1759 2829 1795 2870 Β
1817 2830 1822 2885 1

143 2885 334 2941 »ἄριστος
364 2887 400 2930 Ρ
494 2892 547 2930 19
579 2884 962 2942 παρεσκευάσθαι
989 2885 1026 2928 Β
1058 2886 1107 2929 in
1137 2888 1269 2930 textu
1302 2890 1421 2943 (corr
1451 2887 1501 2930 in
1531 2891 1627 2943 mg)
1676 2903 1825 2941 παρα-

153 2944 409 2989 σκεύασθαι
439 2946 476 2989 Ρ
597 2950 652 2989 20
685 2945 709 2989 ὁ
741 2946 956 3000 ἀνδρεῖος
986 2947 1037 2988 Π
1150 2951 1204 2989 21
1238 2946 1318 2990 καὶ
1357 2945 1548 3001 μάλιστα
1589 2944 1824 3002 πείθεται]

154 3001 345 3058 μάλιστα
377 3002 581 3048 πείσεται
605 3007 692 3048 Π
771 3008 826 3047 23
859 3004 981 3062 αὐτῷ
1004 3003 1144 3048 ΜΒΡ
1179 3007 1184 3062 Ι
1221 3002 1271 3048 δε
1299 3007 1349 3047 Π
1377 3007 1382 3061 Ι
1417 3005 1547 3060 ἡμεῖς
1579 3020 1628 3060 γε
1655 3007 1735 3047 Hv

1476 3079 1561 3120 13*

1845 1155 1886 1186 10

1847 2039 1889 2070 20
