2004 3202
52 2097 107 2137 21

30 2612 63 2677 ἐ,

31 2693 54 2717 β

31 2718 50 2738 »⁴

38 2748 52 2772 4

39 2780 55 2796 ι

36 2884 54 2969 ξ]

38 3019 73 3202 ξ,

309 157 585 198 TABVLAE
618 157 899 199 CRITICAE
932 157 1286 199 ORATIONVM
1317 157 1662 200 ATTICARVM
1715 156 1824 209 293

146 289 348 357 αὐτοῖς,
389 289 455 342 οὐ
493 292 735 352 πολλοὺς
767 290 837 343 ἂν
867 290 1023 360 ἡμῶν
1054 295 1238 360 οἴομαι
1271 291 1573 358 διαγνῶναι
1607 291 1826 362 ῥᾳδίως,

144 366 374 447 πότερος
418 377 822 447 Δημοσθένους
878 377 1028 432 ἐστὶν
1080 377 1114 447 ἢ
1162 381 1399 432 Λυσίου·
1454 380 1727 448 τοσαύτην
1774 381 1826 433 οἱ

145 473 479 536 χαρακτῆρες
517 466 810 536 ὁμοιότητα
843 468 982 538 πρὸς
1012 466 1284 536 ἀλλήλους
1314 469 1516 536 ἔχουσι.
1577 470 1827 530 τοιοῦτός

147 554 260 607 ἐστι
304 553 395 607 καὶ
434 554 463 608 ὁ
503 557 641 626 πρὸς
670 554 1092 627 Ἀπολλόδωρον
1128 552 1267 626 ὑπὲρ
1303 541 1630 626 Φορμίωνος
1667 556 1758 609 καὶ
1798 557 1827 610 ὁ

145 642 260 696 κατ’
298 641 751 714 Ὀλυμπιοδώρου
790 645 998 713 βλάβης
1034 643 1124 697 καὶ
1165 644 1194 698 ὁ
1232 645 1371 715 πρὸς
1402 646 1651 697 Βοιωτὸν
1688 643 1828 715 ὑπὲρ
1876 665 1896 697 5

147 739 247 784 τοῦ
305 732 574 802 ὀνόματος
628 733 661 800 ἥ
706 752 764 785 τε
815 734 954 802 πρὸς
1010 732 1367 801 Εὐβουλίδην
1421 735 1607 802 ἔφεσις
1657 732 1747 786 καὶ
1794 733 1826 802 ἡ

145 822 285 890 πρὸς
300 822 674 891 Μακάρτατον
714 822 1031 874 διαδικασία
1069 819 1159 873 καὶ
1200 822 1252 874 οἱ
1292 823 1450 875 ἄλλοι
1488 823 1727 885 πάντες
1767 824 1829 875 οἱ

148 907 476 962 ἰδιωτικοὶ
517 912 702 977 λόγοι
742 909 816 962 οὐ
854 913 1071 981 πολλῷ
1110 912 1378 972 πλείους
1416 919 1542 963 τῶν
1573 915 1830 963 εἴκοσιν

146 1017 344 1060 οντες

263 1083 498 1128 orationes
530 1084 659 1128 Dem.
693 1084 846 1128 causis
877 1083 1077 1140 priuatis
1111 1083 1313 1141 scriptae
1344 1084 1480 1128 nobis
1513 1084 1704 1140 quidem
1733 1086 1830 1128 tra-

146 1157 274 1202 ditae
307 1160 416 1201 sunt
448 1157 654 1202 XXXIII.

932 1247 1041 1292 VIII

255 1337 572 1391 DIONYSIVS
614 1337 676 1390 de
715 1337 838 1389 Din.
874 1339 938 1389 11
980 1357 1015 1407 p
1049 1339 1172 1407 313,
1194 1338 1259 1390 18
1301 1337 1329 1391 ὁ
1370 1335 1472 1407 μὲν
1506 1339 1610 1408 γὰρ
1643 1343 1829 1408 Δημο-
1854 1359 1896 1391 10

143 1424 382 1489 σθένους
411 1425 538 1497 περὶ
570 1434 669 1479 τοῦ
701 1427 970 1496 ὀνόματος
1001 1429 1183 1494 λόγος,
1218 1426 1278 1479 έν
1310 1419 1353 1498 ᾧ
1384 1427 1597 1479 τούτων
1622 1425 1827 1497 (Μενε-

143 1514 336 1577 κλέους
375 1513 705 1586 φεύγοντος)
744 1514 1030 1584 μέμνηται,
1069 1516 1205 1568 κατὰ
1241 1514 1481 1568 Θέελλον
1511 1515 1543 1583 ἢ
1569 1514 1829 1568 Ἀπολλό-

143 1604 327 1673 δωρον
366 1605 606 1674 ἄρχοντα
643 1603 965 1672 τετέλεσται,
1006 1604 1078 1666 ὡς
1119 1603 1180 1656 έν
1217 1613 1333 1667 τοῖς
1370 1602 1496 1674 περὶ
1535 1603 1829 1673 Δημοσθέ-

145 1712 279 1755 νους
317 1693 716 1762 δεδηλώκαμεν.

260 1778 408 1835 igitur
446 1779 707 1823 orationem
738 1779 1067 1824 Demosthenis
1099 1779 1294 1823 XXXIX
1331 1779 1448 1835 πρὸς
1482 1779 1686 1823 Βοιωτὸν
1725 1779 1831 1834 περὶ

141 1859 222 1896 τοῦ
271 1850 500 1909 ὀνόματος
543 1867 664 1897 anno
706 1853 878 1910 olymp.
910 1853 1032 1898 CVII
1064 1858 1088 1896 2
1123 1855 1207 1897 aut
1239 1857 1265 1896 3
1306 1855 1367 1909 (a.
1401 1857 1487 1896 350
1519 1867 1559 1897 a.
1587 1853 1709 1909 Chr.)
1749 1854 1831 1897 ad-

149 1925 327 1970 scribit.

954 2000 1019 2044 IX

253 2091 569 2145 DIONYSIVS
611 2093 674 2144 de
713 2093 834 2144 Din.
871 2092 938 2144 13
978 2111 1012 2161 p
1046 2092 1169 2162 319,
1194 2092 1261 2143 21
1312 2093 1452 2144 inter
1490 2092 1698 2160 spurias
1737 2091 1828 2142 Di-
1854 2111 1897 2144 15

141 2181 326 2233 narehi
376 2181 644 2233 orationes
686 2181 841 2249 ponit
902 2181 1056 2251 Πρὸς
1096 2181 1346 2234 Βοιωτὸν
1383 2178 1522 2250 ὑπὲρ
1563 2188 1662 2234 τοῦ
1703 2180 1827 2233 ὀνό-

141 2287 330 2339 ματος·
355 2270 626 2340 (Οὐδεμιᾷ
649 2269 1180 2339 φιλοπραγμοσύνῃ’.
1221 2270 1268 2322 εἰ
1291 2267 1381 2322 καὶ
1405 2270 1477 2338 μὴ
1500 2277 1614 2330 τοῖς
1639 2270 1828 2330 ἄλλοις

142 2360 195 2411 οἱ
233 2357 637 2428 Δημοσθένους
683 2357 1085 2427 ἀφαιρούμενοι
1131 2365 1332 2410 τοῦτον
1377 2358 1476 2410 τὸν
1522 2359 1692 2424 λόγον
1736 2355 1827 2408 καὶ

51 2484 54 2506 ;
140 2448 431 2519 Δεινάρχῳ
485 2448 895 2517 προσάπτοντες
948 2445 1283 2515 ἐλέγχοιντο,
1337 2453 1413 2518 τῷ
1460 2448 1640 2518 χρόνῳ
1688 2453 1829 2512 γοῦν

142 2537 508 2605 ἐπιδειχθεῖεν
553 2535 623 2588 ἂν
661 2536 1016 2603 ψευδόμενοι·
1062 2533 1328 2604 μέμνηται
1366 2536 1471 2605 γὰρ
1512 2536 1584 2597 ὡς
1623 2533 1819 2587 νεωστὶ
1847 2554 1890 2586 20

140 2633 234 2693 τῆς
274 2627 350 2687 εἰς
391 2626 585 2687 Πύλας
625 2623 818 2687 ἐξόδου
856 2622 1245 2692 γεγενημένης,
1284 2623 1316 2691 ἡ
1358 2622 1406 2676 δ’
1448 2625 1525 2685 εἰς
1563 2623 1829 2691 <Πύλας>

133 2712 449 2782 Ἀθηναίων
509 2712 696 2776 ἔξοδος
760 2709 846 2763 ἐπὶ
906 2712 1203 2780 Θουδήμου
1267 2713 1533 2781 ἄρχοντος
1595 2709 1826 2778 ἐγένετο,

35 2798 58 2862 ζ,
141 2803 344 2869 ὄγδοον
382 2803 501 2863 ε”τος
539 2801 855 2870 Δεινάρχου
894 2801 1128 2868 ἔχοντος.

260 2887 317 2931 de
351 2885 681 2931 Demosthenis
714 2885 926 2929 oratione
957 2885 1149 2929 XXXIX
1183 2886 1408 2943 disputat.
1473 2886 1537 2937 εἰς
1570 2886 1727 2936 Πύλας
1759 2899 1827 2928 er-

140 2974 241 3005 rore
273 2961 524 3005 memoriae
551 2961 772 3016 deeeptus
799 2959 920 3003 dixit
950 2974 1034 3016 pro
1067 2960 1132 3011 εἰς
1167 2961 1388 3017 Ταμύνας
1411 2963 1464 3004 ut
1489 2963 1559 3004 est
1584 2960 1612 3005 1.
1641 2975 1673 3003 s.
1707 2965 1731 3013 ξ
1759 2964 1825 3002 16.
