2004 3202
213 133 322 186 266
626 130 966 173 ΔῘΟΝΤΣΙΟΤ
997 130 1465 172 ΑΑΙΚΑΡΝΑΣΕΩΣ

212 267 550 334 εκδεδωκώς,
595 262 744 317 ταῦτ’
791 262 961 316 ἐστίν·
1008 262 1062 326 ἐξ
1103 258 1181 315 ὧν
1220 262 1248 316 ὃ
1289 266 1622 335 προειλόμην
1659 271 1886 334 ποιῆσαι

211 357 474 426 φανερόν,
514 354 598 407 ὅτι
635 359 1000 423 προτεροῦσιν
1038 352 1091 403 οἱ
1129 359 1229 404 τοῦ
1268 352 1497 423 ῥήτορος
1535 353 1743 420 ἀγῶνες
1776 362 1888 408 τῶν

210 454 312 499 τοῦ
358 445 671 514 φιλοσόφου
716 449 945 509 τεχνῶν,
995 441 1193 502 ἱκανῶς
1235 440 1626 510 ἀποδεδεῖχθαι
1663 444 1887 511 νομίζω·

212 539 268 587 εἴ
307 553 368 601 γε
415 531 444 584 ὃ
491 528 592 600 μὲν
638 529 886 582 εἰκοστὸν
930 526 1021 580 καὶ
1067 526 1313 597 πέμπτον
1354 531 1473 592 ἔτος
1511 532 1652 599 ἔχων
1688 529 1887 600 ἤρξατο

168 637 190 671 5
211 621 602 675 πολιτεύεσθαι
647 615 737 669 καὶ
781 618 1115 686 δημηγορεῖν
1151 615 1242 669 καὶ
1281 619 1480 684 λόγους
1519 619 1596 680 εἰς
1635 619 1890 687 δικαστή-

212 730 304 780 ρια
357 709 617 778 γράφειν,
672 705 700 758 ὃ
757 701 817 756 δὲ
870 706 1007 778 κατὰ
1052 707 1182 767 τοὺς
1229 705 1429 768 αὐτοὺς
1474 708 1709 777 χρόνους
1755 709 1836 759 ἔτι
1876 704 1885 779 Ι

212 803 388 864 συνῆν
412 795 670 847 Πλάτωνι
702 791 792 845 καὶ
825 791 1105 861 διέτριψεν
1136 791 1236 855 ἕως
1269 792 1406 846 ἐτῶν
1438 792 1570 847 ἑπτὰ
1600 793 1691 847 καὶ
1722 796 1872 866 τριά-
1891 809 1975 850 733

209 903 378 938 κοντα
431 884 556 935 οὔτε
611 886 808 950 σχολῆς
860 880 1165 950 ἡγούμενος
1215 882 1341 934 οὔτε
1389 883 1553 935 ἰδίαν,
1581 883 1889 951 πεποιηκὼς

211 974 438 1042 αἵρεσιν.

151 1065 185 1118 8
321 1062 391 1113 Εἰ
423 1059 489 1112 δέ
514 1079 596 1121 τις
628 1059 801 1121 οὕτως
833 1060 982 1112 ἔσται
1014 1059 1235 1129 δύσερις
1267 1060 1398 1122 ὥςτε
1428 1057 1519 1111 καὶ
1549 1061 1688 1131 πρὸς
1719 1067 1890 1112 ταῦτα

145 1168 187 1199 11
210 1147 540 1217 ἀντιλέγειν,
588 1148 671 1200 ὅτι
717 1145 818 1216 μὲν
863 1147 1099 1217 ὕστερον
1145 1146 1464 1217 ἐγράφησαν
1510 1149 1566 1200 αἱ
1605 1146 1890 1219 ῥητορικαὶ

208 1236 393 1306 τέχναι
431 1245 543 1288 τῶν
574 1235 922 1289 ἀναλυτικῶν
951 1255 1009 1288 τε
1039 1234 1130 1288 καὶ
1162 1237 1479 1304 μεθοδικῶν
1508 1235 1600 1289 καὶ
1630 1246 1889 1307 τοπικῶν,

208 1326 496 1395 ὁμολογῶν
534 1321 739 1393 ἀληθὲς
778 1320 938 1392 εἶναι,
979 1321 1146 1377 οὐδὲν
1186 1321 1246 1377 δὲ
1279 1326 1516 1378 κωλύειν
1546 1324 1724 1394 λέγων
1755 1326 1890 1379 ἁπά-

210 1429 307 1477 σας
359 1414 559 1476 ταύτας
612 1411 1063 1465 κατεσκευακέναι
1109 1413 1207 1465 τὸν
1253 1416 1568 1483 φιλόσοφον
1612 1416 1707 1476 τὰς
1751 1432 1890 1485 πρα-

142 1521 187 1554 15
209 1505 466 1571 γματείας
500 1504 580 1554 ἔτι
609 1502 1012 1570 παιδευόμενον
1041 1502 1189 1571 παρὰ
1221 1502 1499 1570 Πλάτωνι,
1537 1504 1758 1572 ψυχρὰν
1786 1500 1889 1575 μὲν

208 1590 300 1644 καὶ
347 1590 627 1643 ἀπίθανον
674 1589 1010 1659 ἐπιχείρησιν
1057 1590 1314 1658 εἰσάγων,
1361 1592 1680 1659 βιαζόμενος
1725 1587 1787 1644 δὲ
1824 1592 1885 1644 τὸ

208 1680 651 1749 κακουργότατον
682 1688 793 1730 τῶν
824 1678 1254 1748 ἐπιχειρημάτων
1280 1687 1462 1731 ποιεῖν
1483 1680 1887 1750 πιθανώτερον,

210 1769 294 1821 ὅτι
334 1765 423 1819 καὶ
462 1768 522 1819 τὸ
562 1767 634 1835 μὴ
675 1767 818 1829 εἰκὸς
855 1769 1071 1833 γίνεταί
1103 1785 1235 1819 ποτε
1273 1768 1440 1834 εἰκός,
1481 1766 1640 1837 ἀφεὶς
1679 1767 1712 1821 ἃ
1749 1768 1887 1837 πρὸς

209 1863 379 1908 ταῦτα
418 1854 599 1922 λέγειν
637 1851 787 1923 εἶχον
826 1853 913 1907 ἐπὶ
951 1856 1047 1916 τὰς
1086 1854 1256 1907 αὐτοῦ
1294 1854 1561 1925 τρέψομαι
1598 1864 1698 1909 τοῦ
1729 1860 1914 1924 φιλο-’

142 1962 187 1994 20
211 1946 390 2012 σόφου
435 1946 759 2013 μαρτυριάς,
808 1942 870 2004 ἃς
910 1942 970 1995 ἐν
1007 1951 1071 2012 τῇ
1110 1946 1265 2014 τρίτῃ
1305 1944 1491 2015 βύβλῳ
1530 1954 1642 1997 τῶν
1679 1953 1887 2013 τεχνῶν

208 2031 405 2100 τέθηκε
447 2030 571 2100 περὶ
610 2039 704 2099 τῆς
742 2039 1052 2101 μεταφορᾶς
1090 2033 1225 2084 κατὰ
1263 2030 1411 2095 λέξιν
1450 2032 1592 2085 οὕτω
1631 2033 1884 2103 γράφων·

208 2120 339 2172 (τῶν
378 2116 438 2172 δὲ
476 2129 802 2189 μεταφορῶν
840 2120 1113 2189 τεττάρων
1153 2119 1352 2188 οὐσῶν,
1392 2119 1745 2190 εὐδοκιμοῦσι
1785 2121 1885 2189 μά-

327 2269 381 2308 22
401 2291 456 2296 —-
473 2279 503 2320 p
529 2269 628 2319 267,
657 2269 680 2307 7
713 2263 854 2308 Arist.
879 2263 997 2308 rhet.
1023 2264 1089 2307 ΠΙ
1115 2269 1170 2308 10
1200 2280 1231 2321 p
1258 2269 1397 2308 14112
1423 2270 1535 2310 1-8

330 2400 353 2438 1
388 2396 509 2441 ἐστὶν
539 2396 608 2440 M:
644 2395 763 2441 ἔστιν
787 2396 949 2440 BOPS
977 2398 985 2455 1
1013 2394 1036 2440 ὃ
1069 2410 1144 2440 om
1175 2411 1210 2453 S,
1242 2397 1452 2441 restituit
1482 2412 1505 2439 r
1625 2402 1650 2440 6
1682 2395 1883 2453 γράφειν

209 2455 352 2498 iterat
381 2469 460 2510 mg
490 2455 526 2497 B
558 2455 697 2498 rubro
818 2462 841 2500 7
875 2453 1084 2512 διέτριψε
1117 2453 1264 2514 <παρ’
1295 2455 1453 2515 αὐτῷ)
1488 2455 1571 2507 ἕως
1601 2455 1644 2499 ci
1674 2456 1883 2499 Herwer-

210 2514 356 2556 denus
437 2517 462 2555 8
488 2511 585 2556 οὔτ’
608 2511 734 2557 ἰδίαν
750 2529 773 2556 r
857 2519 881 2557 9
906 2513 1085 2570 αἵρεσιν
1102 2515 1150 2557 Μ
1227 2519 1281 2557 10
1298 2516 1484 2570 δυσϋρις
1500 2515 1560 2557 Β1
1638 2519 1692 2557 14
1712 2514 1884 2565 ταύτας

209 2586 567 2616 κατεσκευασται
601 2571 989 2618 κατεσκευακέναι
1013 2574 1048 2617 Ρ
1156 2579 1210 2617 16
1242 2574 1312 2675 τὸὲ
1344 2574 1425 2618 τὸν
1448 2574 1486 2616 Β
1594 2578 1646 2616 17
1678 2589 1883 2628 πανουρ-

210 2630 407 2687 γότατον
437 2630 676 2673 Morellius
738 2631 1130 2688 καινουργότατον
1155 2632 1289 2676 Kiess
1311 2631 1465 2688 ingius
1496 2647 1611 2676 mus.
1637 2632 1783 2676 Rhen.
1811 2636 1881 2688 23,

212 2695 294 2733 251
353 2689 434 2732 sed
466 2688 514 2731 cf
539 2688 775 2733 Demosth.
803 2704 864 2733 or.
893 2696 961 2746 20,
989 2695 1071 2734 125
1100 2694 1106 2747 Ι
1134 2692 1465 2736 πιθανώτατον
1496 2690 1607 2733 libri
1729 2695 1782 2732 18
1814 2689 1882 2746 γί-

209 2751 409 2804 γνεσθαι
432 2747 644 2803 Weilius‚
679 2748 759 2790 sed
791 2748 840 2791 ef
859 2749 998 2794 Arist.
1024 2750 1141 2794 rhet.
1167 2750 1210 2793 II
1234 2755 1289 2794 24
1321 2765 1351 2806 p
1378 2754 1514 2792 1402Ιῃι
1541 2754 1593 2791 13
1623 2751 1627 2805 Ι
1658 2748 1780 2799 εἰκός
1805 2749 1882 2792 del

209 2807 543 2851 Herwerdenus
665 2811 719 2848 20
752 2805 807 2857 ἃς
839 2821 913 2849 om
943 2807 979 2850 B
1008 2810 1013 2864 Ι
1050 2809 1198 2867 βύβλω
1230 2809 1333 2853 BP:
1365 2809 1505 2866 βίβλω
1536 2807 1655 2863 ΜΟ,
1688 2822 1767 2864 mg
1797 2808 1881 2852 BP

329 2870 383 2908 20
409 2870 460 2908 21
493 2862 676 2908 τέθεικε
700 2873 790 2909 τῶν
812 2874 984 2922 τεχνῶν
1009 2882 1028 2909 s
1126 2873 1179 2911 21
1205 2866 1387 2912 τέθεικε
1410 2866 1521 2910 libri
1549 2869 1553 2922 Ι
1581 2873 1882 2923 μεταμορφᾶς

209 2923 344 2981 (-φὰς
374 2925 427 2981 Β)
460 2926 507 2967 et
539 2929 593 2966 22
626 2931 930 2979 μεταμορφῶν
963 2925 1044 2967 BP
