2004 3202
642 121 790 164 ΠΕΡΙ
819 119 1224 163 ΘοΤΚΤΔΙΔοΤ
1677 120 1787 173 369

37 261 49 269 “
102 257 461 325 Συρακόσιοι,
493 257 542 308 εἰ
574 255 670 318 οὓς
702 264 892 324 σαφῶς
922 259 1072 308 ἴσασι
1102 253 1605 325 προθυμουμένους
1619 253 1787 324 Ἀθη-

101 346 294 406 ναίους
338 342 503 396 παντὶ
550 346 734 417 τρόπῳ
789 345 1111 413 διαφυγεῖν,
1160 343 1394 405 τούτους
1439 341 1597 396 αὐτοὶ
1651 344 1788 412 φεύ-

98 451 300 501 γοντας
339 433 658 502 φεύγουσιν.
736 433 764 486 ὅ
803 431 848 487 τ’
889 431 948 486 ἐκ
984 439 1079 501 τῆς
1116 438 1217 500 γῆς
1261 432 1418 497 πεζὸς
1456 431 1787 502 ἀμφοτέρων

38 555 42 557 ⁴
100 521 404 591 ἰσορρόπου
463 529 558 590 τῆς
620 524 925 592 ναυμαχίας
984 523 1386 589 καθεστηκυίας
1413 522 1626 574 »πολὺν
1686 522 1788 574 τὸν

99 608 288 678 ἀγῶνα
325 608 417 663 καὶ
457 609 720 674 ξύστασιν
757 617 854 679 τῆς
891 610 1112 680 γνώμης
1143 605 1268 679 εἶχε,
1308 613 1645 678 φιλονεικῶν
1682 607 1785 679 μὲν
1829 630 1853 662 5

99 698 130 753 ὁ
170 698 416 752 αὐτόθεν
452 697 578 767 περὶ
618 706 717 752 τοῦ
755 701 1011 761 πλείονος
1048 699 1154 767 ἤδη
1192 702 1394 766 καλοῦ,
1441 698 1683 760 δεδιότες
1722 695 1784 751 δὲ

99 788 154 841 οἱ
194 786 547 855 ἐπελθόντες,
598 789 670 857 μὴ
715 796 828 840 τῶν
871 789 1163 858 παρόντων
1202 789 1283 840 ἔτι
1321 788 1485 857 χείρω
1523 785 1785 857 πράξωσι.

30 942 34 947 ι
98 877 324 930 πάντων
368 878 473 946 γὰρ
522 877 589 945 δὴ
645 875 1019 946 ἀνακειμένων
1064 884 1180 938 τοῖς
1221 873 1543 944 Ἀθηναίοις
1588 874 1643 939 ἐς
1688 877 1786 939 τὰς

42 977 96 1018 79
113 973 251 1028 ναῦς
276 965 305 1019 ὅ
329 986 387 1019 τε
419 967 595 1034 φόβος
626 962 696 1034 ἧν
726 962 865 1035 ὑπὲρ
897 973 997 1018 τοῦ
1027 964 1325 1034 μέλλοντος
1356 962 1546 1018 οὐδενὶ
1578 961 1785 1036 έοιΙκὼς

97 1053 190 1107 καὶ
229 1055 322 1107 διὰ
361 1055 422 1107 τὸ
464 1053 758 1123 ἀνώμαλον
806 1052 898 1106 καὶ
943 1055 1046 1123 τὴν
1091 1056 1293 1117 ἔποψιν
1337 1060 1433 1121 τῆς
1477 1057 1783 1123 ναυμαχίας
1807 1075 1853 1107 ιο

100 1141 158 1195 ἐκ
203 1149 300 1210 τῆς
344 1151 444 1212 γῆς
488 1143 859 1212 ἠναγκάζοντο
900 1144 1066 1211 ἔχειν·
1114 1140 1184 1194 δι’
1232 1142 1426 1209 ὀλίγου
1470 1143 1576 1212 γὰρ
1616 1143 1786 1211 οὔσης

96 1239 195 1300 τῆς
224 1231 360 1294 θέας
399 1230 489 1284 καὶ
530 1230 596 1284 οὐ
635 1231 859 1284 πάντων
898 1232 1007 1300 ἅμα
1047 1230 1102 1293 ἐς
1139 1231 1200 1283 τὸ
1233 1230 1367 1283 αὐτὸ
1408 1230 1784 1300 σκοπούντων,

99 1321 148 1374 εἰ
186 1319 289 1390 μέν
327 1340 473 1383 τινες
513 1319 690 1373 ἴδοιέν
727 1337 802 1390 πῃ
834 1321 964 1382 τοὺς
1000 1317 1299 1390 σφετέρους
1339 1318 1784 1389 ἐπικρατοῦντας,

97 1408 491 1478 ἀνεθάρσησάν
544 1428 601 1461 τε
657 1407 726 1461 ἂν
786 1406 878 1461 καὶ
936 1409 1074 1478 πρὸς
1127 1407 1430 1476 ἀνάκλησιν
1496 1414 1649 1461 θεῶν
1708 1410 1783 1478 μὴ

97 1506 354 1568 στερῆσαι
402 1506 546 1566 σφᾶς
584 1505 679 1566 τῆς
726 1500 999 1567 σωτηρίας
1038 1495 1352 1567 ἐτρέποντο·
1393 1499 1450 1550 οἳ
1493 1493 1555 1549 δὲ
1594 1496 1682 1550 ἐπὶ
1720 1499 1782 1551 τὸ
1807 1518 1853 1552 15

95 1587 417 1657 ἡσσώμενον
470 1585 771 1655 βλέψαντες
824 1586 1128 1658 ὀλοφυρμῷ
1189 1605 1248 1638 τε
1302 1587 1411 1655 ἅμα
1464 1587 1597 1655 μετὰ
1650 1589 1785 1655 βοῆς

96 1676 337 1747 ἐχρῶντο
383 1674 474 1729 καὶ
522 1675 627 1729 ἀπὸ
675 1685 788 1728 τῶν
834 1675 1134 1746 δρωμένων
1179 1683 1275 1743 τῆς
1322 1677 1499 1739 ὄψεως
1545 1673 1636 1728 καὶ
1682 1676 1785 1744 τὴν

95 1766 331 1835 γνώμην
370 1770 581 1834 μᾶλλον
626 1774 739 1818 τῶν
786 1764 847 1818 ἐν
892 1771 968 1836 τῷ
1015 1766 1158 1837 ἔργῳ
1210 1764 1568 1817 ἐδουλοῦντο·
1624 1765 1784 1818 ἄλλοι

98 1851 160 1907 δὲ
212 1852 302 1907 καὶ
355 1854 494 1924 πρὸς
547 1853 851 1907 ἀντίπαλόν
897 1874 950 1907 τι
995 1862 1090 1923 τῆς
1141 1856 1447 1923 ναυμαχίας
1491 1853 1784 1916 ἀπιδόντες

98 1943 191 1996 διὰ
222 1944 283 1996 τὸ
317 1942 551 2012 ἀκρίτως
589 1939 809 2011 ξυνεχὲς
847 1950 942 2011 τῆς
980 1942 1212 2012 ἁμίλλης
1249 1940 1340 1994 καὶ
1379 1951 1494 2004 τοῖς
1534 1942 1782 2011 σώμασιν
1805 1964 1851 1995 20

95 2031 287 2094 αὐτοῖς
334 2035 426 2084 ἴσα
472 2039 535 2102 τῆ
584 2029 716 2102 δόξῃ
762 2031 1027 2101 περιδεῶς
1066 2029 1535 2093 ξυναπονεύοντες
1567 2030 1628 2083 ἐν
1667 2039 1783 2092 τοῖς

96 2121 448 2189 χαλεπώτατα
487 2121 706 2188 διῆγον·
746 2117 830 2172 ἀεὶ
869 2120 973 2189 γὰρ
1014 2117 1140 2189 παρ’
1173 2119 1366 2186 ὀλίγον
1407 2118 1441 2187 ἢ
1482 2117 1784 2188 διέφευγον

97 2207 130 2278 ἢ
168 2208 505 2262 ἀπώλλυντο.
537 2205 607 2276 ἦν
638 2228 695 2261 τε
727 2207 788 2260 ἐν
818 2214 894 2279 τῷ
926 2207 1287 2277 στρατεύματι
1311 2216 1424 2260 τῶν
1446 2205 1781 2276 Ἀθηναίων,

43 2320 45 2322 ·
98 2296 199 2360 ἕως
238 2297 534 2366 ἀγχώμαλα
574 2295 940 2365 ἐναυμάχουν,
979 2296 1156 2349 πάντα
1196 2295 1335 2364 ὁμοῦ
1368 2295 1617 2363 ἀκοῦσαι,
1657 2296 1781 2349 ὀλο-

68 2387 334 2455 οφυρμὸς
371 2387 492 2454 βοή,
532 2395 790 2447 νικῶντες
829 2385 1209 2454 κρατούμενοι,
1250 2386 1389 2438 ἄλλα
1421 2385 1521 2438 ὅσα
1554 2383 1614 2437 έν
1649 2385 1654 2452 Ι
1690 2405 1780 2454 με-
1803 2406 1849 2439 25

97 2475 246 2547 γάλςο
278 2469 522 2545 κινδύνῳ
555 2473 693 2542 μέγα
721 2474 1093 2543 στρατόπεδον
1122 2474 1386 2542 πολυειδῆ
1420 2473 1779 2542 ἀναγκάζοιτο

219 2653 244 2692 3
277 2649 405 2692 Thue
430 2648 515 2691 VII
543 2652 593 2691 71

220 2817 243 2854 1
255 2809 534 2868 Ἀθηναίους
551 2809 781 2854 emblema
797 2808 1022 2866 Dionysio
1040 2810 1272 2854 uetustius
1337 2816 1392 2855 10
1410 2811 1684 2867 ἀνώμαλλον
1700 2811 1736 2854 Ρ

105 2874 159 2913 14
188 2871 257 2928 τε]
289 2887 366 2914 ται
388 2870 424 2913 Ρ
546 2875 600 2913 19
633 2868 739 2913 ἀντὶ
769 2869 919 2912 παλού
944 2869 980 2912 Ρ
1010 2869 1268 2914 ἀντιπάλου
1292 2869 1316 2913 f
1339 2873 1345 2928 1
1373 2869 1631 2921 ἀποδόντες
1662 2885 1716 2926 pr
1738 2870 1776 2914 Ρ

220 2933 275 2972 23
305 2933 367 2987 τῷ
397 2928 522 2972 MPf
548 2931 599 2972 ut
635 2929 675 2972 Θ
705 2927 817 2971 libri
848 2928 1080 2974 ADEF:
1114 2933 1175 2988 τῷ
1206 2931 1331 2988 αὐτῷ
1365 2929 1508 2973 ceteri
1535 2930 1577 2973 Θ

188 3010 299 3044 Dion.
320 3011 516 3043 Halicarn.
540 3012 583 3042 V.
1455 3007 1512 3045 24
