2004 3202
1716 153 1823 206 325

465 685 870 741 ΔΙΟΝΤΣΙΟΤ
908 685 1499 740 ΑΛΙΚΑΡΝΑΣΕῼΣ

707 791 849 831 ΠΕΡΙ
879 789 1282 832 ΘοΤΚΤΔΙΔοΤ

252 996 348 1050 Ἐν
386 1006 500 1060 τοῖς
538 999 928 1067 προεκδοθεῖσι
966 997 1092 1068 περὶ
1131 1005 1226 1065 τῆς
1272 999 1546 1067 μιμήσεως
1583 997 1828 1067 ὑπομνη-

148 1094 436 1154 ματισμοῖς
484 1085 836 1155 ἐπεληλυθὼς
883 1086 979 1149 οὓς
1033 1087 1423 1155 ὑπελάμβανον
1469 1084 1828 1154 ἐπιφανεστά-

148 1194 277 1236 τους
318 1171 459 1227 εἶναι
496 1176 724 1244 ποιητάς
755 1195 813 1228 τε
843 1175 934 1228 καὶ
967 1184 1321 1245 συγγραφεῖς,
1361 1172 1402 1228 ὦ
1435 1177 1638 1227 Κόιντε
1670 1179 1828 1227 Αἴλιε
1872 1189 1893 1223 5

156 1262 472 1333 Τουβέρων,
519 1263 610 1316 καὶ
657 1265 978 1333 δεδηλωκὼς
1026 1264 1086 1316 ἐν
1131 1264 1363 1332 ὀλίγοις,
1413 1267 1566 1326 τίνας
1605 1261 1828 1325 ἕκαστος

149 1352 333 1405 αὐτῶν
365 1351 672 1423 εἰσφέρεται
703 1354 1082 1423 πραγματικάς
1120 1372 1177 1406 τε
1215 1351 1306 1405 καὶ
1340 1354 1586 1415 λεκτικὰς
1617 1351 1828 1422 ἀρετάς,

14 1500 33 1531 :³
63 1455 145 1496 811
165 1439 255 1493 καὶ
287 1448 359 1510 πῇ
393 1442 625 1509 μάλιστα
655 1445 855 1511 χείρων
888 1440 1086 1494 ἑαυτοῦ
1118 1444 1328 1509 γίνεται
1358 1443 1494 1494 κατὰ
1525 1442 1620 1503 τὰς
1654 1441 1660 1509 Ι
1696 1439 1828 1494 ἀπο-

149 1531 363 1598 τυχίας,
411 1535 464 1582 εἴ
504 1550 560 1582 τε
605 1538 700 1597 τῆς
738 1529 1106 1599 προαιρέσεως
1153 1529 1252 1598 οὐχ
1299 1531 1511 1582 ἅπαντα
1557 1530 1692 1582 κατὰ
1730 1530 1829 1582 τὸν

148 1616 541 1687 ἀκριβέστατον
586 1619 853 1688 λογισμὸν
897 1619 1158 1688 θηρώσης
1204 1623 1259 1671 εἴ
1295 1638 1352 1671 τε
1397 1625 1492 1686 τῆς
1543 1618 1828 1687 δυνάμεως
1853 1633 1894 1665 10

149 1706 249 1760 οὐκ
313 1706 372 1759 ἐν
433 1708 602 1760 ἅπασι
669 1716 785 1770 τοῖς
853 1709 1033 1777 ἔργοις
1101 1707 1508 1779 κατορθούσης,
1563 1707 1656 1759 ἵνα
1716 1715 1830 1768 τοῖς

149 1796 611 1865 προαιρουμένοις
656 1797 894 1867 γράφειν
943 1816 999 1849 τε
1052 1795 1143 1849 καὶ
1191 1794 1373 1864 λέγειν
1426 1792 1486 1848 εὖ
1535 1793 1695 1848 καλοὶ
1739 1792 1830 1847 καὶ

150 1883 606 1953 δεδοκιμασμένοι
644 1887 872 1947 κανόνες
911 1882 1072 1954 ὦσιν,
1124 1883 1208 1954 ἐφ’
1257 1881 1336 1937 ὧν
1373 1886 1698 1953 ποιήσονται
1735 1885 1831 1945 τὰς

147 1974 283 2025 κατὰ
330 1971 494 2042 μέρος
539 1976 845 2041 γυμνασίας
888 1974 961 2042 μὴ
1007 1974 1186 2026 πάντα
1224 1973 1553 2042 μιμούμενοι
1599 1974 1664 2025 τὰ
1702 1970 1822 2042 παρ’

149 2060 379 2123 ἐκείνοις
416 2063 637 2129 κείμενα
675 2070 790 2123 τοῖς
828 2061 1123 2131 ἀνδράσιν,
1164 2061 1302 2115 ἀλλὰ
1348 2063 1443 2124 τὰς
1488 2059 1589 2130 μὲν
1636 2060 1828 2131 ἀρετὰς
1853 2073 1895 2107 15

149 2149 332 2202 αὐτῶν
379 2149 774 2217 λαμβάνοντες,
821 2151 916 2212 τὰς
962 2149 1010 2202 δ’
1058 2149 1356 2219 ἀποτυχίας
1402 2151 1827 2218 φυλαττόμενοι*

150 2237 426 2306 ἁψάμενός
465 2257 522 2290 τε
560 2247 671 2290 τῶν
710 2236 1077 2308 συγγραφέων
1117 2237 1363 2306 ἐδήλωσα
1393 2237 1483 2290 καὶ
1522 2236 1646 2308 περὶ
1690 2241 1828 2291 Θου-

149 2327 383 2378 κυδίδου
415 2327 480 2378 τὰ
513 2327 786 2379 δοκοῦντά
818 2347 928 2395 μοι,
968 2329 1221 2396 συντόμῳ
1253 2346 1311 2379 τε
1341 2325 1432 2379 καὶ
1463 2326 1828 2395 κεφαλαιώδει

271 2534 293 2572 1
324 2528 388 2573 ἔτι
412 2529 518 2583 περὶ,
541 2526 834 2573 θουκυδίδου
859 2529 1141 2584 πλατύτερον
1157 2529 1206 2572 Μ
1230 2529 1312 2573 ubi
1334 2529 1411 2573 hic
1436 2529 1555 2574 liber
1578 2529 1828 2586 epistulam

152 2588 214 2632 ad
251 2588 525 2644 Pompeium
569 2587 762 2644 excipib‚
794 2587 935 2631 titulo
975 2590 1103 2632 caret
1140 2589 1198 2633 Ρ·
1239 2586 1488 2633 Διονυσίου
1529 2586 1827 2645 Ἀλεξανδρου

146 2644 528 2703 Αλικαρνασσέως
552 2648 657 2702 περὶ
695 2653 775 2690 τοῦ
802 2645 1095 2691 Θουκυδίδου
1118 2655 1407 2705 χαρακτῆρος
1430 2648 1510 2693 καὶ
1533 2655 1624 2692 τῶν
1655 2652 1827 2693 λοιπων

151 2713 231 2750 τοῦ
273 2704 571 2779 συγγραφέως
610 2703 870 2761 ἰδιωμάτων
909 2705 1147 2763 inscripsit
1186 2706 1459 2764 Sylburgius
1640 2713 1665 2752 6
1697 2705 1828 2756 τίνας

153 2763 438 2822 Kruegerus:
472 2764 602 2815 τινὰς
634 2763 689 2815 ἃς
712 2764 838 2807 MPf
954 2770 1009 2808 10
1038 2766 1277 2841 θηρώσης)
1303 2766 1476 2822 ὁρωσης
1507 2765 1637 2810 MPf
1682 2766 1827 2809 distat

154 2827 237 2867 941
257 2824 310 2868 R.
343 2823 428 2880 τὴν
459 2823 689 2881 ποσότητα
716 2823 836 2879 ὁρῶν
973 2829 1024 2867 11
1052 2841 1131 2868 ινα
1148 2841 1228 2882 της
1252 2842 1332 2869 ινα
1356 2832 1451 2876 τοῖς
1474 2825 1510 2867 Ρ
1629 2830 1682 2868 12
1714 2840 1825 2879 προ-

154 2895 444 2953 αιρουμένεις
463 2897 521 2939 Ρ1
643 2901 696 2940 13
730 2895 1097 2954 ὃεδοκισμαμένη
1131 2898 1190 2941 P1
1333 2897 1429 2955 ἑφω
1462 2901 1507 2954 (ν
1539 2911 1751 2953 suprascr
1779 2910 1825 2938 m

154 2955 212 3011 Π)
237 2955 295 2998 P¹
460 2961 511 2999 17
545 2957 611 3014 τε]
638 2953 689 2999 δε·
715 2955 950 3012 Reiskius‚
984 2970 1071 3013 ego
1104 2957 1356 3002 deleuerim
