2004 3202
1942 0 1976 29 &za

249 113 356 166 356
675 112 1016 156 ΔΙοΝΤΣιοΤ
1046 110 1513 154 ΑΛῙΚΑΡΝΑΣΕΩΣ
1966 31 1977 96 ἱ

248 251 443 318 μήσειν
477 247 505 316 ἢ
539 247 600 300 ἐν
634 248 640 316 l
676 247 824 319 αὐτῷ
862 248 966 315 ἤδη
1008 247 1178 314 ὄντες,
1218 246 1455 314 χαλεπὸν
1492 245 1594 312 τὴν
1633 243 1960 313 ἀκρίβειαν8

249 336 423 405 αὐτὴν
460 346 571 389 τῶν
611 335 923 405 λεχθέντων
970 336 1439 403 διαμνημονεῦσαι
1478 329 1548 401 ἦν
1594 331 1721 401 ε’μοί
1760 351 1818 385 τε
1856 327 1935 385 ὧν

250 424 413 487 αὐτὸς
451 426 660 493 ἤκουσα
698 423 789 476 καὶ
839 432 955 485 τοῖς
1003 421 1245 476 ἄλλοθέν
1290 428 1469 476 ποθεν
1509 419 1628 491 ε’μοὶ
1668 419 1935 488 ἀπαγγέλ-

246 518 463 566 λουσιν·
527 514 599 576 ὡς
639 511 686 565 δ’
727 511 795 564 ἀν
843 511 1075 564 ἐδόκουν
1124 531 1217 580 μοι
1263 509 1480 564 ἕκαστοι
1526 508 1652 580 περὶ
1703 519 1813 562 τῶν
1852 508 1935 562 ἀεὶ

202 621 223 652 5
246 603 539 671 παρόντων
566 603 631 654 τὰ
657 600 853 654 δέοντα
877 601 1111 669 μάλιστα
1143 601 1335 668 εἰπεῖν,
1368 598 1606 671 ἐχομένῳ
1640 599 1669 652 ὅ
1693 618 1745 651 τι
1779 597 1936 666 ε’γγύ-

247 710 380 743 τατα
426 697 521 757 τῆς
576 688 856 757 ξυμπάσης
909 689 1129 757 γνώμης
1174 696 1286 740 τῶν
1337 686 1560 756 ἀληθῶς
1605 685 1936 756 λεχθέντων,

249 778 422 840 οὕτως
477 782 700 846 εἴρηται.
777 779 843 829 τά
886 773 951 829 ’δὲ
999 779 1132 846 ἔργα
1179 785 1290 829 τῶν
1335 775 1700 846 πραχθέντων
1747 775 1808 829 ἐν
1861 783 1937 848 τῷ

246 866 463 938 πολέμῳ
505 865 606 918 οὐκ
640 865 698 918 ἐκ
729 873 829 918 τοῦ
860 868 1273 935 παρατυχόντος
1304 864 1509 933 ἠξίωσα
1537 866 1776 937 ,γράφειν
1808 864 1929 918 οὐδ’

249 956 322 1018 ὡς
363 953 481 1023 ἐμοὶ
522 955 695 1022 δοκεῖ,
744 952 861 1007 ἀλλ’
903 948 986 1017 οἷς
1034 973 1093 1007 τε
1133 954 1298 1016 αὐτὸς
1335 961 1481 1023 παρῆ
1521 952 1611 1006 καὶ
1643 956 1791 1024 παρὰ
1828 963 1940 1007 τῶν

181 1062 226 1093 10
250 1045 433 1096 ἄλλων
466 1043 599 1096 ὅσον
631 1044 874 1095 δυνατὸν
906 1043 1158 1114 ἀκριβείᾳ
1188 1041 1313 1112 περὶ
1347 1041 1578 1096 ἑκάστου
1616 1042 1938 1106 ἐπεξελθών.

253 1132 523 1194 ἐπιπόνως
570 1129 632 1184 δὲ
672 1132 982 1201 εὑρίσκετο,
1035 1133 1180 1184 διότι
1221 1133 1274 1184 οἱ
1311 1134 1580 1202 παρόντες
1610 1141 1726 1194 τοῖς
1758 1134 1940 1201 ἔργοις

251 1220 318 1274 οὐ
358 1222 424 1273 τὰ
464 1219 602 1273 αὐτὰ
640 1218 767 1289 περὶ
799 1230 911 1273 τῶν
942 1220 1128 1273 αὐτῶν
1159 1222 1370 1288 ἔλεγον,
1411 1219 1528 1273 ἀλλ’
1568 1221 1640 1283 ὡς
1673 1219 1942 1291 ἑκατέρων

249 1329 332 1372 τις
373 1308 594 1371 εὐνοίας
631 1307 664 1376 ἢ
705 1310 919 1378 μνήμης
951 1311 1080 1377 ἔχοι.
1143 1307 1234 1362 καὶ
1275 1309 1329 1372 ἐς
1367 1307 1469 1379 μὲν
1506 1308 1772 1378 ἀκρόασιν
1811 1315 1941 1372 ἴσως
2003 1336 2004 1378 γ

250 1399 310 1450 τὸ
351 1399 422 1466 μὴ
463 1398 720 1467 μυθῶδες
759 1397 943 1450 αὐτῶν
981 1396 1379 1467 ἀτερπέστερον
1411 1406 1687 1467 φανεῖται·
1728 1398 1846 1451 ὅσοι
1880 1395 1940 1450 δὲ
1979 1391 2004 1450 ’ζ

185 1503 227 1536 15
252 1487 621 1554 βουλήσονται
660 1495 771 1538 τῶν
809 1489 1123 1554 γεγονότων
1153 1487 1215 1539 τὸ
1249 1484 1418 1555 σαφὲς
1450 1495 1674 1539 σκοπεῖν
1705 1485 1794 1539 καὶ
1830 1496 1942 1539 τῶν
1984 1519 1987 1527 r

251 1577 566 1644 μελλόντων
603 1571 736 1627 ποτὲ
777 1571 943 1637 αὖθις
980 1577 1116 1628 κατὰ
1148 1576 1209 1628 τὸ
1242 1573 1620 1646 ἀνζθρώπινον
1657 1576 1926 1628 τοιούτων
1942 1583 2004 1637 861

251 1661 342 1715 καὶ
382 1665 780 1731 παραπλησίων
819 1665 1073 1732 ἔσεσθαι,
1115 1662 1362 1733 ὠφέλιμα
1401 1667 1612 1734 κρίνειν
1651 1663 1805 1731 αὐτά,
1846 1663 1940 1734 ἀρ-

253 1751 497 1812 κούντως
537 1749 663 1814 ἕξει·
703 1753 877 1821 κτῆμά
915 1771 972 1804 τε
1013 1752 1067 1815 ἐς
1106 1750 1190 1805 ἀεὶ
1221 1757 1432 1821 μᾶλλον
1466 1752 1498 1821 ἢ
1540 1753 1823 1821 ἀγώνισμα
1863 1754 1940 1815 εἰς

253 1840 314 1891 τὸ
368 1846 697 1909 παραχρῆμα
751 1839 975 1893 ἀκούειν
1029 1841 1319 1909 ξύγκειται.
1395 1851 1507 1894 τῶν
1561 1838 1622 1894 δὲ
1671 1844 1940 1911 πρότερον

187 1946 230 1978 20
254 1930 431 1997 ἔργων
462 1926 722 1995 μέγιστον
762 1927 1010 1999 ε’πράχθη
1055 1931 1115 1982 τὸ
1150 1931 1433 1999 Μηδικόν·
1472 1929 1562 1983 καὶ
1594 1938 1756 1983 τοῦτο
1798 1931 1940 1999 ὅμως

253 2018 410 2069 δυεῖν
455 2019 788 2086 ναυμαχίαιν
833 2016 923 2070 καὶ
982 2021 1337 2088 πεζομαχίαιν
1382 2020 1484 2088 τὴν
1529 2022 1714 2089 κρίσιν
1762 2021 1940 2087 ἔσχενῗ

253 2106 453 2158 τούτου
493 2102 554 2157 δὲ
592 2113 691 2158 τοῦ
729 2104 973 2175 πολέμου
1012 2110 1182 2176 μῆκός
1230 2127 1286 2160 τε
1332 2107 1470 2177 μέγα
1507 2109 1722 2178 προῦβη
1762 2109 1940 2175 παθή-

254 2194 395 2261 ματά
433 2213 489 2246 τε
529 2192 840 2263 ξυνηνέχθη
891 2194 1152 2262 γενέσθαι
1202 2195 1261 2248 έν
1309 2196 1456 2268 αὐτῷ
1495 2205 1557 2267 τῇ
1584 2196 1811 2260 ῗΕλλάδι
1852 2189 1940 2249 οἷα

376 2386 398 2424 1
432 2382 517 2438 τὴν
550 2381 835 2442 [ἀκρίβειαν]
861 2383 884 2426 f
1030 2390 1055 2427 2
1089 2386 1524 2443 [διαμνημονεῦσαι]
1559 2381 1618 2442 ἦν
1649 2386 1672 2428 f
1803 2390 1828 2428 3
1861 2385 1938 2428 ἄλ·

257 2442 409 2484 λωθεν
426 2440 462 2482 Ρ
490 2442 495 2497 Ι
525 2440 881 2498 ἐπαγγέλλουσιν
906 2443 942 2486 Ρ
1033 2448 1061 2486 4
1087 2443 1189 2500 ἐμοὶ
1216 2446 1256 2488 Θ
1288 2445 1370 2488 sed
1394 2461 1472 2500 μοι
1498 2444 1537 2489 G
1615 2450 1640 2488 6
1667 2445 1881 2501 ἀλληθῶς
1903 2445 1938 2488 Ρ

377 2503 400 2540 7
433 2497 491 2541 τὰ
523 2497 567 2542 δ’
598 2500 621 2541 f
736 2507 761 2544 8
795 2499 967 2558 ἠξίωσα
998 2502 1113 2547 MP:
1155 2503 1517 2559 πυνθανόμενος
1548 2502 1720 2559 ἠξίωσα
1751 2504 1774 2547 f
1782 2505 1822 2548 Θ

259 2561 284 2598 9
319 2555 470 2600 ἐδόκει
494 2557 562 2600 Pf
586 2560 590 2614 Ι
619 2558 744 2615 παρῆ
770 2560 827 2605 P:
859 2567 1016 2617 παρῆν
1040 2562 1148 2618 Mf!
1176 2562 1270 2606 fort
1292 2563 1372 2607 καὶ
1389 2561 1519 2622 (τά)
1536 2562 1665 2617 παρὰ
1770 2567 1820 2606 11
1842 2562 1937 2606 ἐπι-

257 2614 403 2665 πόνος
426 2615 462 2658 Ρ
490 2617 495 2671 Ι
525 2614 644 2660 διὀτι
668 2618 703 2660 Ρ
743 2620 748 2674 Ι
786 2618 936 2676 ἔργοις
959 2621 1074 2665 MP:
1117 2620 1266 2677 ἔργοις
1305 2620 1513 2672 ἑκάστοις
1541 2621 1565 2664 f
1576 2623 1616 2666 Θ
1798 2627 1849 2665 12
1883 2622 1936 2664 οὐ

257 2672 403 2717 ταύτὰ
427 2674 498 2717 f&
525 2677 531 2730 Ι
561 2674 761 2735 ἑκατέρῳ
790 2679 830 2721 Θ
862 2679 945 2721 Sed
978 2677 1207 2735 ἑκατέρων
1232 2680 1264 2723 C
1388 2686 1441 2724 15
1467 2679 1725 2737 γεγονότων
1749 2681 1861 2724 ΜΡ;
1891 2694 1937 2723 τε

259 2730 520 2788 γενομένων
546 2733 569 2775 f
576 2735 616 2777 Θ
738 2740 791 2778 16
824 2737 1127 2791 ἀνθρώπειον
1163 2741 1203 2783 Θ
1234 2740 1317 2783 sed
1348 2740 1655 2794 ἀνθρώπινον
1688 2740 1738 2782 F
1745 2740 1810 2783 G¹

262 2796 315 2834 17
348 2791 604 2846 ἀρκούντος
628 2793 686 2835 Ρ1
831 2799 883 2837 18
915 2793 957 2837 τ’
988 2796 1035 2847 ἐς
1058 2797 1093 2840 Ρ
1122 2801 1126 2853 Ι
1156 2797 1249 2842 αἰεὶ
1273 2797 1324 2855 fl
1354 2797 1399 2849 ἐς
1422 2798 1493 2842 f&
1635 2803 1690 2841 20
1725 2798 1858 2854 ἔργον
1890 2796 1938 2840 Μ

349 2855 401 2892 21
429 2850 528 2907 [καὶ
552 2850 855 2909 πεζομαχίαιν
881 2856 1091 2913 ταχεῖαν]
1117 2856 1201 2912 τὴν
1225 2857 1248 2899 f
1271 2859 1276 2913 Ι
1303 2856 1389 2913 τὴν
1413 2857 1527 2900 MP:
1560 2864 1750 2914 ταχεῖαν
1773 2857 1857 2913 τὴν
1876 2855 1933 2914 ΘΙ

263 2907 360 2966 ἔσχε
391 2909 415 2951 f
530 2914 585 2952 23
621 2909 813 2969 ἑλλάῙ-δι]
848 2925 951 2954 cum
984 2913 1127 2957 litura
1153 2915 1201 2957 M
