2004 3202
372 0 395 68 1

233 124 343 177 394
393 69 418 139 χ
663 123 1003 166 ΔΙΟΝΥΣΙΟΤ
1034 123 1499 166 ΑΑΙΚΑΡΝΑΣΕῼΣ

233 269 408 328 γενεῖς
448 234 882 342 ἀπολλυμένους,
923 254 1333 326 αὐθαδέστερον
1371 258 1450 309 ἔτι
1488 257 1586 309 τὸν
1609 255 1912 325 Ἀθηναῖον

234 348 675 418 ἀποκρινόμενον
707 346 933 412 εἰσάγει·
974 345 1104 412 (Τῆς
1135 364 1236 413 μεν
1266 346 1460 397 τοίνυν
1489 346 1625 415 πρὸς
1656 346 1716 398 τὸ
1749 351 1911 398 θεῖον

234 434 529 508 εὐΙμενειάς
603 432 689 485 ὐδ’
712 433 865 502 ἡμεῖς
903 435 1135 502 οἰόμεθα
1174 435 1545 496 λελειΜψεσθαι
1586 431 1751 487 οὐδεν
1789 435 1893 504 γὰρ
1911 422 1981 491 Μ’

234 524 333 589 ἔξω
373 532 467 594 τῆς
506 438 609 601 μέν
640 521 1007 592 ἀνθρωπείας,
1046 529 1140 589 τῆς
1173 519 1219 574 δ’
1252 522 1330 583 εἰς
1361 522 1420 574 τὸ
1453 527 1614 575 θεῖον
1645 521 1910 591 νεμέσεως
1979 527 1983 597 ’-

185 632 208 662 5
233 623 344 666 τῶν
374 612 420 667 τ’
453 616 531 677 εἰς
565 618 707 680 σφᾶς
739 610 940 672 αὐτοὺς
971 611 1288 678 βουλήσεων
1324 611 1644 679 δικαιοῦμεν
1673 610 1706 679 ἢ
1738 611 1911 680 πράσ-
1978 605 1983 666 ξ

234 716 414 771 σομεν.
490 699 780 767 ἡγούμεθα
818 699 922 769 γὰρ
962 700 1024 751 τό
1063 718 1119 751 τε
1157 704 1319 751 θεῖον
1357 697 1487 769 δόξῃ
1526 698 1911 769 τάνθρώπειόν

233 810 291 844 τε
329 801 519 860 σαφῶς
559 788 650 840 διὰ
695 787 899 849 παντὸς
938 786 1042 839 ἀπὸ
1084 773 1302 856 φύσεως
1349 786 1679 855 ἀναγκαίως,
1728 783 1793 840 οὗ
1840 786 1911 839 ἂν
1980 790 1985 844 ’.

232 888 419 950 κρατῇ,
448 875 677 945 ἄρχειν’·
716 876 929 928 τούτων
953 875 981 928 ὁ
1006 883 1140 937 νοῦς
1172 877 1285 928 ἔστι
1317 872 1418 944 μὲν
1443 876 1795 938 δυσείκαστος
1818 873 1909 927 καὶ
1983 863 1985 867 ¹

232 977 348 1030 τοῖς
382 965 533 1034 πάνυ
574 965 838 1016 δοκοῦσιν
877 963 1141 1034 ἐμπείρως
1179 971 1278 1017 τοῦ
1310 963 1511 1033 ἀνδρὸς
1551 966 1711 1033 ἔχειν,
1750 983 1910 1016 κατα·

168 1072 210 1104 ιο
232 1038 467 1114 κλείεται
514 1050 561 1104 δ’
603 1054 679 1114 εἰς
726 1055 983 1106 τοιοῦτόν
1028 1073 1080 1105 τι
1125 1052 1317 1123 πέρας,
1366 1053 1449 1105 ότι
1494 1053 1554 1105 τὸ
1603 1073 1703 1122 μεν
1747 1057 1910 1105 θεῖον
1984 1063 1987 1071 ’

234 1141 364 1222 δόξῃ
405 1142 775 1209 γινώσκουσιν
814 1143 1072 1210 απαντες,
1122 1142 1188 1194 τα
1235 1138 1297 1194 δε
1341 1142 1479 1212 πρὸς
1518 1141 1788 1210 ἀλλήλους
1827 1142 1910 1193 δί-

228 1230 360 1289 βέαια
398 1237 473 1301 τῷ
511 1237 680 1303 κοινςό
726 1237 821 1299 τῆς
868 1231 1085 1299 φύσεως
1130 1233 1386 1299 κρίνουσι
1433 1232 1604 1302 νόμῳ·
1653 1226 1814 1292 οὗτος
1851 1227 1901 1282 δ’

92 1341 150 1392 'f
234 1320 384 1371 έστιν
431 1321 620 1389 ἄρχειν
666 1314 744 1371 ὧν
792 1338 861 1371 αν
909 1319 1146 1386 δύνηταί
1187 1333 1269 1380 τις
1315 1327 1549 1389 κρατεῖν.
1627 1317 1909 1371 ἀκόλουθα

0 1393 98 1464 J
233 1404 323 1458 καὶ
362 1415 532 1459 ταῦτα
569 1415 685 1469 τοῖς
723 1407 960 1476 πρώτοις
996 1405 1086 1459 καὶ
1127 1407 1252 1459 οὔτε
1276 1404 1596 1474 Ἀθηναίοις
1635 1406 1760 1458 οὔτε
1784 1404 1909 1458 ’Ἐλ-

173 1508 214 1540 15
238 1498 363 1562 λήσι
402 1494 679 1566 πρέποντα
718 1496 987 1565 εἰρῆσθαι.

143 1580 214 1631 41
347 1585 569 1646 Πολλὰς
600 1584 906 1652 δυνάμενος
930 1584 1008 1635 ἔτι
1041 1583 1287 1644 διανοίας
1317 1581 1694 1652 παρασχέσθαι
1721 1582 1781 1634 τὸ
1815 1595 1910 1634 συ·-

235 1672 396 1724 νετὸν
422 1671 648 1740 ἐχούσας
671 1673 935 1741 πονηρόν,
963 1671 1055 1723 ἵνα
1077 1671 1149 1739 μὴ
1174 1674 1378 1724 πλείων
1403 1671 1430 1724 ὁ
1457 1673 1618 1738 λόγος
1646 1669 1650 1740 Ι
1678 1669 1894 1738 γένοιτό
1912 1685 1964 1725 91

236 1780 329 1827 μοι
360 1768 459 1812 τοῦ
498 1763 739 1830 μετρίου,
778 1760 879 1828 τὴν
916 1762 1233 1812 τελευταίαν
1267 1762 1345 1812 ἔτι
1376 1761 1702 1830 προσθήκην
1738 1777 1910 1828 παρα-
2002 1791 2004 1837 Ι

237 1849 475 1916 λήψομαι
522 1850 714 1916 μόνην,
760 1847 831 1915 ἣν
869 1847 1341 1916 ἀπαλλαττόμενος
1381 1847 1438 1900 ἐκ
1484 1855 1582 1900 τοῦ
1634 1849 1910 1914 συλλόγου
2003 1840 2004 1860 ³

169 1955 213 1986 20
236 1934 264 1988 ὁ
297 1933 591 2003 Ἀθηναῖος
631 1941 866 2005 εἴρηκεν·
916 1934 1057 1988 (ἀλλ’
1095 1936 1252 2005 ὑμῶν
1290 1936 1355 1988 τὰ
1401 1932 1502 2004 μὲν
1543 1937 1738 2005 ἰσχυρὰ
1777 1937 1910 1988 ὄντα

235 2022 552 2092 ἐλπιζόμενα
591 2022 865 2092 μέλλεται,
911 2025 978 2076 τὰ
1025 2021 1085 2076 δὲ
1130 2026 1375 2094 παρόντα
1421 2022 1624 2094 βραχέα
1668 2024 1805 2093 πρὸς
1843 2024 1908 2076 τὰ

353 2216 377 2254 2
411 2211 540 2255 Thuc
563 2211 605 2255 V
630 2217 712 2255 105
835 2217 891 2256 20
923 2212 964 2255 V
990 2218 1070 2256 111

235 2395 382 2442 γενεῖς
413 2389 480 2431 M:
514 2389 593 2431 καὶ
625 2396 856 2445 συγγενεῖς
879 2389 951 2432 Pf
1072 2395 1100 2432 4
1131 2396 1211 2446 τῆς
1242 2388 1326 2445 μὲν
1350 2389 1464 2434 MP.
1497 2397 1576 2446 τῆς
1599 2389 1671 2434 f&
1702 2391 1907 2433 ueterem

236 2445 373 2488 huius
405 2446 497 2489 loci
528 2447 939 2503 interpolationem
971 2448 1243 2492 oblitberare
1266 2448 1410 2504 nolui,
1438 2448 1486 2491 cf
1507 2448 1711 2492 Sadaeus
1743 2463 1773 2503 p
1793 2447 1900 2505 1631

236 2502 573 2557 ἀνθρωπίαςΜ
595 2506 600 2563 Ι
620 2522 700 2561 της
725 2504 767 2548 δ’
777 2504 843 2561 (δε
858 2507 910 2561 Ρ)
929 2507 993 2558 εἰς
1009 2507 1121 2551 MP.
1146 2515 1237 2552 τῶν
1262 2505 1346 2563 μὲν
1372 2507 1416 2558 ἐς
1438 2507 1534 2555 ῈΘΙ
1532 2506 1776 2562 νεμέσεως
1792 2506 1905 2550 ΜΡ·

237 2560 456 2617 νομίσεως
480 2563 551 2606 f&
640 2570 664 2605 5
697 2563 736 2606 τ’
768 2564 832 2614 εἰς
855 2566 967 2636 MP:
995 2564 1044 2609 δὲ
1071 2565 1117 2616 ἐς
1140 2566 1211 2610 f&
1238 2568 1244 2620 Ι
1273 2565 1456 2622 σφὰςΜ
1484 2568 1488 2623 Ι
1517 2541 1775 2639 βουλήσεων
1792 2565 1904 2608 MP:

235 2620 488 2694 βουλήσεως
512 2622 534 2662 f
544 2623 583 2664 Θ
775 2628 800 2666 6
833 2623 883 2666 τό
915 2625 981 2681 τε]
1014 2624 1114 2668 τότε
1145 2640 1193 2668 τε
1225 2625 1273 2668 Μ
1301 2627 1306 2682 Ι
1333 2622 1635 2680 τάνθρώπιόν
1666 2624 1759 2667 ΜΡ

237 2684 260 2722 7
295 2678 386 2722 ἀπὸ
419 2679 529 2723 MP:
563 2680 652 2723 ὑπὸ
685 2680 758 2723 f&
786 2683 790 2737 Ι
819 2680 1080 2746 ἀναγκαιας
1115 2685 1154 2727 Θ
1292 2689 1343 2726 11
1378 2684 1707 2740 γιγνώσκουσιν
1739 2682 1788 2725 Μ

238 2743 291 2781 13
343 2737 509 2782 ἐστὶνῖ
547 2740 551 2793 Ι
596 2734 659 2782 ὧν
707 2743 767 2794 μὴ
807 2739 919 2783 MP:
968 2745 1031 2784 ὡν
1063 2741 1122 2785 f.
1158 2742 1358 2786 correxit
1405 2742 1608 2786 Sadaeus
1646 2756 1677 2797 p
1702 2746 1787 2784 218

239 2801 292 2840 16
325 2796 529 2846 πολλὰς.
594 2796 953 2868 ,παρασχέσθαι
982 2799 1124 2843 iterat
1155 2801 1191 2843 P
1219 2803 1223 2857 Ι
1255 2801 1313 2844 ἔτι
1349 2801 1461 2845 MP:
1495 2800 1559 2850 εἰς
1582 2799 1605 2841 f
1745 2803 1796 2841 17
1830 2797 1905 2842 λό-

237 2872 326 2911 γως
349 2855 384 2898 Ρ
419 2856 556 2957 legort
594 2854 784 2911 γένηται
816 2855 857 2898 cl
883 2861 988 2912 399,
1016 2863 1040 2900 6
1163 2863 1218 2901 20
1258 2858 1420 2916 ἰσχυρὰ
1459 2858 1570 2903 όντα
1602 2857 1740 2902 MPf:
1781 2857 1904 2914 ἰσχυ-

237 2913 405 2968 ρότατα
