2004 3202
204 145 310 198 278
617 147 956 189 ΔΙΟΝΥΣῑοΤ
987 146 1458 189 ΑΛΙΚΑΡΝΑΣΕΩΣ
1937 0 2000 172 ῚΙ

202 287 407 336 παθεῖν
445 278 535 333 καὶ
575 280 603 334 ὁ
643 283 874 349 ποιήσας
910 286 1153 348 ποιῆσαι,
1193 276 1308 333 εἶτα
1339 286 1579 351 χρῆσθαι
1612 278 1884 351 ὁποτέρως

203 369 274 422 ἂν
312 370 563 440 ἁρμόττῃ.
642 369 816 421 ε’νίοτε
855 370 959 438 γὰρ
996 367 1001 436 Ι
1037 369 1307 436 διαφωνεῖ
1344 370 1404 421 τὸ
1445 376 1725 437 τοιοῦτον,
1771 370 1871 431 ὥς-
1889 383 1994 424 748

205 476 305 528 περ
353 458 412 511 έν
457 465 532 530 τῷ
573 455 902 526 Ἀλκμαίωνι
948 463 1024 527 τῷ
1076 457 1381 510 Θεοδέκτου
1421 498 1432 509 .
1458 498 1505 510 ..
1545 455 1636 509 καὶ
1684 449 1806 510 οἷον
1851 457 1884 526 ἡ

202 545 327 616 περὶ
358 545 762 615 Δημοσθένους
801 546 926 612 δίκη
965 543 1056 596 καὶ
1095 554 1207 598 τῶν
1238 545 1681 598 ἀποκτεινάντων
1711 546 1887 598 Νικά-

139 653 161 686 5
205 634 377 706 νοραῖ
460 638 553 697 Τίς
599 630 702 687 οὗν
750 633 899 686 ἐστιν
937 632 969 700 ἡ
1010 633 1416 702 Δημοσθένους
1455 635 1579 702 δίκη
1621 632 1735 702 [καὶ
1775 643 1887 686 τῶν

201 723 642 777 ἀποκτεινάντων
689 721 1001 792 Νικάνορα]
1057 721 1182 793 περὶ
1235 718 1299 790 ἧς
1354 722 1382 775 ὁ
1438 724 1745 791 φιλόσοφος
1798 721 1886 790 γέ-

202 833 432 883 γραφεν,
472 811 532 864 ἐν
570 804 605 881 ᾗ
639 811 700 863 τὸ
732 811 1077 880 κυριώτατον
1107 818 1202 878 τῆς
1235 810 1688 880 ἀμφισβητήσεως
1718 812 1885 880 κεφά-

201 905 361 954 λαιον
394 897 464 968 ἦν
496 899 554 951 ἐκ
585 906 684 951 τοῦ
715 900 852 969 πρὸς
885 901 1092 967 ἄλληλα
1134 902 1330 964 τόπους
1369 899 1402 967 ἡ
1445 899 1583 969 πρὸς
1614 900 1887 968 Αἰσχίνην

201 986 339 1059 ’ὑπὲρ
386 991 783 1057 Κτησιφῶντος
836 996 936 1041 τοῦ
990 991 1367 1059 παρασχόντος
1413 987 1768 1056 Δημοσθένει
1822 989 1884 1041 τὸ

135 1095 179 1127 1ο
201 1076 325 1148 περὶ
371 1085 470 1129 τοῦ
517 1078 793 1146 στεφάνου
837 1078 1094 1146 ψήφισμα
1131 1075 1223 1129 καὶ
1261 1077 1363 1145 τὴν
1401 1086 1512 1129 τῶν
1549 1078 1886 1146 παρανόμων

200 1166 504 1235 φεύγοντος
552 1167 796 1236 γραφήν·
852 1164 913 1218 ἐν
958 1166 1127 1236 ταύτῃ
1175 1166 1279 1236 γὰρ
1327 1166 1387 1217 τὸ
1436 1165 1769 1234 ζητούμενον
1814 1161 1884 1234 ἧν

199 1254 266 1307 οὐ
305 1255 366 1306 τὸ
405 1256 613 1322 κοινόν,
654 1256 701 1307 εἰ
739 1264 913 1323 τιμῶν
949 1253 1040 1307 καὶ
1081 1255 1370 1323 στεφάνων
1409 1252 1558 1317 ἄξιος
1596 1249 1666 1322 ἦν
1696 1257 1885 1322 Δημο-

200 1341 403 1410 σθένης
457 1342 681 1405 ἐπιδοὺς
736 1342 794 1395 ἐκ
847 1352 958 1395 τῶν
1010 1344 1170 1396 ἰδίων
1215 1344 1502 1412 κτημάτων
1547 1343 1648 1410 τὴν
1694 1343 1773 1404 εἰς
1817 1343 1884 1394 τὰ

199 1434 348 1500 τείχη
388 1432 660 1499 δαπάνην,
700 1429 817 1484 ἀλλ’
859 1433 907 1484 εἰ
945 1429 1072 1484 καθ’
1113 1431 1179 1484 ὃν
1210 1433 1415 1501 χρόνον
1444 1431 1765 1492 ὑπεύθυνος
1795 1426 1882 1498 ἦν,

134 1536 176 1568 15
196 1520 507 1581 κωλύοντος
544 1527 644 1572 τοῦ
675 1522 851 1588 νόμου
883 1521 1012 1582 τοὺς
1042 1520 1399 1581 ὑπευθύνους
1433 1526 1759 1588 στεφανοῦν.
1821 1519 1882 1571 τὸ

197 1610 303 1679 γὰρ
357 1607 415 1660 ἐκ
468 1618 579 1660 τῶν
630 1608 767 1677 πρὸς
815 1609 1023 1675 ἄλληλα
1069 1606 1214 1660 τοῦτ’
1263 1609 1436 1675 ἔστιν,
1492 1609 1540 1660 εἰ
1586 1609 1772 1677 ὥςπερ·
1808 1614 1883 1678 τῷ

199 1698 351 1768 δήμῳ
390 1697 451 1748 τὸ
493 1697 706 1763 δοῦναι,
743 1696 748 1764 Ι
785 1695 958 1757 οὕτως
995 1694 1086 1748 καὶ
1125 1703 1200 1767 τῷ
1238 1696 1541 1767 ὑπευθύνῳ
1580 1697 1641 1747 τὸ
1675 1697 1866 1763 λαβεῖν
1886 1709 1991 1748 749·

197 1784 295 1836 τὸν
343 1783 618 1852 στέφανον
666 1783 804 1852 ἐξῆν.
884 1783 988 1851 ἐγὼ
1035 1781 1137 1853 μὲν
1183 1780 1286 1836 οὖν
1324 1785 1526 1852 ταύτης
1565 1789 1750 1852 οἰόμαι
1788 1791 1883 1851 τῆς

202 1873 355 1940 δίκης
393 1878 707 1941 μεμνῆσθαι
745 1873 842 1924 τὸν
874 1870 1236 1943 Ἀριστοτέλη.
1314 1874 1362 1925 εἰ
1402 1871 1468 1924 δέ
1501 1892 1584 1934 τις
1625 1871 1752 1942 ἐρεῖ,
1798 1872 1882 1924 ὅτι

135 1979 178 2011 20
200 1959 325 2030 περὶ
377 1968 473 2028 τῆς
525 1969 636 2013 τῶν
690 1961 909 2031 δώρων,
964 1961 1034 2028 ἣν
1090 1959 1170 2014 ἐπ’
1217 1959 1563 2023 Ἀντικλέους
1617 1961 1882 2030 ἄρχοντος

200 2049 573 2118 ἀπελογήσατο
626 2048 752 2119 περὶ
802 2050 904 2117 τὴν
943 2047 1310 2120 Ἀλεξάνδρου
1357 2050 1640 2117 τελευτήν,
1694 2053 1882 2119 πολλῷ

201 2225 260 2278 ὡς
298 2224 321 2267 6
355 2261 363 2268 .
392 2261 400 2268 .
429 2260 436 2268 .
471 2222 700 2279 ἀπάγεται
741 2223 952 2267 scholion
990 2239 1069 2280 mg
1100 2225 1149 2267 M
1187 2224 1348 2279 rubro,
1390 2223 1440 2266 in
1478 2226 1660 2268 textum
1694 2236 1879 2279 recepe-

202 2285 310 2326 runt
340 2283 428 2327 Ps:
470 2297 544 2326 om
575 2282 660 2326 ΒΟ
714 2284 718 2340 Ι
770 2284 830 2333 ὡς
869 2282 892 2326 6
934 2283 1094 2339 φώνου
1126 2283 1175 2326 Μ
1237 2283 1296 2334 ὡς
1329 2282 1459 2339 ὁφῶν
1491 2283 1624 2340 (haec
1657 2281 1733 2325 del
1764 2297 1811 2324 m
1841 2282 1878 2337 I)

203 2342 262 2391 ὡς
294 2341 317 2385 ὁ
350 2342 499 2398 φόνου
531 2342 567 2385 Ρ
596 2344 600 2399 Ι
628 2341 732 2385 υἱοῦ
763 2348 844 2398 τῆς
877 2341 1043 2386 ἑαυτοῦ
1075 2342 1112 2385 Ρ
1141 2344 1145 2399 Ι
1174 2342 1247 2386 διὸ
1283 2356 1358 2386 om
1387 2342 1454 2385 Ps

319 2419 343 2456 2
377 2414 576 2487 ἁρμόττῃ
606 2415 679 2458 Μ2
686 2415 759 2471 Β,
787 2430 806 2458 s
854 2415 1085 2472 ἁρμόττην
1108 2415 1225 2459 ΜῙΟ
1275 2415 1487 2471 ἁρμόττει
1519 2415 1623 2458 B¹P
1651 2415 1655 2471 Ι
1686 2413 1832 2458 ἐνίοτε
1859 2429 1877 2456 S

203 2485 258 2516 ex
290 2473 349 2516 A·
384 2471 524 2524 ἐνίοις
554 2474 665 2517 libri
695 2475 818 2518 unde
851 2474 902 2519 ἐν
935 2473 1076 2525 ἐνίοις
1108 2475 1151 2518 01
1184 2474 1457 2532 Spengelius
1486 2477 1492 2531 Ι
1518 2474 1750 2530 τοιοῦτον]
1783 2489 1879 2516 τοι-

204 2537 340 2575 οῦτον
364 2532 443 2575 καὶ
462 2530 600 2577 οὐδεν
617 2533 779 2576 κωλύει
796 2534 836 2576 Α
928 2539 953 2576 3
979 2538 1041 2592 τῷ
1062 2534 1218 2592 Θεοδ]
1243 2541 1323 2578 τοῦ
1345 2536 1398 2578 Θ.
1416 2534 1447 2576 11
1436 2533 1523 2608 [p
1528 2535 1600 2576 ost
1619 2529 1878 2576 Θεοδέκτου

203 2603 318 2644 quos
349 2589 458 2634 inde
483 2590 607 2634 looos
631 2592 803 2647 promit
827 2593 880 2648 A,
915 2579 1072 2636 omisit
1095 2593 1345 2648 Dionysius
1374 2594 1379 2650 Ι
1409 2589 1510 2636 οἷον
1543 2605 1618 2635 0111
1641 2590 1690 2633 111
1716 2591 1757 2632 A
1773 2591 1876 2645 Par⁷

203 2662 296 2691 11011
327 2651 347 2691 t
451 2654 478 2691 4
508 2656 532 2693 5
567 2648 841 2706 Νικόδημον
866 2651 1110 2695 Aristoteli
1141 2651 1352 2696 restituit
1378 2650 1607 2707 Sauppius
1641 2649 1689 2692 cf
1709 2649 1878 2692 Sohae-

206 2706 293 2750 feri
323 2707 439 2750 Dem
462 2708 528 2750 112
553 2713 635 2751 102
654 2723 708 2763 sq
828 2715 853 2752 5
886 2710 1008 2754 καὶ.
1074 2716 1142 2754 .6
1177 2708 1425 2765 Νικάνορα
1458 2708 1534 2752 del
1565 2707 1765 2752 Weilius

207 2771 233 2809 8
265 2765 409 2810 τόπου
440 2765 528 2823 ἣη
514 2766 671 2810 libri
725 2767 868 2811 τόπου
902 2768 1012 2825 ἄλλη
1044 2767 1073 2825 ἢ
1105 2769 1134 2826 ἡ
1168 2769 1211 2813 01
1235 2769 1568 2813 Herwerdenus
1693 2771 1746 2809 13
1781 2766 1878 2810 ἐπι-

207 2825 366 2876 διδοὺς
388 2825 518 2869 libri:
551 2839 652 2869 corr
667 2826 1001 2870 Herwerdenus
1095 2833 1150 2871 14
1154 2826 1328 2904 τείχην
1353 2829 1515 2871 δαπῶν
1532 2827 1636 2882 (1100
1655 2825 1877 2880 deletum)

207 2882 426 2941 δαπάνην
457 2885 493 2927 Ρ
615 2890 668 2929 16
711 2884 831 2929 ἐστὶν
865 2885 913 2927 Μ
1035 2891 1089 2930 18
1123 2884 1252 2943 οἶμαι
1282 2887 1319 2929 Β
1442 2891 1501 2930 19
1529 2882 1806 2941 ἀριστοτέλει
1840 2885 1875 2926 Ρ

323 2948 374 2986 21
409 2946 588 2988 πολλῶν
619 2943 651 2986 11
713 2946 896 2987 παλλῶν
927 2944 962 2986 Ρ
