2004 3202
8 0 70 219 ῐ
866 150 1076 191 muoz
1708 149 1810 201 107

129 284 307 353 λέγων
343 285 482 355 πρὸς
519 284 805 346 τοιούτους
851 282 1218 352 ἀπέχθεσθαι,
1270 281 1397 352 μεθ’
1444 279 1523 336 ὧν
1569 282 1815 352 ἀνάγκην

129 369 273 427 εἶναι
311 382 422 425 τῶν
460 372 801 441 τιμιωτάτων
838 380 1143 425 κοινωνεῖν.
1213 373 1397 424 ἔπειτα
1433 371 1735 424 ἀπολύεταί
1761 392 1812 424 τι

127 471 240 515 τῶν
284 463 600 530 μελλόντων
647 460 817 513 αὐτὸν
857 449 1086 527 λυπεῖν,
1140 460 1202 512 τὸ
1251 460 1319 528 δὴ
1365 461 1606 522 πολλοὺς
1652 461 1814 522 ὄντας

128 552 258 612 τοὺς
313 551 551 619 δημότας
603 550 741 619 πρὸς
795 549 965 602 αὐτὸν
1018 549 1334 602 ἀντιδικεῖν.
1413 552 1717 617 συντίθησί
1757 569 1814 602 τε

128 639 194 691 τά
233 638 475 706 ὀνόματα
514 637 581 690 οὐ
621 638 846 706 φαύλως
885 638 959 706 μὰ
998 640 1110 690 Διά
1162 635 1284 690 οὐδ’
1331 637 1404 699 ὡς
1450 635 1520 689 ἂν
1570 638 1814 705 ἰδιώτης·

37 746 126 786 606
151 725 463 794 (ἀδικοῦμαι
526 726 630 795 γὰρ
692 726 799 778 ὑπὸ
862 735 973 778 τῶν
1033 726 1341 795 δημοτῶν’,
1412 722 1627 796 φηξσίν,
1698 725 1814 788 ςοὓς

126 822 393 884 περιορᾶν
423 811 525 883 μὲν
557 814 624 867 οὐ
657 813 853 885 ῥᾴδιον
883 814 1339 884 ἀποστεροῦντας,
1379 813 1725 883 ἀπέχθεσθαι
1758 813 1806 867 δ’

126 902 315 972 ἀηδές,
354 901 483 972 μεθ’
515 898 594 955 ὧν
629 902 837 971 ἀνάγκη
877 901 968 955 καὶ
1009 902 1320 969 <συνθύειν
1350 901 1476 971 καὶ)
1515 906 1814 965 συνουσίας

125 993 316 1054 κοινὰς
345 992 664 1044 ποιεῖσθαι.’
725 991 757 1059 ἡ
791 993 895 1060 γὰρ
927 990 1097 1059 ἀηδὴς
1128 990 1393 1060 ἀπέχθεια
1423 990 1514 1043 καὶ
1546 992 1603 1044 αἱ
1630 991 1813 1044 κοιναὶ

127 1084 419 1134 συνουσίαι
472 1082 866 1150 τεχνικώτερον
920 1081 1236 1148 σύγκεινται
1283 1084 1494 1149 μᾶλλον
1540 1079 1572 1148 ἢ
1620 1079 1814 1149 ἀφελέ-
1840 1099 1881 1128 10

128 1183 341 1239 στερον,
394 1167 484 1222 καὶ
534 1171 613 1221 ἔτι
659 1170 720 1221 τὸ
770 1169 1011 1222 “πολλῶν
1056 1189 1149 1237 μοι
1203 1167 1294 1221 καὶ
1344 1170 1633 1221 δυσκόλων
1680 1184 1815 1238 συμ-

126 1260 442 1311 πιπτόντων
496 1257 597 1327 οὐχ
650 1257 902 1326 ἡγούμην
965 1258 1083 1310 δεῖν
1144 1265 1474 1325 κατοκνῆσαι
1529 1257 1604 1310 δι’
1657 1258 1815 1327 ὑμῶν

124 1353 427 1417 πειρᾶσθαι
458 1347 753 1415 τυγχάνειν
776 1355 887 1399 τῶν
910 1346 1175 1398 δικαίων.’
1237 1346 1432 1413 ἥκιστα
1462 1347 1566 1415 γὰρ
1595 1347 1816 1415 ἰδιώτης

126 1435 197 1489 ἂν
236 1435 434 1498 οὕτως·
474 1434 595 1504 ροὐχ
634 1435 886 1503 ἡγούμην
925 1435 1045 1487 δεῖν
1082 1435 1434 1502 κατοκνῆσαι’
1482 1434 1618 1487 οὐδέ
1651 1454 1712 1502 γε
1751 1436 1812 1488 τὸ

125 1524 220 1578 “δι’
275 1525 432 1594 ὑμῶν
483 1529 783 1593 πειρᾶσθαι
836 1524 1132 1592 τυγχάνειν
1185 1532 1296 1575 τῶν
1350 1524 1624 1590 δικαίων’,
1687 1522 1802 1577 ἀλλ’
1838 1542 1879 1574 15

123 1614 346 1677 ἐκείνως
383 1631 498 1675 πως
537 1616 773 1682 μᾶλλον·
818 1612 1118 1664 “τοσούτων
1155 1610 1222 1679 γε’
1256 1632 1348 1680 μοι
1389 1615 1815 1681 συμπιπτόντων

126 1703 414 1755 δυσκόλων
454 1700 540 1770 ἐφ’
578 1702 720 1770 ὑμᾶς
757 1700 1102 1769 ἠνάγκασμαι
1148 1709 1512 1769 καταφυγεῖν,
1564 1701 1656 1753 ἴνα
1703 1711 1815 1754 τῶν

126 1791 359 1843 δικαίων
395 1790 540 1859 τύχω
580 1788 654 1842 δι’
693 1789 884 1858 ὑμῶν.’

241 1874 390 1947 οἶμαι
436 1875 538 1946 μὲν
584 1873 687 1930 οὗν
739 1876 830 1930 καὶ
879 1877 938 1930 ἐκ
991 1878 1204 1930 τούτων
1251 1877 1351 1930 οὐκ
1406 1879 1615 1946 ἄδηλον
1669 1875 1811 1931 εἶναι
1834 1883 1900 1933 12.

128 1967 229 2035 τὴν
266 1976 378 2019 τῶν
415 1965 637 2035 ἀνδρῶν
676 1967 967 2034 διαφοράν.
1038 1966 1104 2019 οὐ
1144 1967 1254 2035 μὴν
1292 1966 1431 2019 ἀλλά
1474 1965 1562 2019 καὶ
1605 1966 1662 2019 ἐκ
1702 1977 1814 2019 τῶν
1838 1986 1880 2016 20

128 2057 442 2124 μελλόντων
480 2053 740 2122 λέγεσθαι
780 2059 990 2123 μᾶλλον
1029 2057 1179 2107 ἔσται
1218 2056 1535 2124 καταφανὴς
1585 2054 1675 2107 καὶ
1715 2057 1814 2124 μά-

128 2148 285 2196 λιστα
326 2142 383 2195 ἐκ
422 2152 533 2195 τῶν
571 2142 968 2196 ἀποδεικτικῶν
1007 2142 1097 2195 καὶ
1136 2150 1461 2212 παθητικῶν
1499 2146 1705 2212 λόγων,
1754 2144 1814 2197 ἐν

35 2248 124 2287 607
151 2225 234 2294 οἷς
281 2231 309 2285 ὁ
350 2228 451 2300 μὲν
501 2233 506 2299 Ι
558 2234 769 2294 Λυσίας
815 2231 1186 2301 ἁπλούστερός
1233 2235 1315 2294 τίς
1370 2231 1483 2284 ἐστι
1533 2231 1623 2284 καὶ
1678 2235 1813 2285 κατὰ

128 2321 229 2389 τὴν
268 2321 539 2373 σύνθεσιν
577 2330 688 2372 τῶν
727 2320 1014 2389 ὀνομάτων
1058 2319 1148 2372 καὶ
1195 2321 1330 2373 κατὰ
1376 2321 1478 2388 τὴν
1523 2323 1814 2389 κοινότητα

249 2485 270 2523 1
304 2478 380 2537 λέγ
384 2497 448 2524 ων
480 2494 556 2523 om
579 2479 614 2522 F
643 2482 648 2536 Ι
677 2477 937 2537 ἀπέχεσθαι
960 2479 1052 2522 MF
1081 2482 1086 2535 Ι
1114 2478 1347 2538 ἀνάγκην]
1376 2478 1561 2537 ἀνάγκη
1588 2481 1622 2523 F
1635 2481 1812 2524 MBPv

247 2545 273 2582 2
307 2497 430 2583 εἶναι
462 2553 537 2583 om
571 2538 851 2609 Sylburgius
951 2543 979 2581 4
1010 2539 1266 2582 ἀντιδικεῖν
1300 2538 1597 2611 Sylburgius:
1630 2540 1813 2583 ἀδικεῖν

248 2602 272 2640 7
290 2596 554 2656 ἀπέχεσθαι
570 2598 604 2640 F
681 2601 707 2640 8
733 2595 876 2653 ἀηδές
893 2595 1277 2654 8γ1ὺιιτςίιιεεᾶν
1294 2596 1442 2655 ἡδέως
1463 2600 1466 2656 1
1487 2602 1595 2655 post
1612 2598 1725 2641 καὶ
1712 2614 1761 2641 m
1778 2599 1812 2640 F

133 2657 330 2701 duarum
353 2615 449 2701 fere
473 2657 739 2701 litterarum
765 2660 836 2700 est
859 2670 934 2699 ras
1027 2662 1052 2700 9
1077 2655 1240 2708 κοινὰς
1262 2672 1293 2714 p
1312 2662 1418 2702 603:
1451 2656 1621 2708 τινὰς
1606 2657 1815 2700 MBPF²

129 2729 206 2759 om
223 2716 258 2759 F
268 2717 282 2741 ¹
358 2721 412 2759 11
438 2716 489 2760 τὸ
515 2716 610 2759 add
631 2715 712 2773 ΡΞ,
710 2716 816 2760 καὶ
835 2715 1235 2772 δυσκόλωνρ603ε
1261 2716 1696 2761 δυσκόλωνΡΜΒΡ

135 2781 186 2817 12
218 2775 422 2831 ἡγοῦμαι
445 2774 630 2818 FMBP
723 2780 777 2818 13
810 2774 1006 2819 δικαίων
1030 2775 1191 2820 MBP:
1224 2774 1357 2819 ἰδιων
1383 2776 1417 2818 F
1512 2781 1566 2818 14
1592 2775 1814 2832 οὐχηγού-

131 2847 223 2890 μην
239 2834 298 2876 F¹
330 2835 413 2891 οὐχ
442 2834 644 2890 ἡγοῦμαι
664 2833 874 2876 ΜΒΡἙἹπ
900 2836 905 2890 Ι
934 2833 1027 2877 fort
1051 2832 1162 2878 οὐδέ
1186 2832 1232 2891 γ’
1249 2833 1386 2878 οὕτω·
1482 2839 1536 2877 15
1568 2834 1814 2891 τυγχάνειν

132 2891 182 2934 in
203 2907 284 2965 mg
306 2906 470 2936 manus
495 2893 726 2936 recentior
750 2893 796 2935 M
890 2898 944 2936 16
976 2892 1026 2937 τὸ
1052 2893 1228 2937 σούτων
1245 2894 1279 2936 F
1308 2895 1313 2950 Ι
1342 2890 1474 2949 γέμοι
1498 2893 1532 2935 F
1625 2898 1681 2935 ‘20
1713 2894 1814 2934 δια-

134 2949 288 3006 φοράν
312 2951 386 2999 bis
410 2952 446 2994 P
538 2957 593 2995 23
623 2951 744 2996 ἐστιν
763 2952 855 2994 ΜΒ
948 2956 1005 2995 24
1036 2951 1288 3010 καινότητα
1306 2953 1482 2996 Usener
1506 2954 1553 2995 et
1578 2950 1675 3006 ipse
1702 2949 1814 2993 olim
