2004 3202
167 131 275 184 202
590 133 929 175 ΔιοΝΤΣΙοΤ
960 130 1428 174 ΑΛῙΚΑΡΝΑΣΕῼΣ

168 266 253 336 δέ,
293 268 393 321 ὅσα
434 266 493 320 ἐν
532 274 608 339 τῷ
645 269 877 337 παρόντι
925 266 1205 335 ἥρμοττεν,
1253 269 1476 337 εἴρηται.
1555 264 1739 333 ἐπειδὴ
1780 262 1842 318 δὲ

166 361 468 427 παρελθεῖν
519 356 652 425 ἡμῖν
703 355 804 408 οὐκ
859 354 989 422 ἐνῆν
1035 354 1332 423 Πλάτωνα,
1389 346 1431 426 ᾧ
1484 355 1550 406 τὰ
1602 354 1842 423 πρωτεῖά

166 465 312 507 τινες
350 443 702 513 ἀπονέμουσι,
741 450 1066 512 κατατρῖψαι
1106 439 1167 495 δὲ
1204 443 1302 495 τὸν
1341 445 1508 511 λόγον
1545 436 1842 513 περὶ’μίαν

166 534 372 601 ταύτην
394 533 564 601 <τὴν>
590 534 836 602 θεωρίαν
860 515 1287 600 ἐπιλελησμένου
1317 538 1412 599 τῆς
1442 528 1783 602 ὑποθέΙσεως
1816 543 1929 584 1058

122 642 145 676 5
167 618 253 690 ἧν,
293 621 426 692 τῇδέ
459 642 553 690 μοι
589 620 1032 690 περιγεγράφθω.
1094 619 1364 688 βούλομαι
1395 615 1457 672 δὲ
1489 619 1556 687 δὴ
1590 617 1682 672 καὶ
1714 623 1842 672 συλ-

169 713 498 777 λογίσασθαι
545 711 610 761 τά
657 708 915 779 εἰρημένα
962 707 1014 772 ἐξ
1062 708 1230 779 ἀρχῆς
1282 706 1373 761 καὶ
1420 707 1590 772 δεῖξαι
1643 707 1841 776 πάνθ’,

170 799 269 852 ὅσα
315 799 629 866 ὑπεσχόμην
674 797 976 867 ἀρχόμενος
1021 803 1115 865 τῆς
1160 799 1400 867 θεωρίας
1445 804 1544 850 τοῦ
1591 801 1841 850 λεκτικοῦ

167 889 355 954 τόπου,
393 888 725 954 πεποιηκότα
765 885 1013 954 ἐμαυτόν.
1469 894 1471 897 ⁴

80 979 148 1030 33
276 975 308 1043 ἡ
355 977 621 1044 πρόθεσις
667 970 737 1042 ἣν
775 994 868 1042 μοι
914 972 1004 1026 καὶ
1051 974 1111 1026 τὸ
1154 942 1463 1043 ἐπάγγελμα
1509 982 1607 1027 τοῦ
1655 977 1841 1042 λόγου,
1880 1015 1884 1020 .

102 1086 143 1117 10
166 1066 423 1133 κρατιστῃ
485 1062 626 1126 λέξει
685 1061 777 1115 καὶ
837 1063 975 1133 πρὸς
1038 1063 1254 1115 άπασαν
1308 1061 1612 1133 ἀνθρώπου
1670 1064 1845 1132 φύσιν

165 1151 479 1222 ἡρμοσμένῃ
518 1136 853 1222 μετριώτατα
891 1149 1230 1220 Δημοσθένη
1268 1150 1606 1221 κεχρημένον
1644 1151 1845 1206 ἐπιδεῖ-

167 1240 276 1308 ξαι,
322 1239 412 1292 καὶ
458 1242 621 1293 τοῦτό
668 1260 730 1308 γε
777 1241 1040 1308 συνάγειν
1079 1239 1388 1309 ἐπειρώμην
1428 1239 1529 1292 οὐκ
1577 1239 1629 1304 ἐξ
1677 1240 1844 1309 αὐτῆς

167 1328 374 1397 ἐκείνης
409 1331 579 1398 μόνης
617 1330 713 1391 τὰς
750 1332 958 1402 πίστεις
990 1329 1182 1391 διδούς
1214 1327 1395 1400 (ᾔδειν
1424 1330 1529 1399 γὰρ
1563 1329 1646 1382 ὅτι
1678 1325 1845 1382 οὐδὲν

166 1416 428 1487 αὔταρκές
475 1416 626 1470 ε’στιν
673 1416 760 1486 ἐφ’
802 1416 999 1470 ἑαυτοῦ
1045 1418 1455 1488 θεωρούμενον,
1507 1410 1629 1470 οἷόν
1677 1416 1842 1485 ἐστιν,

99 1527 142 1559 15
166 1505 413 1574 ὀφθῆναι
451 1504 540 1557 καὶ
580 1503 887 1576 καθαρῶς),
931 1503 1050 1558 ἀλλ’
1083 1503 1533 1575 ἀντιπαρατιθεὶς
1571 1505 1708 1575 αὐτῇ
1748 1507 1844 1568 τὰς

165 1603 275 1646 τῶν
307 1595 489 1646 ἄλλων
522 1594 771 1663 ῥητόρων
803 1613 859 1646 τε
898 1592 988 1646 καὶ
1021 1596 1349 1662 φιλοσόφων
1380 1592 1550 1656 λέξεις
1580 1594 1675 1655 τὰς
1713 1594 1842 1662 κρά-

165 1696 319 1734 τιστα
359 1682 628 1743 δοκούσας
667 1684 812 1750 ἔχειν
849 1681 941 1734 καὶ
979 1690 1042 1752 τῇ
1083 1680 1158 1734 δι’
1187 1682 1440 1750 ἀλλήλων
1478 1676 1698 1753 βασάνῳ
1739 1702 1843 1751 φα-

166 1771 334 1839 νερὰν
371 1779 548 1822 ποιῶν
585 1771 686 1839 τὴν
725 1770 943 1839 ἀμείνω.
999 1770 1073 1823 ἵν’
1107 1767 1209 1823 οὖν
1240 1771 1341 1838 τὴν
1373 1771 1615 1839 φυσικὴν
1646 1770 1781 1824 ὁδὸν
1812 1770 1841 1824 ὁ

167 1860 329 1925 λόγος
367 1878 459 1926 μοι
499 1859 656 1928 λάβῃ,
696 1861 825 1921 τοὺς
864 1866 1204 1930 χαρακτῆρας
1239 1868 1350 1912 τῶν
1382 1857 1683 1912 διαλέκτων
1713 1861 1842 1922 τοὺς

100 1969 143 2000 20
167 1946 630 2014 ἀξιολογωτάτους
668 1948 1162 2017 κατηριθμησάμην
1199 1946 1290 2000 καὶ
1329 1950 1458 2011 τοὺς
1495 1949 1843 2018 πρωτεύσαν-

1979 1165 2001 1215 ’.ι

1972 1219 1998 1240 -1

1987 1251 1999 1307 ’ἕ

165 2055 260 2098 τας
302 2036 306 2103 Ι
351 2034 411 2088 έν
450 2034 636 2097 αὐτοῖς
675 2037 880 2106 ἄνδρας
920 2035 1183 2104 ἐπῆλθον,
1223 2037 1408 2088 ἔπειτα
1447 2035 1626 2100 δείξας
1665 2035 1783 2090 ἀτε-
1817 2049 1927 2089 1059

286 2229 455 2268 10-11
491 2225 539 2268 cf
574 2239 828 2281 anonymus
861 2225 921 2268 W
952 2225 1038 2269 VII
1070 2229 1169 2281 880,
1197 2230 1221 2268 9

286 2405 307 2442 1
336 2399 523 2455 εἴρειται
547 2401 582 2443 Ρ
674 2407 698 2444 2
731 2399 931 2457 πρωτεῖα
962 2401 1010 2444 Μ
1102 2406 1127 2444 3
1158 2401 1296 2458 λόγον
1320 2401 1520 2473 Krl‘iger:
1553 2399 1723 2459 χρόνον

166 2463 194 2501 4
224 2458 308 2515 τὴν
341 2459 435 2502 add
460 2459 665 2503 Sadaeus
705 2462 710 2517 Ι
751 2458 1100 2518 ἐπιλελησμένου
1125 2461 1193 2505 M:
1228 2419 1579 2516 ἐπιλελησμένον
1601 2460 1724 2503 BPv

167 2523 191 2560 5
224 2517 508 2573 ἀνακεφαῶν
539 2533 618 2575 mg
648 2518 685 2560 B
777 2525 800 2563 7
833 2527 913 2563 τοῦ
945 2522 1180 2575 λεκτρινοῦ
1212 2526 1292 2563 τοῦ
1326 2521 1533 2563 λεκτικοῦ
1565 2519 1601 2561 Ρ
1704 2523 1729 2561 9
1761 2518 1841 2562 καὶ

166 2577 271 2620 Mv:
311 2575 431 2620 κατὰ
462 2576 544 2619 ΒΡ
583 2579 588 2633 1
633 2576 923 2634 ἐπάγγελημα
947 2578 1031 2622 ΒΡ
1073 2579 1078 2636 Ι
1120 2585 1200 2622 τοῦ
1233 2577 1390 2635 λόγου]
1421 2584 1556 2621 τοῦτο
1587 2584 1669 2621 τοῦ
1701 2577 1841 2622 ΜΒΡ

165 2642 300 2679 τοῦτο
324 2642 378 2692 τῇ
405 2634 678 2706 Sylburgius
702 2651 731 2678 v
824 2642 876 2680 11
902 2635 1195 2694 ἡρμοσμένην
1217 2637 1254 2680 Β
1346 2641 1400 2679 12
1433 2635 1680 2692 ἐπιρώμην
1686 2635 1723 2678 Ρ

169 2698 223 2738 13
256 2693 396 2749 μόνος
420 2693 456 2735 Β
492 2695 496 2750 Ι
531 2690 683 2752 ᾔδειν]
716 2691 818 2752 ᾔειν
838 2696 874 2738 Ρ
966 2702 1021 2740 14
1053 2696 1306 2751 εἰλικρινῶς
1335 2696 1442 2751 post
1467 2694 1587 2738 ἐστιν
1612 2693 1840 2739 excidisse

123 2796 125 2798 .
169 2751 444 2809 Sylburgius
475 2754 612 2808 putat
704 2758 757 2795 15
790 2754 1133 2810 ἀντιπαραθεὶς
1162 2755 1211 2798 Μ
1302 2759 1356 2797 16
1388 2753 1469 2797 καὶ
1498 2759 1553 2809 τῆ
1586 2751 1841 2810 φιλοσοφία

166 2812 247 2856 καὶ
279 2810 546 2868 φιλοσόφων
571 2811 607 2853 Β
635 2812 641 2868 Ι
676 2809 855 2863 λέξιςΡ
947 2819 1000 2858 18
1033 2812 1096 2859 ιν’
1121 2811 1204 2858 οὖν
1228 2811 1466 2856 Reiskius:
1500 2829 1579 2856 ινα
1672 2817 1726 2856 19
1758 2829 1840 2870 χοι-

167 2878 462 2927 ρακτῆρας-
472 2869 861 2925 ἀξιολογωτάτους
890 2885 964 2915 om
987 2873 1024 2914 B
1117 2877 1172 2916 20
1203 2870 1551 2927 πρωτεύσαντας
1582 2870 1839 2928 Kiessling:

166 2931 374 2986 πρώτους
406 2928 542 2979 ὄντας
645 2933 696 2971 21
733 2928 951 2974 ἐπεῑλθον
983 2932 1018 2973 Ρ
1137 2947 1141 2950 ·
