<?xml version="1.0" encoding="UTF-8"?>
<!DOCTYPE html PUBLIC "-//W3C//DTD XHTML 1.0 Transitional//EN"
    "http://www.w3.org/TR/xhtml1/DTD/xhtml1-transitional.dtd">
<html xmlns="http://www.w3.org/1999/xhtml" xml:lang="en" lang="en">
 <head>
  <title>
</title>
<meta http-equiv="Content-Type" content="text/html;charset=utf-8" />
  <meta name='ocr-system' content='tesseract 3.04.00' />
  <meta name='ocr-capabilities' content='ocr_page ocr_carea ocr_par ocr_line ocrx_word'/>
</head>
<body>
  <div class='ocr_page' id='page_1' title='image "./quaeexstant05dionuoft_0208.png"; bbox 0 0 2004 3202; ppageno 0'>
   <div class='ocr_carea' id='block_1_1' title="bbox 1936 0 1984 126">
    <p class='ocr_par' dir='ltr' id='par_1_1' title="bbox 1936 0 1984 126">
     <span class='ocr_line' id='line_1_1' title="bbox 1936 0 1984 126; baseline 0 0"><span class='ocrx_word' id='word_1_1' title='bbox 1936 0 1984 126; x_wconf 52' lang='grc' dir='ltr'><em>ιὲε]</em></span> 
     </span>
    </p>
   </div>
   <div class='ocr_carea' id='block_1_2' title="bbox 249 130 1986 308">
    <p class='ocr_par' dir='ltr' id='par_1_2' title="bbox 249 130 1986 308">
     <span class='ocr_line' id='line_1_2' title="bbox 249 130 1986 308; baseline -0.003 -108"><span class='ocrx_word' id='word_1_2' title='bbox 249 154 352 207; x_wconf 77' lang='lat'><em>158</em></span> <span class='ocrx_word' id='word_1_3' title='bbox 672 155 1012 198; x_wconf 67' lang='grc' dir='ltr'>ΔΙΟΝΥΣΙΟΤ</span> <span class='ocrx_word' id='word_1_4' title='bbox 1043 157 1508 199; x_wconf 71' lang='grc' dir='ltr'><strong>ΑΛΙΚΑΡΝΑΣΕΩΣ</strong></span> <span class='ocrx_word' id='word_1_5' title='bbox 1977 130 1986 308; x_wconf 97' lang='lat'><em>¹</em></span> 
     </span>
    </p>
   </div>
   <div class='ocr_carea' id='block_1_3' title="bbox 154 287 2004 1422">
    <p class='ocr_par' dir='ltr' id='par_1_3' title="bbox 154 287 2004 1422">
     <span class='ocr_line' id='line_1_3' title="bbox 243 287 1985 362; baseline 0.001 -19"><span class='ocrx_word' id='word_1_6' title='bbox 243 292 390 360; x_wconf 79' lang='grc' dir='ltr'><em>παρὰ</em></span> <span class='ocrx_word' id='word_1_7' title='bbox 429 288 489 343; x_wconf 74' lang='grc' dir='ltr'><em>δὲ</em></span> <span class='ocrx_word' id='word_1_8' title='bbox 529 298 604 361; x_wconf 76' lang='grc' dir='ltr'><em>τῷ</em></span> <span class='ocrx_word' id='word_1_9' title='bbox 634 289 987 359; x_wconf 79' lang='grc' dir='ltr'><em>Δημοσθένει</em></span> <span class='ocrx_word' id='word_1_10' title='bbox 1025 291 1197 351; x_wconf 87' lang='grc' dir='ltr'><em>πολὺς</em></span> <span class='ocrx_word' id='word_1_11' title='bbox 1236 287 1336 358; x_wconf 76' lang='grc' dir='ltr'><em>μὲν</em></span> <span class='ocrx_word' id='word_1_12' title='bbox 1368 290 1397 343; x_wconf 85' lang='grc' dir='ltr'>ὁ</span> <span class='ocrx_word' id='word_1_13' title='bbox 1433 293 1609 358; x_wconf 86' lang='grc' dir='ltr'><em>τόνος,</em></span> <span class='ocrx_word' id='word_1_14' title='bbox 1649 290 1922 362; x_wconf 79' lang='grc' dir='ltr'><strong><em>αὐτάρκης</em></strong></span> <span class='ocrx_word' id='word_1_15' title='bbox 1981 316 1985 337; x_wconf 64' lang='grc' dir='ltr'><strong><em>τ</em></strong></span> 
     </span>
     <span class='ocr_line' id='line_1_4' title="bbox 246 358 1985 452; baseline 0.001 -21"><span class='ocrx_word' id='word_1_16' title='bbox 246 377 293 431; x_wconf 85' lang='grc' dir='ltr'><em>δ’</em></span> <span class='ocrx_word' id='word_1_17' title='bbox 335 379 367 447; x_wconf 81' lang='grc' dir='ltr'><em>ἡ</em></span> <span class='ocrx_word' id='word_1_18' title='bbox 415 381 594 448; x_wconf 85' lang='grc' dir='ltr'><em>χάρις,</em></span> <span class='ocrx_word' id='word_1_19' title='bbox 642 380 778 431; x_wconf 83' lang='grc' dir='ltr'><em>ὥστε</em></span> <span class='ocrx_word' id='word_1_20' title='bbox 823 378 927 430; x_wconf 88' lang='grc' dir='ltr'><em>κάν</em></span> <span class='ocrx_word' id='word_1_21' title='bbox 973 378 1141 447; x_wconf 79' lang='grc' dir='ltr'><em>ταύτῃ</em></span> <span class='ocrx_word' id='word_1_22' title='bbox 1188 385 1263 449; x_wconf 78' lang='grc' dir='ltr'><em>τῷ</em></span> <span class='ocrx_word' id='word_1_23' title='bbox 1310 367 1523 449; x_wconf 83' lang='grc' dir='ltr'><em>διαρκεῖ</em></span> <span class='ocrx_word' id='word_1_24' title='bbox 1574 378 1664 431; x_wconf 83' lang='grc' dir='ltr'><em>καὶ</em></span> <span class='ocrx_word' id='word_1_25' title='bbox 1719 383 1918 452; x_wconf 78' lang='grc' dir='ltr'><em>μετρίῳ</em></span> <span class='ocrx_word' id='word_1_26' title='bbox 1982 358 1985 374; x_wconf 55' lang='lat'>¹</span> 
     </span>
     <span class='ocr_line' id='line_1_5' title="bbox 245 464 1919 537; baseline 0.001 -18"><span class='ocrx_word' id='word_1_27' title='bbox 245 476 406 520; x_wconf 87' lang='grc' dir='ltr'><em>νικᾶν</em></span> <span class='ocrx_word' id='word_1_28' title='bbox 444 467 547 520; x_wconf 89' lang='grc' dir='ltr'><em>κάν</em></span> <span class='ocrx_word' id='word_1_29' title='bbox 587 467 773 537; x_wconf 76' lang='grc' dir='ltr'><em>ἐκείνῳ</em></span> <span class='ocrx_word' id='word_1_30' title='bbox 813 473 888 537; x_wconf 78' lang='grc' dir='ltr'><em>τῷ</em></span> <span class='ocrx_word' id='word_1_31' title='bbox 925 464 1090 518; x_wconf 88' lang='grc' dir='ltr'><em>παντὶ</em></span> <span class='ocrx_word' id='word_1_32' title='bbox 1135 466 1404 536; x_wconf 80' lang='grc' dir='ltr'><strong><em>προέχειν.</em></strong></span> <span class='ocrx_word' id='word_1_33' title='bbox 1480 475 1642 520; x_wconf 86' lang='grc' dir='ltr'><em>τοῦτο</em></span> <span class='ocrx_word' id='word_1_34' title='bbox 1681 471 1919 537; x_wconf 85' lang='grc' dir='ltr'><em>παρατή-</em></span> 
     </span>
     <span class='ocr_line' id='line_1_6' title="bbox 245 548 1989 630; baseline 0 -22"><span class='ocrx_word' id='word_1_35' title='bbox 245 577 387 626; x_wconf 90' lang='grc' dir='ltr'><em>ρημα</em></span> <span class='ocrx_word' id='word_1_36' title='bbox 434 557 710 625; x_wconf 87' lang='grc' dir='ltr'><em>δεύτερον,</em></span> <span class='ocrx_word' id='word_1_37' title='bbox 760 548 802 626; x_wconf 72' lang='grc' dir='ltr'><em>ᾧ</em></span> <span class='ocrx_word' id='word_1_38' title='bbox 842 556 1095 623; x_wconf 75' lang='grc' dir='ltr'><em>διαγνοίη</em></span> <span class='ocrx_word' id='word_1_39' title='bbox 1142 575 1223 617; x_wconf 92' lang='grc' dir='ltr'><em>τις</em></span> <span class='ocrx_word' id='word_1_40' title='bbox 1270 554 1340 608; x_wconf 76' lang='grc' dir='ltr'><em>ἂν</em></span> <span class='ocrx_word' id='word_1_41' title='bbox 1377 557 1478 623; x_wconf 87' lang='grc' dir='ltr'><em>τὴν</em></span> <span class='ocrx_word' id='word_1_42' title='bbox 1516 556 1919 625; x_wconf 88' lang='grc' dir='ltr'><em>Δημοσθένους</em></span> <span class='ocrx_word' id='word_1_43' title='bbox 1973 584 1989 630; x_wconf 59' lang='grc' dir='ltr'><em>ιι</em></span> 
     </span>
     <span class='ocr_line' id='line_1_7' title="bbox 200 631 1990 713; baseline 0 -15"><span class='ocrx_word' id='word_1_44' title='bbox 200 658 220 689; x_wconf 77' lang='lat'>5</span> <span class='ocrx_word' id='word_1_45' title='bbox 244 646 547 712; x_wconf 84' lang='grc' dir='ltr'><em>διάλεκτον,</em></span> <span class='ocrx_word' id='word_1_46' title='bbox 599 645 731 696; x_wconf 80' lang='grc' dir='ltr'><em>ὅταν</em></span> <span class='ocrx_word' id='word_1_47' title='bbox 777 645 852 704; x_wconf 85' lang='grc' dir='ltr'><em>εἰς</em></span> <span class='ocrx_word' id='word_1_48' title='bbox 904 651 1075 695; x_wconf 86' lang='grc' dir='ltr'><em>ταῦτα</em></span> <span class='ocrx_word' id='word_1_49' title='bbox 1120 643 1420 711; x_wconf 88' lang='grc' dir='ltr'><em>τάναγκαῖα</em></span> <span class='ocrx_word' id='word_1_50' title='bbox 1468 645 1918 713; x_wconf 85' lang='grc' dir='ltr'><em>συνάγηται.οὐ</em></span> <span class='ocrx_word' id='word_1_51' title='bbox 1984 631 1990 691; x_wconf 58' lang='lat' dir='ltr'>f</span> 
     </span>
     <span class='ocr_line' id='line_1_8' title="bbox 243 693 2004 803; baseline 0 -17"><span class='ocrx_word' id='word_1_52' title='bbox 243 735 346 803; x_wconf 82' lang='grc' dir='ltr'><em>γὰρ</em></span> <span class='ocrx_word' id='word_1_53' title='bbox 381 735 559 802; x_wconf 82' lang='grc' dir='ltr'><em>ὥσπερ</em></span> <span class='ocrx_word' id='word_1_54' title='bbox 599 733 699 799; x_wconf 86' lang='grc' dir='ltr'><em>τὴν</em></span> <span class='ocrx_word' id='word_1_55' title='bbox 731 731 1032 799; x_wconf 81' lang='grc' dir='ltr'><em>ἐξαλλαγὴν</em></span> <span class='ocrx_word' id='word_1_56' title='bbox 1069 730 1160 784; x_wconf 84' lang='grc' dir='ltr'><em>καὶ</em></span> <span class='ocrx_word' id='word_1_57' title='bbox 1199 737 1616 802; x_wconf 82' lang='grc' dir='ltr'><em>περιττολογίαν</em></span> <span class='ocrx_word' id='word_1_58' title='bbox 1654 732 1744 785; x_wconf 88' lang='grc' dir='ltr'><em>καὶ</em></span> <span class='ocrx_word' id='word_1_59' title='bbox 1782 735 1918 786; x_wconf 90' lang='grc' dir='ltr'><em>πάν-</em></span> <span class='ocrx_word' id='word_1_60' title='bbox 1984 693 2004 760; x_wconf 85' lang='lat'><em>¹¹</em></span> 
     </span>
     <span class='ocr_line' id='line_1_9' title="bbox 242 819 1990 889; baseline 0 -15"><span class='ocrx_word' id='word_1_61' title='bbox 242 843 336 884; x_wconf 90' lang='grc' dir='ltr'><em>τας</em></span> <span class='ocrx_word' id='word_1_62' title='bbox 380 824 508 883; x_wconf 89' lang='grc' dir='ltr'><em>τοὺς</em></span> <span class='ocrx_word' id='word_1_63' title='bbox 555 819 843 881; x_wconf 81' lang='grc' dir='ltr'><em>ἐπιθέτους</em></span> <span class='ocrx_word' id='word_1_64' title='bbox 892 819 1140 872; x_wconf 80' lang='grc' dir='ltr'><em>ἐκδύεται</em></span> <span class='ocrx_word' id='word_1_65' title='bbox 1189 823 1452 889; x_wconf 90' lang='grc' dir='ltr'><em>κόσμους,</em></span> <span class='ocrx_word' id='word_1_66' title='bbox 1501 821 1674 883; x_wconf 81' lang='grc' dir='ltr'><em>οὕτως</em></span> <span class='ocrx_word' id='word_1_67' title='bbox 1719 820 1809 874; x_wconf 88' lang='grc' dir='ltr'><em>καὶ</em></span> <span class='ocrx_word' id='word_1_68' title='bbox 1856 824 1916 874; x_wconf 91' lang='grc' dir='ltr'><em>τὸ</em></span> <span class='ocrx_word' id='word_1_69' title='bbox 1986 837 1990 865; x_wconf 57' lang='lat'>5</span> 
     </span>
     <span class='ocr_line' id='line_1_10' title="bbox 241 905 1993 988; baseline 0 -25"><span class='ocrx_word' id='word_1_70' title='bbox 241 910 475 979; x_wconf 88' lang='grc' dir='ltr'><em>μέγεθος</em></span> <span class='ocrx_word' id='word_1_71' title='bbox 519 908 609 961; x_wconf 83' lang='grc' dir='ltr'><em>καὶ</em></span> <span class='ocrx_word' id='word_1_72' title='bbox 649 910 746 961; x_wconf 90' lang='grc' dir='ltr'><em>τὸν</em></span> <span class='ocrx_word' id='word_1_73' title='bbox 785 910 967 976; x_wconf 88' lang='grc' dir='ltr'><em>τόνον,</em></span> <span class='ocrx_word' id='word_1_74' title='bbox 1007 907 1123 962; x_wconf 81' lang='grc' dir='ltr'><em>ἀλλ’</em></span> <span class='ocrx_word' id='word_1_75' title='bbox 1157 910 1307 962; x_wconf 84' lang='grc' dir='ltr'><em>ἔστιν</em></span> <span class='ocrx_word' id='word_1_76' title='bbox 1347 909 1513 977; x_wconf 79' lang='grc' dir='ltr'><em>αὐτῆς</em></span> <span class='ocrx_word' id='word_1_77' title='bbox 1544 909 1918 980; x_wconf 78' lang='grc' dir='ltr'><em>ἀναφαίρετος</em></span> <span class='ocrx_word' id='word_1_78' title='bbox 1985 905 1993 988; x_wconf 86' lang='lat'><em>¹</em></span> 
     </span>
     <span class='ocr_line' id='line_1_11' title="bbox 242 995 1994 1103; baseline 0 -52"><span class='ocrx_word' id='word_1_79' title='bbox 242 995 400 1060; x_wconf 86' lang='grc' dir='ltr'><em>οὗτος</em></span> <span class='ocrx_word' id='word_1_80' title='bbox 433 996 525 1050; x_wconf 89' lang='grc' dir='ltr'><em>εἰτ</em></span> <span class='ocrx_word' id='word_1_81' title='bbox 558 999 663 1103; x_wconf 86' lang='grc' dir='ltr'><em>άρα</em></span> <span class='ocrx_word' id='word_1_82' title='bbox 695 998 963 1065; x_wconf 84' lang='grc' dir='ltr'><em>συγγενὴς</em></span> <span class='ocrx_word' id='word_1_83' title='bbox 1003 1002 1109 1050; x_wconf 78' lang='grc' dir='ltr'><em>εἴτε</em></span> <span class='ocrx_word' id='word_1_84' title='bbox 1149 997 1372 1065; x_wconf 83' lang='grc' dir='ltr'><em>ἀσκήσει</em></span> <span class='ocrx_word' id='word_1_85' title='bbox 1409 999 1600 1067; x_wconf 85' lang='grc' dir='ltr'><em>παρὼν</em></span> <span class='ocrx_word' id='word_1_86' title='bbox 1633 1000 1709 1061; x_wconf 85' lang='grc' dir='ltr'><em>εἰς</em></span> <span class='ocrx_word' id='word_1_87' title='bbox 1742 999 1916 1069; x_wconf 82' lang='grc' dir='ltr'><em>ρῆσιν.</em></span> <span class='ocrx_word' id='word_1_88' title='bbox 1971 997 1994 1029; x_wconf 86' lang='lat'><em>¹</em></span> 
     </span>
     <span class='ocr_line' id='line_1_12' title="bbox 174 1018 1994 1161; baseline 0.001 -22"><span class='ocrx_word' id='word_1_89' title='bbox 174 1100 215 1131; x_wconf 93' lang='lat'><em>10</em></span> <span class='ocrx_word' id='word_1_90' title='bbox 241 1086 509 1148; x_wconf 82' lang='grc' dir='ltr'><em>ἐπιτάσεις</em></span> <span class='ocrx_word' id='word_1_91' title='bbox 541 1085 727 1154; x_wconf 93' lang='grc' dir='ltr'><em>μέντοι</em></span> <span class='ocrx_word' id='word_1_92' title='bbox 757 1084 847 1138; x_wconf 83' lang='grc' dir='ltr'><em>καὶ</em></span> <span class='ocrx_word' id='word_1_93' title='bbox 877 1084 1090 1147; x_wconf 79' lang='grc' dir='ltr'><em>ἀνέσεις</em></span> <span class='ocrx_word' id='word_1_94' title='bbox 1122 1087 1387 1154; x_wconf 87' lang='grc' dir='ltr'><em>λαμβάνει</em></span> <span class='ocrx_word' id='word_1_95' title='bbox 1419 1088 1572 1148; x_wconf 81' lang='grc' dir='ltr'><em>τινὰς</em></span> <span class='ocrx_word' id='word_1_96' title='bbox 1597 1086 1916 1161; x_wconf 80' lang='grc' dir='ltr'><em>ἀναλόγους.</em></span> <span class='ocrx_word' id='word_1_97' title='bbox 1971 1018 1994 1157; x_wconf 91' lang='lat'>¹</span> 
     </span>
     <span class='ocr_line' id='line_1_13' title="bbox 238 1167 1995 1256; baseline 0.001 -29"><span class='ocrx_word' id='word_1_98' title='bbox 238 1174 327 1227; x_wconf 86' lang='grc' dir='ltr'><em>καὶ</em></span> <span class='ocrx_word' id='word_1_99' title='bbox 366 1173 514 1227; x_wconf 83' lang='grc' dir='ltr'><em>ταῦτ’</em></span> <span class='ocrx_word' id='word_1_100' title='bbox 546 1175 650 1243; x_wconf 78' lang='grc' dir='ltr'><em>ἤδη</em></span> <span class='ocrx_word' id='word_1_101' title='bbox 698 1175 946 1256; x_wconf 84' lang='grc' dir='ltr'><em>γνώριμα</em></span> <span class='ocrx_word' id='word_1_102' title='bbox 987 1167 1069 1236; x_wconf 79' lang='grc' dir='ltr'><em>οἷς</em></span> <span class='ocrx_word' id='word_1_103' title='bbox 1115 1173 1280 1242; x_wconf 84' lang='grc' dir='ltr'><em>λέγω,</em></span> <span class='ocrx_word' id='word_1_104' title='bbox 1326 1173 1416 1227; x_wconf 85' lang='grc' dir='ltr'><em>καὶ</em></span> <span class='ocrx_word' id='word_1_105' title='bbox 1464 1172 1638 1228; x_wconf 86' lang='grc' dir='ltr'><em>οὐθεν</em></span> <span class='ocrx_word' id='word_1_106' title='bbox 1678 1177 1918 1244; x_wconf 88' lang='grc' dir='ltr'><em>δεόμεθα</em></span> <span class='ocrx_word' id='word_1_107' title='bbox 1990 1172 1995 1236; x_wconf 87' lang='lat'><em>¹</em></span> 
     </span>
     <span class='ocr_line' id='line_1_14' title="bbox 237 1243 1995 1333; baseline 0 -18"><span class='ocrx_word' id='word_1_108' title='bbox 237 1265 707 1333; x_wconf 79' lang='grc' dir='ltr'><em>παραδειγμάτων.</em></span> <span class='ocrx_word' id='word_1_109' title='bbox 1991 1243 1995 1289; x_wconf 89' lang='lat'>¹</span> 
     </span>
     <span class='ocr_line' id='line_1_15' title="bbox 154 1348 1917 1422; baseline 0.003 -21"><span class='ocrx_word' id='word_1_110' title='bbox 154 1351 221 1402; x_wconf 78' lang='lat'><em>14</em></span> <span class='ocrx_word' id='word_1_111' title='bbox 349 1354 485 1404; x_wconf 82' lang='grc' dir='ltr'><em>ὥστε</em></span> <span class='ocrx_word' id='word_1_112' title='bbox 538 1350 662 1421; x_wconf 87' lang='grc' dir='ltr'><em>περὶ</em></span> <span class='ocrx_word' id='word_1_113' title='bbox 717 1348 818 1419; x_wconf 75' lang='grc' dir='ltr'><em>μὲν</em></span> <span class='ocrx_word' id='word_1_114' title='bbox 863 1359 961 1403; x_wconf 86' lang='grc' dir='ltr'><em>τοῦ</em></span> <span class='ocrx_word' id='word_1_115' title='bbox 1009 1359 1347 1422; x_wconf 77' lang='grc' dir='ltr'><em>χαρακτῆρος</em></span> <span class='ocrx_word' id='word_1_116' title='bbox 1395 1394 1663 1405; x_wconf 91' lang='grc'><strong>........</strong></span> <span class='ocrx_word' id='word_1_117' title='bbox 1710 1361 1809 1406; x_wconf 83' lang='grc' dir='ltr'><em>τοῦ</em></span> <span class='ocrx_word' id='word_1_118' title='bbox 1856 1350 1917 1406; x_wconf 89' lang='grc' dir='ltr'><em>δε</em></span> 
     </span>
    </p>
   </div>
   <div class='ocr_carea' id='block_1_4' title="bbox 1990 1324 1996 1541">
    <p class='ocr_par' dir='ltr' id='par_1_4' title="bbox 1990 1324 1996 1541">
     <span class='ocr_line' id='line_1_16' title="bbox 1990 1324 1996 1541; baseline 0 1661"><span class='ocrx_word' id='word_1_119' title='bbox 1990 1324 1996 1541; x_wconf 95' lang='lat' dir='ltr'><em> </em></span> 
     </span>
    </p>
   </div>
   <div class='ocr_carea' id='block_1_5' title="bbox 173 1439 2004 1775">
    <p class='ocr_par' dir='ltr' id='par_1_5' title="bbox 173 1439 2004 1775">
     <span class='ocr_line' id='line_1_17' title="bbox 239 1439 1985 1511; baseline 0.001 -19"><span class='ocrx_word' id='word_1_120' title='bbox 239 1440 531 1510; x_wconf 79' lang='grc' dir='ltr'><em>ῥητορικοῦ</em></span> <span class='ocrx_word' id='word_1_121' title='bbox 577 1439 774 1507; x_wconf 89' lang='grc' dir='ltr'><em>γένους</em></span> <span class='ocrx_word' id='word_1_122' title='bbox 811 1447 910 1493; x_wconf 85' lang='grc' dir='ltr'><em>τοῦ</em></span> <span class='ocrx_word' id='word_1_123' title='bbox 949 1439 1147 1508; x_wconf 82' lang='grc' dir='ltr'><em>μεταξὺ</em></span> <span class='ocrx_word' id='word_1_124' title='bbox 1186 1450 1299 1493; x_wconf 86' lang='grc' dir='ltr'><em>τῶν</em></span> <span class='ocrx_word' id='word_1_125' title='bbox 1336 1442 1520 1510; x_wconf 75' lang='grc' dir='ltr'><em>ἄκρων</em></span> <span class='ocrx_word' id='word_1_126' title='bbox 1559 1439 1846 1511; x_wconf 75' lang='grc' dir='ltr'><em>ἑκατέρων,</em></span> <span class='ocrx_word' id='word_1_127' title='bbox 1886 1441 1914 1494; x_wconf 88' lang='grc' dir='ltr'><em>ὃ</em></span> <span class='ocrx_word' id='word_1_128' title='bbox 1983 1453 1985 1458; x_wconf 89' lang='grc'><strong>’</strong></span> 
     </span>
     <span class='ocr_line' id='line_1_18' title="bbox 173 1525 1996 1599; baseline 0.001 -19"><span class='ocrx_word' id='word_1_129' title='bbox 173 1543 212 1574; x_wconf 77' lang='lat'><em>15</em></span> <span class='ocrx_word' id='word_1_130' title='bbox 238 1525 421 1590; x_wconf 77' lang='grc' dir='ltr'><em>ἀτελὲς</em></span> <span class='ocrx_word' id='word_1_131' title='bbox 462 1529 798 1597; x_wconf 82' lang='grc' dir='ltr'><em>παραλαβὼν</em></span> <span class='ocrx_word' id='word_1_132' title='bbox 837 1528 865 1581; x_wconf 86' lang='grc' dir='ltr'>ὁ</span> <span class='ocrx_word' id='word_1_133' title='bbox 905 1527 1273 1597; x_wconf 89' lang='grc' dir='ltr'><em>Δημοσθένης</em></span> <span class='ocrx_word' id='word_1_134' title='bbox 1310 1528 1435 1599; x_wconf 82' lang='grc' dir='ltr'><em>παρ’</em></span> <span class='ocrx_word' id='word_1_135' title='bbox 1475 1527 1821 1599; x_wconf 79' lang='grc' dir='ltr'><em>Ἰσοκράτους</em></span> <span class='ocrx_word' id='word_1_136' title='bbox 1858 1549 1915 1582; x_wconf 87' lang='grc' dir='ltr'><em>τε</em></span> <span class='ocrx_word' id='word_1_137' title='bbox 1991 1542 1996 1596; x_wconf 71' lang='grc' dir='ltr'>ξ</span> 
     </span>
     <span class='ocr_line' id='line_1_19' title="bbox 236 1597 2004 1686; baseline -0.001 -17"><span class='ocrx_word' id='word_1_138' title='bbox 236 1616 325 1669; x_wconf 87' lang='grc' dir='ltr'><em>καὶ</em></span> <span class='ocrx_word' id='word_1_139' title='bbox 373 1618 378 1685; x_wconf 98' lang='lat'><em>¹</em></span> <span class='ocrx_word' id='word_1_140' title='bbox 421 1618 500 1669; x_wconf 81' lang='grc' dir='ltr'><em>ε”τι</em></span> <span class='ocrx_word' id='word_1_141' title='bbox 538 1616 809 1686; x_wconf 89' lang='grc' dir='ltr'><em>προτέρου</em></span> <span class='ocrx_word' id='word_1_142' title='bbox 853 1618 1221 1686; x_wconf 77' lang='grc' dir='ltr'><em>Θρασυμάχου</em></span> <span class='ocrx_word' id='word_1_143' title='bbox 1258 1615 1365 1669; x_wconf 63' lang='grc' dir='ltr'><strong><em>καῖ</em></strong></span> <span class='ocrx_word' id='word_1_144' title='bbox 1388 1621 1703 1670; x_wconf 84' lang='grc' dir='ltr'><em>τελευταίου</em></span> <span class='ocrx_word' id='word_1_145' title='bbox 1743 1618 1891 1670; x_wconf 91' lang='grc' dir='ltr'><em>Πλά-</em></span> <span class='ocrx_word' id='word_1_146' title='bbox 1918 1597 2004 1679; x_wconf 61' lang='lat'>990¹</span> 
     </span>
     <span class='ocr_line' id='line_1_20' title="bbox 236 1699 1997 1775; baseline 0.001 -18"><span class='ocrx_word' id='word_1_147' title='bbox 236 1725 408 1766; x_wconf 90' lang='grc' dir='ltr'><em>τωνος</em></span> <span class='ocrx_word' id='word_1_148' title='bbox 455 1704 766 1757; x_wconf 85' lang='grc' dir='ltr'><em>ἐτελείωσεν</em></span> <span class='ocrx_word' id='word_1_149' title='bbox 805 1705 938 1757; x_wconf 85' lang='grc' dir='ltr'><em>ὅσον</em></span> <span class='ocrx_word' id='word_1_150' title='bbox 976 1701 1045 1772; x_wconf 74' lang='grc' dir='ltr'><em>ἦν</em></span> <span class='ocrx_word' id='word_1_151' title='bbox 1084 1704 1411 1775; x_wconf 79' lang='grc' dir='ltr'><em>ἀνθρωπίνῃ</em></span> <span class='ocrx_word' id='word_1_152' title='bbox 1453 1706 1617 1774; x_wconf 83' lang='grc' dir='ltr'><em>φύσει</em></span> <span class='ocrx_word' id='word_1_153' title='bbox 1657 1707 1915 1773; x_wconf 85' lang='grc' dir='ltr'><em>δυνατόν,</em></span> <span class='ocrx_word' id='word_1_154' title='bbox 1995 1699 1997 1703; x_wconf 53' lang='grc'><strong>’</strong></span> 
     </span>
    </p>
   </div>
   <div class='ocr_carea' id='block_1_6' title="bbox 235 1879 1915 1951">
    <p class='ocr_par' dir='ltr' id='par_1_6' title="bbox 235 1879 1915 1951">
     <span class='ocr_line' id='line_1_21' title="bbox 235 1879 1915 1951; baseline 0.001 -18"><span class='ocrx_word' id='word_1_155' title='bbox 235 1882 411 1934; x_wconf 81' lang='grc' dir='ltr'><em>πολλὰ</em></span> <span class='ocrx_word' id='word_1_156' title='bbox 457 1879 505 1933; x_wconf 78' lang='grc' dir='ltr'><em>δ’</em></span> <span class='ocrx_word' id='word_1_157' title='bbox 540 1880 597 1933; x_wconf 85' lang='grc' dir='ltr'><em>ἑκ</em></span> <span class='ocrx_word' id='word_1_158' title='bbox 643 1891 753 1933; x_wconf 85' lang='grc' dir='ltr'><em>τῶν</em></span> <span class='ocrx_word' id='word_1_159' title='bbox 791 1882 1042 1949; x_wconf 78' lang='grc' dir='ltr'><em>&lt;ἄλλων&gt;</em></span> <span class='ocrx_word' id='word_1_160' title='bbox 1082 1883 1583 1950; x_wconf 88' lang='grc' dir='ltr'><em>δημοσίωνλόγων</em></span> <span class='ocrx_word' id='word_1_161' title='bbox 1620 1883 1915 1951; x_wconf 88' lang='grc' dir='ltr'><em>παραδείγ-</em></span> 
     </span>
    </p>
   </div>
   <div class='ocr_carea' id='block_1_7' title="bbox 171 1707 1999 2090">
    <p class='ocr_par' dir='ltr' id='par_1_7' title="bbox 171 1707 1998 2040">
     <span class='ocr_line' id='line_1_22' title="bbox 1992 1707 1998 1751; baseline 0 0"><span class='ocrx_word' id='word_1_162' title='bbox 1992 1707 1998 1751; x_wconf 75' lang='lat'><em>¹</em></span> 
     </span>
     <span class='ocr_line' id='line_1_23' title="bbox 1992 1757 1997 1779; baseline 0 0"><span class='ocrx_word' id='word_1_163' title='bbox 1992 1757 1997 1779; x_wconf 76' lang='lat'><em>2</em></span> 
     </span>
     <span class='ocr_line' id='line_1_24' title="bbox 235 1787 1998 1911; baseline 0.001 -66"><span class='ocrx_word' id='word_1_164' title='bbox 235 1795 411 1845; x_wconf 79' lang='grc' dir='ltr'><em>πολλὰ</em></span> <span class='ocrx_word' id='word_1_165' title='bbox 450 1790 550 1861; x_wconf 74' lang='grc' dir='ltr'><em>μὲν</em></span> <span class='ocrx_word' id='word_1_166' title='bbox 590 1794 659 1845; x_wconf 78' lang='grc' dir='ltr'><em>ἄν</em></span> <span class='ocrx_word' id='word_1_167' title='bbox 697 1813 780 1855; x_wconf 91' lang='grc' dir='ltr'><em>τις</em></span> <span class='ocrx_word' id='word_1_168' title='bbox 819 1792 876 1845; x_wconf 82' lang='grc' dir='ltr'><em>ἐκ</em></span> <span class='ocrx_word' id='word_1_169' title='bbox 914 1803 1025 1845; x_wconf 83' lang='grc' dir='ltr'><em>τῶν</em></span> <span class='ocrx_word' id='word_1_170' title='bbox 1063 1795 1198 1845; x_wconf 78' lang='grc' dir='ltr'><em>κατὰ</em></span> <span class='ocrx_word' id='word_1_171' title='bbox 1241 1796 1522 1846; x_wconf 89' lang='grc' dir='ltr'><em>Φιλίππου</em></span> <span class='ocrx_word' id='word_1_172' title='bbox 1563 1795 1915 1863; x_wconf 84' lang='grc' dir='ltr'><em>δημηγοριῶν</em></span> <span class='ocrx_word' id='word_1_173' title='bbox 1992 1787 1998 1911; x_wconf 96' lang='lat'><em>¹</em></span> 
     </span>
     <span class='ocr_line' id='line_1_25' title="bbox 1994 1914 1998 1949; baseline 0 0"><span class='ocrx_word' id='word_1_174' title='bbox 1994 1914 1998 1949; x_wconf 74' lang='grc' dir='ltr'>ι</span> 
     </span>
     <span class='ocr_line' id='line_1_26' title="bbox 171 1957 1998 2040; baseline 0.002 -19"><span class='ocrx_word' id='word_1_175' title='bbox 171 1986 212 2017; x_wconf 75' lang='lat'><em>20</em></span> <span class='ocrx_word' id='word_1_176' title='bbox 236 1990 376 2038; x_wconf 89' lang='grc' dir='ltr'><em>ματα</em></span> <span class='ocrx_word' id='word_1_177' title='bbox 431 1971 613 2037; x_wconf 87' lang='grc' dir='ltr'><em>λάβοι,</em></span> <span class='ocrx_word' id='word_1_178' title='bbox 667 1975 893 2022; x_wconf 89' lang='grc' dir='ltr'><em>πλεῖστα</em></span> <span class='ocrx_word' id='word_1_179' title='bbox 947 1968 1008 2022; x_wconf 73' lang='grc' dir='ltr'><em>δὲ</em></span> <span class='ocrx_word' id='word_1_180' title='bbox 1060 1969 1151 2022; x_wconf 84' lang='grc' dir='ltr'><em>καὶ</em></span> <span class='ocrx_word' id='word_1_181' title='bbox 1204 1971 1466 2023; x_wconf 91' lang='grc' dir='ltr'><em>κάλλιστα</em></span> <span class='ocrx_word' id='word_1_182' title='bbox 1522 1970 1579 2023; x_wconf 81' lang='grc' dir='ltr'><em>ἐκ</em></span> <span class='ocrx_word' id='word_1_183' title='bbox 1631 1978 1726 2039; x_wconf 82' lang='grc' dir='ltr'><em>τῆς</em></span> <span class='ocrx_word' id='word_1_184' title='bbox 1774 1967 1919 2040; x_wconf 75' lang='grc' dir='ltr'><em>ὑπὲρ,</em></span> <span class='ocrx_word' id='word_1_185' title='bbox 1975 1957 1998 2038; x_wconf 87' lang='lat'><em>·¹</em></span> 
     </span>
    </p>

    <p class='ocr_par' dir='ltr' id='par_1_8' title="bbox 1994 2058 1999 2090">
     <span class='ocr_line' id='line_1_27' title="bbox 1994 2058 1999 2090; baseline 0 0"><span class='ocrx_word' id='word_1_186' title='bbox 1994 2058 1999 2090; x_wconf 66' lang='lat'>2</span> 
     </span>
    </p>
   </div>
   <div class='ocr_carea' id='block_1_8' title="bbox 236 2055 1999 2217">
    <p class='ocr_par' dir='ltr' id='par_1_9' title="bbox 236 2055 1999 2225">
     <span class='ocr_line' id='line_1_28' title="bbox 236 2055 1999 2145; baseline 0.001 -36"><span class='ocrx_word' id='word_1_187' title='bbox 236 2061 629 2127; x_wconf 85' lang='grc' dir='ltr'><em>Κτησιφῶντος</em></span> <span class='ocrx_word' id='word_1_188' title='bbox 668 2058 1009 2126; x_wconf 86' lang='grc' dir='ltr'><em>ἀπολογιάς·-</em></span> <span class='ocrx_word' id='word_1_189' title='bbox 1031 2055 1191 2120; x_wconf 85' lang='grc' dir='ltr'><em>οὗτος</em></span> <span class='ocrx_word' id='word_1_190' title='bbox 1229 2060 1333 2128; x_wconf 81' lang='grc' dir='ltr'><em>γὰρ</em></span> <span class='ocrx_word' id='word_1_191' title='bbox 1368 2060 1436 2126; x_wconf 84' lang='grc' dir='ltr'><em>δή</em></span> <span class='ocrx_word' id='word_1_192' title='bbox 1474 2079 1567 2127; x_wconf 92' lang='grc' dir='ltr'><em>μοι</em></span> <span class='ocrx_word' id='word_1_193' title='bbox 1600 2060 1750 2111; x_wconf 87' lang='grc' dir='ltr'><em>δοκεῖ</em></span> <span class='ocrx_word' id='word_1_194' title='bbox 1786 2063 1913 2111; x_wconf 77' lang='grc' dir='ltr'><em>καλ·</em></span> <span class='ocrx_word' id='word_1_195' title='bbox 1993 2096 1999 2145; x_wconf 42' lang='lat'>¹</span> 
     </span>
     <span class='ocr_line' id='line_1_29' title="bbox 236 2145 1910 2217; baseline 0.001 -20"><span class='ocrx_word' id='word_1_196' title='bbox 236 2149 391 2215; x_wconf 84' lang='grc' dir='ltr'><em>λίστῃ</em></span> <span class='ocrx_word' id='word_1_197' title='bbox 438 2145 526 2198; x_wconf 87' lang='grc' dir='ltr'><em>καὶ</em></span> <span class='ocrx_word' id='word_1_198' title='bbox 574 2147 906 2217; x_wconf 83' lang='grc' dir='ltr'><em>μετριωτάτῃ</em></span> <span class='ocrx_word' id='word_1_199' title='bbox 952 2155 1255 2217; x_wconf 73' lang='grc' dir='ltr'><em>κατασκευῇ</em></span> <span class='ocrx_word' id='word_1_200' title='bbox 1304 2146 1495 2211; x_wconf 82' lang='grc' dir='ltr'><em>λέξεως</em></span> <span class='ocrx_word' id='word_1_201' title='bbox 1539 2153 1842 2217; x_wconf 80' lang='grc' dir='ltr'><em>κεχρῆσθαι</em></span> <span class='ocrx_word' id='word_1_202' title='bbox 1882 2146 1910 2200; x_wconf 89' lang='grc' dir='ltr'>ὁ</span> 
     </span>
    </p>
   </div>
   <div class='ocr_carea' id='block_1_9' title="bbox 232 2235 2001 3010">
    <p class='ocr_par' dir='ltr' id='par_1_10' title="bbox 232 2235 2001 3010">
     <span class='ocr_line' id='line_1_30' title="bbox 1995 2235 1999 2259; baseline 0 0"><span class='ocrx_word' id='word_1_203' title='bbox 1995 2235 1999 2259; x_wconf 67' lang='grc'><em>1</em></span> 
     </span>
     <span class='ocr_line' id='line_1_31' title="bbox 354 2302 1999 2363; baseline 0.002 -16"><span class='ocrx_word' id='word_1_204' title='bbox 354 2311 373 2347; x_wconf 83' lang='grc'>1</span> <span class='ocrx_word' id='word_1_205' title='bbox 404 2304 730 2361; x_wconf 83' lang='grc' dir='ltr'><em>δημοσθένήου</em></span> <span class='ocrx_word' id='word_1_206' title='bbox 747 2307 782 2349; x_wconf 90' lang='grc' dir='ltr'>Ρ</span> <span class='ocrx_word' id='word_1_207' title='bbox 811 2309 816 2363; x_wconf 93' lang='lat'><em>¹</em></span> <span class='ocrx_word' id='word_1_208' title='bbox 851 2309 957 2363; x_wconf 72' lang='lat' dir='ltr'>post</span> <span class='ocrx_word' id='word_1_209' title='bbox 981 2308 1125 2358; x_wconf 82' lang='grc' dir='ltr'><em>πολὺς</em></span> <span class='ocrx_word' id='word_1_210' title='bbox 1147 2307 1196 2350; x_wconf 87' lang='grc' dir='ltr'><strong><em>Μ</em></strong></span> <span class='ocrx_word' id='word_1_211' title='bbox 1222 2307 1395 2363; x_wconf 71' lang='lat' dir='ltr'>repetit</span> <span class='ocrx_word' id='word_1_212' title='bbox 1418 2307 1534 2363; x_wconf 78' lang='grc' dir='ltr'><em>αὐτῆ</em></span> <span class='ocrx_word' id='word_1_213' title='bbox 1560 2302 1802 2362; x_wconf 81' lang='grc' dir='ltr'><em>πρόσεστιν</em></span> <span class='ocrx_word' id='word_1_214' title='bbox 1828 2307 1909 2350; x_wconf 84' lang='lat' dir='ltr'><em>sed</em></span> <span class='ocrx_word' id='word_1_215' title='bbox 1995 2329 1999 2356; x_wconf 48' lang='grc' dir='ltr'><strong><em>φ</em></strong></span> 
     </span>
     <span class='ocr_line' id='line_1_32' title="bbox 236 2359 1999 2441; baseline 0.002 -35"><span class='ocrx_word' id='word_1_216' title='bbox 236 2367 282 2406; x_wconf 72' lang='lat' dir='ltr'><em>et</em></span> <span class='ocrx_word' id='word_1_217' title='bbox 313 2378 474 2407; x_wconf 83' lang='lat' dir='ltr'>rasura</span> <span class='ocrx_word' id='word_1_218' title='bbox 500 2367 546 2408; x_wconf 76' lang='lat' dir='ltr'><em>eb</em></span> <span class='ocrx_word' id='word_1_219' title='bbox 575 2365 760 2420; x_wconf 71' lang='lat' dir='ltr'>puncbis</span> <span class='ocrx_word' id='word_1_220' title='bbox 787 2365 991 2410; x_wconf 75' lang='lat' dir='ltr'>deletum</span> <span class='ocrx_word' id='word_1_221' title='bbox 1015 2368 1086 2410; x_wconf 75' lang='lat' dir='ltr'><em>esb</em></span> <span class='ocrx_word' id='word_1_222' title='bbox 1113 2368 1126 2441; x_wconf 90' lang='lat'><em>¹</em></span> <span class='ocrx_word' id='word_1_223' title='bbox 1162 2365 1383 2422; x_wconf 77' lang='grc' dir='ltr'><em>αὐτάρκις</em></span> <span class='ocrx_word' id='word_1_224' title='bbox 1412 2365 1462 2408; x_wconf 89' lang='lat' dir='ltr'><em>in</em></span> <span class='ocrx_word' id='word_1_225' title='bbox 1491 2365 1725 2422; x_wconf 81' lang='grc' dir='ltr'><em>αὐτάρκης</em></span> <span class='ocrx_word' id='word_1_226' title='bbox 1749 2380 1849 2409; x_wconf 85' lang='lat' dir='ltr'>corr</span> <span class='ocrx_word' id='word_1_227' title='bbox 1872 2366 1909 2408; x_wconf 92' lang='lat' dir='ltr'>P</span> <span class='ocrx_word' id='word_1_228' title='bbox 1994 2359 1999 2410; x_wconf 74' lang='lat'><em>¹</em></span> 
     </span>
     <span class='ocr_line' id='line_1_33' title="bbox 352 2422 2001 2482; baseline 0.002 -17"><span class='ocrx_word' id='word_1_229' title='bbox 352 2429 376 2465; x_wconf 81' lang='lat'><strong>2</strong></span> <span class='ocrx_word' id='word_1_230' title='bbox 411 2422 572 2478; x_wconf 83' lang='grc' dir='ltr'><em>μετρίω</em></span> <span class='ocrx_word' id='word_1_231' title='bbox 599 2438 654 2467; x_wconf 86' lang='lat' dir='ltr'><em>ex</em></span> <span class='ocrx_word' id='word_1_232' title='bbox 678 2423 836 2480; x_wconf 84' lang='grc' dir='ltr'><em>μέτρια</em></span> <span class='ocrx_word' id='word_1_233' title='bbox 861 2425 922 2467; x_wconf 79' lang='grc' dir='ltr'><em>Β2</em></span> <span class='ocrx_word' id='word_1_234' title='bbox 1011 2430 1037 2468; x_wconf 89' lang='lat'>5</span> <span class='ocrx_word' id='word_1_235' title='bbox 1070 2424 1189 2468; x_wconf 76' lang='grc' dir='ltr'><em>αὐτα</em></span> <span class='ocrx_word' id='word_1_236' title='bbox 1221 2425 1438 2469; x_wconf 82' lang='lat' dir='ltr'>Reiskius</span> <span class='ocrx_word' id='word_1_237' title='bbox 1467 2427 1471 2482; x_wconf 95' lang='lat'><em>¹</em></span> <span class='ocrx_word' id='word_1_238' title='bbox 1499 2423 1556 2468; x_wconf 79' lang='grc' dir='ltr'><em>τὰ</em></span> <span class='ocrx_word' id='word_1_239' title='bbox 1587 2425 1824 2480; x_wconf 83' lang='grc' dir='ltr'><em>ἀναγκαῖα</em></span> <span class='ocrx_word' id='word_1_240' title='bbox 1848 2424 1908 2466; x_wconf 90' lang='grc' dir='ltr'><em>Β1</em></span> <span class='ocrx_word' id='word_1_241' title='bbox 1995 2427 2001 2468; x_wconf 73' lang='lat'><em>¹</em></span> 
     </span>
     <span class='ocr_line' id='line_1_34' title="bbox 354 2481 2001 2541; baseline 0.001 -18"><span class='ocrx_word' id='word_1_242' title='bbox 354 2487 376 2523; x_wconf 85' lang='lat'>7</span> <span class='ocrx_word' id='word_1_243' title='bbox 405 2481 645 2525; x_wconf 77' lang='grc' dir='ltr'><em>ἐκδύνεται</em></span> <span class='ocrx_word' id='word_1_244' title='bbox 669 2484 704 2524; x_wconf 85' lang='grc' dir='ltr'>Β</span> <span class='ocrx_word' id='word_1_245' title='bbox 797 2488 822 2526; x_wconf 88' lang='lat'>9</span> <span class='ocrx_word' id='word_1_246' title='bbox 854 2482 987 2541; x_wconf 72' lang='grc' dir='ltr'><em>ῥῆσιν</em></span> <span class='ocrx_word' id='word_1_247' title='bbox 1010 2486 1176 2540; x_wconf 71' lang='lat' dir='ltr'>postea</span> <span class='ocrx_word' id='word_1_248' title='bbox 1207 2484 1302 2527; x_wconf 87' lang='lat' dir='ltr'><em>add</em></span> <span class='ocrx_word' id='word_1_249' title='bbox 1326 2484 1374 2526; x_wconf 94' lang='lat' dir='ltr'>M</span> <span class='ocrx_word' id='word_1_250' title='bbox 1417 2484 1530 2541; x_wconf 82' lang='grc' dir='ltr'><em>εἰςχ</em></span> <span class='ocrx_word' id='word_1_251' title='bbox 1561 2490 1665 2539; x_wconf 85' lang='grc' dir='ltr'><em>ῆσιν</em></span> <span class='ocrx_word' id='word_1_252' title='bbox 1689 2483 1907 2526; x_wconf 79' lang='lat' dir='ltr'>Reiskius</span> <span class='ocrx_word' id='word_1_253' title='bbox 1995 2495 2001 2521; x_wconf 78' lang='grc' dir='ltr'>ι</span> 
     </span>
     <span class='ocr_line' id='line_1_35' title="bbox 236 2501 2001 2593; baseline 0.002 -12"><span class='ocrx_word' id='word_1_254' title='bbox 236 2539 462 2593; x_wconf 75' lang='grc' dir='ltr'><em>εἰρήσεται</em></span> <span class='ocrx_word' id='word_1_255' title='bbox 494 2541 669 2584; x_wconf 85' lang='lat' dir='ltr'>Usener</span> <span class='ocrx_word' id='word_1_256' title='bbox 785 2547 836 2584; x_wconf 89' lang='grc'><em>10</em></span> <span class='ocrx_word' id='word_1_257' title='bbox 877 2541 1011 2586; x_wconf 84' lang='grc' dir='ltr'><em>ἐπιτά</em></span> <span class='ocrx_word' id='word_1_258' title='bbox 1043 2557 1147 2587; x_wconf 83' lang='lat' dir='ltr'><em>cum</em></span> <span class='ocrx_word' id='word_1_259' title='bbox 1177 2542 1252 2586; x_wconf 83' lang='lat' dir='ltr'><em>lac</em></span> <span class='ocrx_word' id='word_1_260' title='bbox 1275 2542 1340 2586; x_wconf 88' lang='lat' dir='ltr'><em>IV</em></span> <span class='ocrx_word' id='word_1_261' title='bbox 1371 2542 1451 2586; x_wconf 70' lang='lat' dir='ltr'>litt</span> <span class='ocrx_word' id='word_1_262' title='bbox 1477 2501 1557 2584; x_wconf 67' lang='grc' dir='ltr'><em>Μρ</em></span> <span class='ocrx_word' id='word_1_263' title='bbox 1561 2501 1786 2591; x_wconf 74' lang='grc' dir='ltr'><em>ηέπιτάσις</em></span> <span class='ocrx_word' id='word_1_264' title='bbox 1809 2541 1903 2583; x_wconf 77' lang='lat' dir='ltr'><em>B1=</em></span> <span class='ocrx_word' id='word_1_265' title='bbox 1983 2535 2001 2584; x_wconf 65' lang='lat'>‘¹</span> 
     </span>
     <span class='ocr_line' id='line_1_36' title="bbox 234 2585 2001 2658; baseline 0.001 -17"><span class='ocrx_word' id='word_1_266' title='bbox 234 2596 445 2648; x_wconf 81' lang='grc' dir='ltr'><em>ἀναέσεις</em></span> <span class='ocrx_word' id='word_1_267' title='bbox 475 2599 512 2640; x_wconf 90' lang='grc' dir='ltr'>Β</span> <span class='ocrx_word' id='word_1_268' title='bbox 556 2602 559 2655; x_wconf 91' lang='grc' dir='ltr'>Ι</span> <span class='ocrx_word' id='word_1_269' title='bbox 602 2600 880 2657; x_wconf 80' lang='grc' dir='ltr'><em>ἀναλόγους;</em></span> <span class='ocrx_word' id='word_1_270' title='bbox 921 2619 980 2645; x_wconf 90' lang='grc' dir='ltr'><em>να</em></span> <span class='ocrx_word' id='word_1_271' title='bbox 1018 2604 1183 2658; x_wconf 77' lang='lat' dir='ltr'>postea</span> <span class='ocrx_word' id='word_1_272' title='bbox 1223 2601 1316 2645; x_wconf 81' lang='lat' dir='ltr'><em>add</em></span> <span class='ocrx_word' id='word_1_273' title='bbox 1355 2601 1402 2644; x_wconf 94' lang='lat' dir='ltr'>M</span> <span class='ocrx_word' id='word_1_274' title='bbox 1524 2605 1575 2644; x_wconf 86' lang='lat'><em>11</em></span> <span class='ocrx_word' id='word_1_275' title='bbox 1616 2598 1765 2657; x_wconf 82' lang='grc' dir='ltr'><em>ταῦ[τ’</em></span> <span class='ocrx_word' id='word_1_276' title='bbox 1795 2599 1905 2658; x_wconf 56' lang='grc' dir='ltr'><em>ἥβη</em></span> <span class='ocrx_word' id='word_1_277' title='bbox 1996 2585 2001 2611; x_wconf 76' lang='lat'><strong>⁴</strong></span> 
     </span>
     <span class='ocr_line' id='line_1_37' title="bbox 234 2614 2001 2716; baseline 0.001 -17"><span class='ocrx_word' id='word_1_278' title='bbox 234 2672 336 2700; x_wconf 75' lang='lat' dir='ltr'><em>eum</em></span> <span class='ocrx_word' id='word_1_279' title='bbox 370 2671 442 2700; x_wconf 79' lang='lat' dir='ltr'><em>ras</em></span> <span class='ocrx_word' id='word_1_280' title='bbox 476 2658 525 2711; x_wconf 87' lang='lat' dir='ltr'><em>B,</em></span> <span class='ocrx_word' id='word_1_281' title='bbox 560 2658 607 2700; x_wconf 87' lang='lat' dir='ltr'><em>in</em></span> <span class='ocrx_word' id='word_1_282' title='bbox 640 2659 685 2700; x_wconf 91' lang='lat' dir='ltr'>M</span> <span class='ocrx_word' id='word_1_283' title='bbox 719 2662 748 2702; x_wconf 81' lang='grc' dir='ltr'><em>ὃ</em></span> <span class='ocrx_word' id='word_1_284' title='bbox 777 2662 941 2715; x_wconf 75' lang='lat' dir='ltr'>postea</span> <span class='ocrx_word' id='word_1_285' title='bbox 973 2660 1188 2704; x_wconf 75' lang='lat' dir='ltr'>additum</span> <span class='ocrx_word' id='word_1_286' title='bbox 1219 2663 1290 2704; x_wconf 70' lang='lat' dir='ltr'><em>est</em></span> <span class='ocrx_word' id='word_1_287' title='bbox 1332 2662 1337 2716; x_wconf 92' lang='lat'><em>¹</em></span> <span class='ocrx_word' id='word_1_288' title='bbox 1380 2659 1587 2715; x_wconf 80' lang='grc' dir='ltr'><em>δεόμεθα</em></span> <span class='ocrx_word' id='word_1_289' title='bbox 1618 2659 1667 2702; x_wconf 94' lang='grc' dir='ltr'>Μ</span> <span class='ocrx_word' id='word_1_290' title='bbox 1699 2659 1780 2702; x_wconf 85' lang='lat' dir='ltr'><em>sed</em></span> <span class='ocrx_word' id='word_1_291' title='bbox 1813 2662 1906 2702; x_wconf 85' lang='grc' dir='ltr'><em>εθα</em></span> <span class='ocrx_word' id='word_1_292' title='bbox 1994 2614 2001 2701; x_wconf 80' lang='lat'><em>¹</em></span> 
     </span>
     <span class='ocr_line' id='line_1_38' title="bbox 232 2716 1902 2776; baseline 0.002 -18"><span class='ocrx_word' id='word_1_293' title='bbox 232 2730 315 2772; x_wconf 56' lang='lat' dir='ltr'><em>pos</em></span> <span class='ocrx_word' id='word_1_294' title='bbox 297 2720 396 2759; x_wconf 78' lang='lat' dir='ltr'><em>tea</em></span> <span class='ocrx_word' id='word_1_295' title='bbox 429 2716 642 2759; x_wconf 74' lang='lat' dir='ltr'>additum</span> <span class='ocrx_word' id='word_1_296' title='bbox 734 2723 787 2760; x_wconf 85' lang='lat'><em>13</em></span> <span class='ocrx_word' id='word_1_297' title='bbox 819 2727 1171 2776; x_wconf 76' lang='grc' dir='ltr'><em>χαρακτῆρος-</em></span> <span class='ocrx_word' id='word_1_298' title='bbox 1184 2724 1238 2763; x_wconf 88' lang='lat'><em>14</em></span> <span class='ocrx_word' id='word_1_299' title='bbox 1268 2726 1350 2763; x_wconf 86' lang='grc' dir='ltr'><em>τοῦ</em></span> <span class='ocrx_word' id='word_1_300' title='bbox 1375 2732 1451 2762; x_wconf 91' lang='lat' dir='ltr'><em>om</em></span> <span class='ocrx_word' id='word_1_301' title='bbox 1473 2718 1547 2761; x_wconf 86' lang='lat' dir='ltr'><em>Pv</em></span> <span class='ocrx_word' id='word_1_302' title='bbox 1577 2717 1674 2761; x_wconf 87' lang='lat' dir='ltr'>sine</span> <span class='ocrx_word' id='word_1_303' title='bbox 1699 2717 1868 2761; x_wconf 81' lang='lat' dir='ltr'>lacuna</span> <span class='ocrx_word' id='word_1_304' title='bbox 1897 2719 1902 2776; x_wconf 91' lang='lat'><em>¹</em></span> 
     </span>
     <span class='ocr_line' id='line_1_39' title="bbox 232 2776 1906 2834; baseline 0.001 -16"><span class='ocrx_word' id='word_1_305' title='bbox 232 2778 339 2831; x_wconf 76' lang='lat' dir='ltr'>post</span> <span class='ocrx_word' id='word_1_306' title='bbox 369 2792 655 2831; x_wconf 80' lang='grc' dir='ltr'><em>χαρακτηρος</em></span> <span class='ocrx_word' id='word_1_307' title='bbox 686 2776 759 2819; x_wconf 84' lang='lat' dir='ltr'><em>lac</em></span> <span class='ocrx_word' id='word_1_308' title='bbox 784 2777 888 2819; x_wconf 91' lang='lat' dir='ltr'><strong>VIII</strong></span> <span class='ocrx_word' id='word_1_309' title='bbox 920 2777 998 2821; x_wconf 72' lang='lat' dir='ltr'>litt</span> <span class='ocrx_word' id='word_1_310' title='bbox 1030 2779 1097 2834; x_wconf 89' lang='lat' dir='ltr'><em>M,</em></span> <span class='ocrx_word' id='word_1_311' title='bbox 1138 2778 1244 2822; x_wconf 91' lang='lat' dir='ltr'><em>XIV</em></span> <span class='ocrx_word' id='word_1_312' title='bbox 1274 2777 1354 2821; x_wconf 72' lang='lat' dir='ltr'><strong>litt</strong></span> <span class='ocrx_word' id='word_1_313' title='bbox 1384 2778 1442 2821; x_wconf 90' lang='grc' dir='ltr'><em>Β·</em></span> <span class='ocrx_word' id='word_1_314' title='bbox 1486 2776 1579 2820; x_wconf 75' lang='lat' dir='ltr'>fort</span> <span class='ocrx_word' id='word_1_315' title='bbox 1609 2777 1773 2820; x_wconf 85' lang='grc' dir='ltr'><em>τούτου</em></span> <span class='ocrx_word' id='word_1_316' title='bbox 1807 2776 1906 2827; x_wconf 84' lang='grc' dir='ltr'><em>αλις</em></span> 
     </span>
     <span class='ocr_line' id='line_1_40' title="bbox 233 2833 1903 2906; baseline 0.001 -30"><span class='ocrx_word' id='word_1_317' title='bbox 233 2833 472 2877; x_wconf 73' lang='lat' dir='ltr'>intercidit</span> <span class='ocrx_word' id='word_1_318' title='bbox 571 2839 625 2876; x_wconf 85' lang='lat'><em>14</em></span> <span class='ocrx_word' id='word_1_319' title='bbox 659 2833 903 2906; x_wconf 80' lang='grc' dir='ltr'><em>ἑκατέρων]</em></span> <span class='ocrx_word' id='word_1_320' title='bbox 939 2835 1154 2892; x_wconf 83' lang='grc' dir='ltr'><em>εκατέρου</em></span> <span class='ocrx_word' id='word_1_321' title='bbox 1180 2837 1356 2880; x_wconf 85' lang='lat' dir='ltr'>MBPv</span> <span class='ocrx_word' id='word_1_322' title='bbox 1392 2838 1396 2892; x_wconf 95' lang='lat'><em>¹</em></span> <span class='ocrx_word' id='word_1_323' title='bbox 1433 2834 1456 2879; x_wconf 87' lang='grc' dir='ltr'><strong><em>ὃ</em></strong></span> <span class='ocrx_word' id='word_1_324' title='bbox 1489 2833 1643 2885; x_wconf 87' lang='grc' dir='ltr'><em>ἀτελες</em></span> <span class='ocrx_word' id='word_1_325' title='bbox 1676 2834 1903 2879; x_wconf 80' lang='lat' dir='ltr'>Sadaeus:</span> 
     </span>
     <span class='ocr_line' id='line_1_41' title="bbox 233 2891 1786 2960; baseline 0.001 -24"><span class='ocrx_word' id='word_1_326' title='bbox 233 2891 287 2937; x_wconf 85' lang='grc' dir='ltr'><em>ὃν</em></span> <span class='ocrx_word' id='word_1_327' title='bbox 318 2893 453 2960; x_wconf 83' lang='grc' dir='ltr'><em>ἀτελῆ</em></span> <span class='ocrx_word' id='word_1_328' title='bbox 576 2898 628 2936; x_wconf 89' lang='grc'><em>16</em></span> <span class='ocrx_word' id='word_1_329' title='bbox 669 2893 912 2950; x_wconf 83' lang='grc' dir='ltr'><em>προτέρου]</em></span> <span class='ocrx_word' id='word_1_330' title='bbox 953 2895 1177 2950; x_wconf 84' lang='grc' dir='ltr'><em>πρότερον</em></span> <span class='ocrx_word' id='word_1_331' title='bbox 1209 2895 1385 2938; x_wconf 85' lang='lat' dir='ltr'>MBPV</span> <span class='ocrx_word' id='word_1_332' title='bbox 1432 2898 1436 2951; x_wconf 96' lang='lat'><em>¹</em></span> <span class='ocrx_word' id='word_1_333' title='bbox 1468 2892 1719 2948; x_wconf 62' lang='grc' dir='ltr'><em>σελευτέου</em></span> <span class='ocrx_word' id='word_1_334' title='bbox 1751 2895 1786 2936; x_wconf 91' lang='grc' dir='ltr'>Ρ</span> 
     </span>
     <span class='ocr_line' id='line_1_42' title="bbox 235 2951 1844 3010; baseline 0 -15"><span class='ocrx_word' id='word_1_335' title='bbox 235 2956 288 2995; x_wconf 87' lang='grc'><em>19</em></span> <span class='ocrx_word' id='word_1_336' title='bbox 321 2951 469 2995; x_wconf 79' lang='grc' dir='ltr'><em>ἄλλων</em></span> <span class='ocrx_word' id='word_1_337' title='bbox 501 2951 663 2994; x_wconf 82' lang='lat' dir='ltr'>addidi</span> <span class='ocrx_word' id='word_1_338' title='bbox 779 2957 834 2996; x_wconf 76' lang='lat'><em>‘20</em></span> <span class='ocrx_word' id='word_1_339' title='bbox 865 2951 999 3010; x_wconf 81' lang='grc' dir='ltr'><em>ὑπερ]</em></span> <span class='ocrx_word' id='word_1_340' title='bbox 1039 2955 1143 3008; x_wconf 80' lang='grc' dir='ltr'><em>περὶ</em></span> <span class='ocrx_word' id='word_1_341' title='bbox 1175 2954 1351 2997; x_wconf 86' lang='lat' dir='ltr'>MBPv</span> <span class='ocrx_word' id='word_1_342' title='bbox 1467 2959 1518 2996; x_wconf 79' lang='lat'><em>‘21</em></span> <span class='ocrx_word' id='word_1_343' title='bbox 1554 2952 1777 3009; x_wconf 81' lang='grc' dir='ltr'><em>καλλήστη</em></span> <span class='ocrx_word' id='word_1_344' title='bbox 1810 2954 1844 2995; x_wconf 91' lang='grc' dir='ltr'><strong><em>Ρ</em></strong></span> 
     </span>
    </p>
   </div>
  </div>
 </body>
</html>
