2004 3202
210 151 319 204 304
628 115 1473 197 ΔΙΟΝΥΣΙΟΤᾏΛΙΚΑΡΝΑΣΕΩΣ
1929 0 2004 205 ἲ

153 283 176 302 Ρ

149 301 183 336 ε)
320 285 435 339 ἐπεὶ
482 284 543 340 δὲ
583 287 611 342 ὁ
651 291 849 359 χρόνος
887 288 1122 358 τάνδρὸς
1161 289 1234 350 ὡς
1272 281 1394 341 οἷόν
1431 308 1489 342 τε
1528 288 1886 359 ἀκριβέστατα
1994 351 1996 365 1

207 375 447 446 εὕρηται,
485 377 623 446 πρὸς
662 377 729 430 ὃν
765 376 855 429 καὶ
894 386 1005 429 τῶν
1043 379 1225 444 λόγων
1254 379 1384 440 τούς
1414 397 1472 430 τε
1502 381 1764 446 γνησίους
1793 377 1884 431 καὶ
1993 414 2004 453 ,

207 465 278 532 μὴ
320 465 730 534 διακρινοῦμεν,
769 466 958 534 καιρὸς
996 466 1101 533 ἤδη
1140 463 1231 518 καὶ
1261 465 1386 536 περὶ
1415 473 1516 518 τοῦ
1547 474 1885 537 χαρακτῆρος
1990 460 1995 516 ι’

119 576 141 610 J.
208 552 379 606 αὐτοῦ
426 553 619 621 λέγειν.
703 555 817 606 ἔστι
865 549 926 605 δὲ
972 555 1317 623 δυσόριστον.
1394 552 1561 607 οὐδὲν
1606 556 1710 625 γὰρ
1759 556 1885 608 οὔτε
1983 517 1995 770 ⁴

161 656 182 688 5
206 642 397 694 κοινὸν
436 641 549 694 οὔτ’
590 643 737 694 ἴδιον
769 643 926 710 ἔσχεν
957 641 1068 695 οὔτ’
1103 641 1163 694 ἐν
1193 651 1308 704 τοῖς
1341 644 1502 705 ἰδίοις
1534 641 1645 696 οὔτ’
1679 643 1740 696 ἐν
1770 652 1885 706 τοῖς

207 731 491 799 δημοσίοις
529 729 754 798 ἀγῶσιν,
797 729 935 784 ἀλλὰ
972 729 1063 783 καὶ
1101 740 1216 793 τοῖς
1256 734 1471 784 Λυσίου
1508 734 1885 802 παραπλήσιος
1986 774 1991 807 ¹

206 821 357 870 ἔστιν
396 819 535 870 ὅπου
574 822 784 886 γίνεται
822 818 912 871 καὶ
944 828 1060 881 τοῖς
1083 819 1400 889 Ὑπερείδου
1431 819 1522 872 καὶ
1552 829 1667 882 τοῖς
1698 824 1885 889 Λημο-
1986 810 1991 889 ᾗ

207 906 445 968 σθένους
483 909 682 975 λόγοις.
743 906 834 960 καὶ
872 909 1086 961 τούτων
1122 910 1300 962 πολλὰ
1339 910 1408 961 άν
1446 929 1542 971 τις
1565 911 1679 978 ἔχοι
1712 927 1884 978 παρα-
1984 920 1989 981 J

206 997 466 1063 δείγματα
508 995 513 1064 Ι
557 995 839 1049 ἐκθέσθαι.
913 1005 1013 1050 τοῦ
1059 1017 1160 1066 μεν
1202 1000 1487 1050 Λυσιακοῦ
1533 1005 1869 1067 χαρακτῆρος
1887 985 1989 1067 64οῗ

139 1101 182 1131 10
206 1086 266 1136 ἔν
304 1104 362 1136 τε
399 1091 475 1156 τῷ
513 1084 639 1155 περὶ
670 1085 1059 1154 Μνησικλέους
1098 1088 1243 1158 λόγῳ
1282 1085 1372 1138 καὶ
1413 1085 1473 1138 ἐν
1503 1094 1578 1158 τῷ
1608 1087 1743 1138 κατα
1773 1089 1884 1138 Λυ-
1982 1075 1987 1112 ³

205 1174 496 1243 σικράτους
526 1171 664 1244 ὑπερ
693 1176 1019 1244 Νικομάχου
1050 1174 1140 1227 καὶ
1174 1174 1233 1228 ἐν
1265 1177 1451 1237 άλλοις
1483 1179 1723 1236 πολλοῖς.
1783 1182 1883 1227 τοῦ

204 1260 251 1314 δ’
291 1261 657 1333 Ὑπερειδείου
707 1273 825 1325 ταῖς
871 1283 928 1316 τε
975 1265 1311 1333 οἰκονομίαις
1359 1262 1747 1334 ἀκριβεστέρου
1792 1262 1883 1316 καὶ

203 1361 320 1414 ταῖς
357 1361 714 1415 κατασκευαῖς
752 1352 1140 1423 γενναιοτέρου
1177 1371 1293 1415 πως
1330 1355 1490 1415 ὄντος
1527 1361 1638 1404 τῶν
1677 1355 1882 1404 Λυσια-

203 1450 316 1493 κῶν
371 1441 431 1494 ἐν
483 1445 698 1494 πλείοσι
751 1439 852 1511 μὲν
905 1442 937 1510 ἢ
991 1444 1283 1512 τριάκοντα
1329 1443 1643 1511 Δεινάρχου
1697 1443 1882 1508 λόγοις

139 1542 179 1573 15
203 1531 613 1599 παραδείγματα
660 1531 845 1601 εὑρεῖν
887 1533 1060 1597 ἔστιν,
1108 1530 1209 1599 οὐχ
1247 1531 1440 1598 ἥκιστα
1479 1527 1539 1582 δὲ
1577 1528 1667 1582 καὶ
1708 1529 1768 1581 ἐν
1805 1537 1880 1601 τῷ

203 1618 328 1688 περὶ
374 1628 469 1687 τῆς
499 1618 817 1687 Ἀγάθωνος
864 1621 1273 1689 διαμαρτυρίας.
1351 1619 1416 1672 οὐ
1463 1619 1572 1687 μὴν
1614 1618 1766 1671 άλλόί
1788 1618 1879 1671 καὶ

203 1715 302 1759 τοῦ
334 1712 763 1776 Δημοσθενικοῦ
803 1715 1156 1777 χαρακτῆρος,
1196 1708 1262 1760 ὃν
1300 1710 1533 1777 μάλιστα
1568 1707 1879 1776 ἐμιμήσατο,
1964 1743 1965 1747 =

202 1798 345 1848 πολὺ
384 1799 552 1849 πλείω
593 1796 804 1849 δύναιτ’
844 1799 913 1849 ἄν
951 1817 1033 1859 τις
1065 1798 1254 1864 εἰπεῖν,
1295 1798 1473 1858 ἄλλως
1503 1815 1560 1848 τε
1591 1794 1681 1848 καὶ
1715 1794 1775 1848 ἐν
1805 1802 1880 1866 τῷ
1959 1835 1975 1855 .:

203 1886 337 1937 κατὰ
377 1886 750 1938 Πολυεύκτου.
825 1886 1230 1955 προοιμιάζεται
1275 1887 1380 1954 γὰρ
1428 1885 1630 1953 ὁμοίως
1673 1883 1878 1956 ἐκείνῳ,

139 1984 179 2015 20
203 1972 292 2025 καὶ
334 1973 403 2026 δι’
444 1975 577 2027 ὅλου
615 1982 715 2027 τοῦ
755 1977 925 2042 λόγου
962 1976 1339 2043 παραπλήσιος
1378 1972 1656 2042 μεμένηκε.

145 2056 177 2107 6
313 2072 427 2125 πῶς
489 2060 591 2115 οὖν
652 2065 721 2115 ἄν
774 2083 856 2125 τις
910 2064 1179 2131 δυνηθείη
1234 2064 1363 2124 τοὺς
1415 2065 1677 2130 γνησίους
1731 2061 1876 2133 αὑτςῖ

203 2154 487 2221 γνωρίζειν
533 2153 753 2218 λόγους;
799 2160 1020 2221 πρῶτον
1061 2148 1162 2220 μὲν
1201 2152 1248 2203 εἰ
1288 2150 1562 2203 ἐπίσταιτο
1601 2152 1730 2212 τοὺς
1767 2160 1878 2203 τῶν

203 2241 385 2293 ἄλλων
439 2248 802 2309 χαρακτῆρας,
865 2242 1048 2292 ἔπειτα
1101 2241 1230 2301 τοὺς
1283 2236 1384 2308 μὲν
1438 2242 1652 2291 Λυσίου
1705 2257 1876 2308 παρα-

202 2333 466 2396 πλησίους
506 2331 704 2396 λόγους
742 2329 916 2400 τούτῳ
956 2327 1280 2397 προσφέροι,
1319 2329 1447 2390 τοὺς
1482 2326 1529 2379 δ’
1561 2325 1875 2397 Ὑπερείδου

203 2546 226 2587 f
267 2547 287 2588 I
310 2493 376 2590 S10
408 2487 667 2531 Dinarchus
700 2488 741 2530 fr
765 2488 887 2531 LVII
905 2487 933 2531 S
1027 2493 1080 2531 16
1113 2487 1238 2530 idem
1262 2487 1304 2530 fr
1327 2486 1470 2530 LXIX
1487 2486 1515 2529 S
1602 2490 1655 2528 19
1682 2486 1731 2528 cf
1750 2486 1874 2530 idem

223 2561 244 2588 r

322 2669 346 2705 5
394 2664 574 2721 κοινὸν]
613 2665 778 2708 καινὸν
819 2665 1045 2709 Christius
1183 2670 1207 2708 8
1255 2664 1313 2720 δὴ
1344 2664 1400 2708 F:
1447 2680 1506 2707 αν
1544 2662 1753 2706 restituit
1791 2662 1872 2706 Sa-

203 2723 346 2766 daeus
390 2726 394 2778 Ι
448 2722 542 2779 ἔχοι
588 2723 825 2767 Reiskius:
875 2724 921 2782 ἔχ
926 2740 964 2768 ει
1010 2724 1045 2766 F
1182 2728 1235 2766 12
1277 2682 1584 2778 Τπερειδείου
1631 2721 1868 2765 Reiskius:

202 2779 446 2835 ὑπερείδου
479 2782 513 2824 F
541 2783 546 2838 Ι
574 2742 921 2839 ἀκριβέστερονχ
929 2783 984 2827 F:
1018 2797 1119 2826 corr
1149 2781 1383 2826 Victorius
1506 2785 1559 2823 13
1592 2787 1688 2831 πῶς
1717 2780 1752 2823 F

204 2845 257 2883 15
291 2838 411 2884 ἐστίν
443 2841 477 2883 F
585 2846 639 2884 18
664 2840 825 2884 δυνάτ’
854 2841 913 2886 F:
947 2856 1048 2885 corr
1070 2858 1117 2885 m
1140 2839 1458 2885 recentissima
1487 2841 1491 2895 Ι
1521 2839 1663 2890 ἄλλως
1693 2855 1740 2882 τε
1771 2839 1869 2896 καὶ]

204 2898 312 2942 ὥστε
343 2899 423 2943 καὶ
454 2899 488 2942 F
550 2900 610 2949 ὡς
640 2899 719 2943 καὶ
750 2900 968 2956 uolgatur
1080 2905 1134 2944 21
1168 2900 1309 2958 αὐτῷ]
1342 2900 1465 2957 αὐτῷ
1494 2898 1530 2940 F
1591 2900 1735 2942 αὐτοῦ
1769 2898 1871 2954 Syl-

203 2958 395 3014 burgius
516 2963 571 3002 24
603 2958 747 3002 τούτω
780 2959 813 3000 F
