2004 3202
761 127 1185 171 ΔΗΜΟΣΘΕΝΗΣ
1703 127 1813 180 225

137 264 271 332 τύχη
320 263 468 332 παρὰ
519 260 679 315 πάντ’
720 260 833 315 ἐστὶ
878 263 944 315 τὰ
989 271 1100 315 τῶν
1145 261 1461 332 ἀνθρώπων
1506 262 1808 332 πράγματα.

139 352 206 406 οὐ
245 352 353 421 μὴν
391 349 507 404 ἀλλ’
543 353 738 419 ἔγωγε,
785 356 839 404 εἴ
878 371 960 414 τις
998 351 1212 421 αἵρεσίν
1250 371 1343 420 μοι
1383 352 1531 419 δοίη,
1578 351 1679 418 τὴν
1717 358 1812 418 τῆς

50 454 165 494 1090
196 438 470 511 ἡμεΙτέρας
521 441 730 501 πόλεως
783 439 955 508 τύχην
1003 437 1074 492 ἂν
1127 437 1352 508 ἑλοίμην
1398 438 1724 505 ἐθελόντων,
1779 438 1812 491 ἃ

136 530 414 599 προσήκει,
444 537 625 581 ποιεῖν
651 527 808 596 ὑμῶν
839 527 929 580 καὶ
959 529 1094 581 κατὰ
1125 529 1340 598 μικρόν,
1371 526 1538 595 ἢ“τὴν
1564 525 1811 579 ἐκει’νου.’

139 617 200 670 ἐν
236 626 353 680 ταῖς
391 615 536 686 τρισὶ
574 617 854 686 περιόδοις
892 617 1114 679 ταύταις
1151 617 1217 669 τὰ
1255 613 1357 685 μὲν
1395 617 1534 669 ἄλλα
1573 614 1812 684 ὀνόματα
1859 636 1880 668 5

135 706 313 759 πάντα
359 705 623 773 εὐφώνως
668 725 725 758 τε
773 705 1050 773 σύγκειται
1097 703 1188 758 καὶ
1232 703 1407 773 ἡδέως
1452 711 1528 776 τῷ
1567 713 1813 772 συνεχεῖς

138 794 355 863 σφόδρα
393 792 483 846 καὶ
523 795 765 862 μαλακὰς
803 793 985 846 αὐτῶν
1017 789 1285 856 εἶναι’τὰς
1317 793 1592 863 ἁρμονίας.
1656 792 1814 860 ὀλίγα

137 881 185 934 δ’
218 881 332 935 ἐστὶ
370 883 732 950 παντάπασιν,
773 882 806 935 ἃ
846 883 1084 951 διῖστησι
1123 883 1219 945 τὰς
1257 882 1521 952 ἁρμονίας
1557 879 1649 933 καὶ
1687 901 1814 950 τρα-

135 974 283 1040 χείας
314 974 614 1040 φαίνεσθαι
644 979 791 1024 ποιεῖ
822 970 1012 1039 αὐτάς,
1046 970 1106 1024 ἐν
1132 968 1235 1040 μὲν
1260 979 1324 1041 τῇ
1355 971 1542 1040 πρώτῃ
1573 971 1812 1042 περιόδῳ

135 1061 271 1113 κατὰ
303 1060 405 1112 δύο
436 1061 638 1122 τόπους
675 1061 741 1112 τὰ
780 1061 1067 1128 φωνήεντα
1107 1061 1524 1129 συγκρουόμενα
1555 1061 1617 1111 ἔν
1646 1078 1703 1112 τε
1738 1065 1813 1130 τῷ
1838 1079 1880 1110 10

137 1145 205 1201 (ὦ
245 1149 442 1218 ἄνδρες
472 1146 786 1216 Ἀθηναῖοι’
825 1146 915 1200 καὶ
948 1146 1009 1200 ἐν
1038 1154 1114 1219 τῷ
1153 1147 1517 1216 εεὐτυχοῦντα
1548 1147 1739 1216 ὁρῶν’,
1780 1147 1812 1200 ἃ

136 1237 375 1305 διῖστησι
420 1237 480 1288 τὸ
530 1234 785 1305 συναφές.
860 1234 950 1289 καὶ
996 1234 1111 1289 κατ’
1145 1237 1346 1298 ἄλλους
1388 1236 1491 1288 δύο
1530 1237 1733 1298 τόπους
1779 1235 1810 1303 ἢ

134 1334 280 1395 τρεῖς
325 1327 390 1378 τὰ
436 1325 695 1394 ἡμίφωνα
740 1323 867 1392 <acal
913 1326 1143 1394 ἄφωνα>
1187 1327 1603 1394 παραπίπτοντα
1649 1323 1812 1393 ἀλλή-

136 1419 252 1476 λοις
282 1415 348 1467 τὰ
380 1414 554 1482 φύσιν
585 1413 685 1467 οὐκ
715 1415 911 1482 ἔχοντα
935 1416 1368 1482 συναλείφεσθαι
1400 1415 1462 1466 ε”ν
1492 1433 1549 1466 τε
1580 1419 1656 1484 τῷ
1688 1413 1812 1466 (τὸν

139 1502 445 1555 Φίλιππον’
483 1500 574 1554 καὶ
614 1501 675 1555 ἐν
711 1508 788 1574 τῷ
828 1501 1024 1572 εταύτῃ
1065 1502 1308 1571 φοβερὸν
1338 1500 1811 1572 προσπολεμῆσαι’
1838 1520 1878 1552 15

134 1589 383 1661 ταράττει
428 1593 559 1653 τοὺς
609 1592 777 1660 ἤχους
830 1593 1061 1661 μετρίως
1114 1589 1204 1643 καὶ
1252 1589 1353 1643 οὐκ
1401 1590 1462 1661 ἐᾷ
1510 1593 1811 1659 φαίνεσθαι

134 1680 423 1748 μαλακούς.
486 1678 546 1732 ἐν
585 1676 646 1732 δὲ
683 1688 747 1750 τῇ
790 1677 1018 1750 δευτέρᾳ
1062 1680 1302 1750 περιόδῳ
1342 1679 1665 1749 τραχύνεται
1712 1676 1813 1748 μὲν

134 1767 167 1835 ἡ
208 1768 471 1830 σύνθεσις
502 1767 562 1820 ἐν
593 1775 668 1839 τῷ
700 1768 715 1791 ²
726 1769 931 1837 μεγάλη
963 1770 1068 1838 γὰρ
1103 1768 1244 1838 ῥοπή
1255 1768 1289 1836 ⁹,
1325 1769 1418 1820 διὰ
1448 1769 1509 1820 τὸ
1542 1768 1614 1836 μὴ
1648 1782 1813 1820 συνα-

135 1858 427 1925 λείφεσθαι
457 1858 522 1908 τὰ
554 1857 656 1909 δύο
690 1877 721 1926 ρ
755 1877 786 1926 ρ
818 1855 908 1908 καὶ
942 1856 1002 1909 ἐν
1031 1863 1107 1927 τῷ
1132 1855 1475 1926 εἀνθρώπων
1497 1857 1812 1927 πράγματα’

136 1945 227 1996 διὰ
266 1945 326 1996 τὸ
366 1945 437 2013 μὴ
478 1947 902 1997 συλλεαίνεσθαι
942 1945 1037 2012 <τὸ
1077 1945 1147 2013 ν>
1186 1951 1261 2016 τῷ
1309 1943 1441 2012 ἑξῆς.
1518 1946 1810 1998 διασπᾶται
1836 1963 1879 1995 -20

48 2046 159 2085 1091
196 2031 244 2085 δ’
278 2031 337 2085 ἐν
361 2039 436 2103 τῷ
471 2034 476 2100 Ι
513 2032 742 2101 “μᾶλλον
774 2030 835 2085 δὲ
859 2033 992 2086 ὅλον
1022 2032 1055 2101 ἡ
1081 2034 1215 2102 τύχη
1228 2032 1262 2101 ⁹,
1286 2032 1534 2103 βραχέων
1566 2033 1811 2102 φωνηέν-

135 2141 245 2173 των
290 2122 468 2173 πολὺν
514 2121 611 2173 τὸν
655 2120 852 2189 μεταξὺ
899 2123 1102 2190 χρόνον
1147 2124 1682 2190 περιλαμβανόντων.
1753 2122 1813 2174 ἐν

135 2206 194 2261 δὲ
242 2218 304 2279 τῇ
352 2212 505 2279 τρίτῃ
552 2210 790 2280 περιόδῳ
837 2210 902 2261 τὰ
950 2210 1238 2277 φωνήεντα
1283 2208 1398 2278 μέν,
1447 2214 1501 2262 εί
1543 2230 1627 2272 τις
1674 2210 1810 2263 αὐτὰ

134 2299 391 2367 βούλοιτο
439 2300 771 2360 συναλείψας
818 2296 1099 2365 ἐκθλίβειν
1145 2298 1325 2366 ὥσπερ
1374 2298 1433 2349 τὸ
1483 2303 1666 2366 οἴομαι
1720 2297 1809 2350 καὶ

254 2522 279 2559 2
311 2516 395 2573 τὴν
429 2530 503 2560 om
533 2516 571 2558 Β
685 2522 710 2559 6
751 2517 970 2574 συνεχεῖς]
1012 2519 1284 2572 συγκεῖσθαι
1315 2516 1493 2559 MBPv
1585 2521 1610 2559 9
1644 2514 1808 2572 φαινέ-

136 2578 304 2619 νεσθαι
336 2576 372 2618 Β
409 2578 413 2633 Ι
449 2583 583 2619 ποιεῖ.
626 2572 791 2619 αὐτίκα
825 2574 874 2619 ἐν
907 2573 1020 2631 μὲνῬ
1130 2580 1182 2619 10
1213 2574 1383 2626 τόπους
1415 2575 1672 2632 Kiessling:
1705 2575 1808 2630 τρό-

134 2649 252 2684 πους
293 2637 298 2690 Ι
340 2635 421 2694 τῷ]
453 2639 515 2694 τῷ
546 2634 684 2689 ἀνδρὶ
715 2634 750 2676 P
783 2635 864 2677 sed
895 2633 1063 2677 uitium
1094 2634 1268 2679 lineola
1301 2634 1481 2679 deletur
1579 2639 1629 2677 11
1666 2634 1715 2678 ἐν
1746 2638 1807 2692 τῷ

137 2706 212 2736 om
242 2693 278 2736 P
386 2698 439 2736 12
473 2691 668 2750 διίστησι
700 2693 757 2737 B:
790 2693 870 2737 καὶ
901 2690 1097 2750 διίστησι
1127 2694 1259 2737 MPv
1301 2697 1306 2750 Ι
1348 2693 1519 2744 τόπους
1549 2693 1805 2748 Kiessling:

135 2750 332 2806 τρόπους
423 2759 476 2796 13
510 2753 588 2796 καὶ
621 2752 788 2807 ἄφωνα
822 2751 985 2795 addidi
1077 2757 1132 2796 14
1163 2750 1567 2809 συναλείφθεσθαι
1599 2753 1635 2794 Β
1665 2756 1669 2806 Ι
1705 2752 1805 2809 τὸν]

136 2818 226 2854 τῶν
249 2811 297 2854 Μ
390 2816 443 2854 15
476 2809 763 2867 φίωςλιππον
796 2825 897 2854 corr
927 2811 976 2854 in
1008 2809 1234 2867 φίλιππον
1263 2812 1298 2855 Ρ
1391 2817 1444 2856 16
1480 2813 1619 2855 οὐκεα
1652 2812 1687 2853 Β

139 2872 192 2911 18
226 2868 589 2926 συναλείφαισθε
621 2871 656 2913 Ρ
763 2875 818 2913 20
851 2868 1206 2915 συνλλαίνεσθαι
1237 2871 1273 2914 Ρ
1310 2874 1314 2927 Ι
1350 2872 1401 2914 τὸ
1436 2889 1461 2915 ν
1493 2869 1677 2923 addidi,
1711 2868 1806 2912 alia.

138 2926 250 2983 fingi
279 2932 473 2984 possunt
564 2934 618 2972 22
652 2930 795 2973 πολὺν
822 2928 1117 2986 Sylburgius:
1150 2931 1265 2974 πολὺ
1359 2935 1413 2972 23
1446 2928 1521 2986 τὰ]
1556 2936 1615 2972 τῶ
1640 2928 1686 2970 Μ

224 3009 336 3044 Dion.
359 3012 555 3044 Halicarn.
579 3013 623 3044 V.
1488 3007 1540 3045 15
