2004 3202
778 143 1200 187 ΔΗΜΟΣΘΕΝΗΣ
1720 145 1824 198 179

151 281 253 348 μαί
311 298 368 332 τε
426 276 516 332 καὶ
574 278 916 347 τεθαύμακα,
978 285 1071 346 τῆς
1125 276 1174 330 δ’
1221 277 1605 346 ἀπειροκαλίας
1659 279 1827 332 αὐτὸν

152 365 491 420 οὐδεπώποτ’
518 365 755 434 ἐζήλωσα
785 373 879 434 τῆς
912 365 972 419 ἐν
998 374 1116 428 ταῖς
1147 364 1424 428 ἐπιθέτοις
1454 377 1825 435 κατασκευαῖς,

150 458 331 526 ὥσπερ
371 458 512 525 ε”φην
550 453 640 507 καὶ
682 458 970 525 πρότερον,
1016 453 1107 507 καὶ
1151 455 1374 508 πάντων
1412 454 1605 522 ἥκιστα
1645 454 1704 507 ἐν
1744 449 1826 518 οἷς

150 543 220 596 ἂν
273 545 350 606 εἰς
401 545 684 606 πολιτικὰς
740 542 1036 606 ὑποθέσεις
1091 541 1681 613 συγκαθεὶς-’ἐγκώμια
1734 543 1827 596 καὶ

150 632 720 702 ψόγουςὲκατηγοριάς
750 652 806 685 τε
837 631 927 684 καὶ
960 631 1258 699 ἀπολογίας
1291 630 1534 702 ἐπιχειρῇ
1574 633 1825 702 γράφειν.
1870 651 1891 683 5

148 718 330 790 ἕτερος
367 721 472 790 γάρ
504 741 586 782 τις
618 721 789 773 αὑτοῦ
822 724 1030 788 γίνεται
1062 722 1182 773 τότε
1217 718 1307 772 καὶ
1345 721 1694 789 καταισχύνει
1725 722 1826 789 τὴν

149 811 462 878 φιλόσοφον
493 808 732 873 ἀξίωσιν.
794 809 962 878 κάμοί
995 829 1056 877 γε
1086 809 1348 871 πολλάκις
1379 807 1620 877 ἐπῆλθεν
1651 811 1826 863 εἰπεῖν

148 895 402 950 ἐπὶτῶν
454 898 722 950 τοιούτων
777 897 947 950 αὐτοῦ
1002 899 1206 964 λόγων,
1262 896 1290 949 ὃ
1344 900 1634 966 πεποίηται
1687 898 1816 969 παρ’

139 984 350 1057 Ὁμήρῳ
388 987 525 1055 πρὸς
563 986 664 1053 τὴν
695 984 1030 1055 Ἀφροδίτην
1069 985 1096 1038 ὁ
1134 987 1271 1047 Ζεὺς
1311 984 1511 1053 λέγων·

290 1089 371 1141 Οὔ
410 1075 746 1158 τοι,’τέκνον
785 1088 934 1158 ἐμόν,
974 1088 1191 1142 δέδοται
1230 1090 1498 1158 πολεμήια
1536 1091 1685 1159 ἔργα,
1849 1109 1891 1140 10

286 1177 424 1230 ἀλλὰ
464 1178 533 1230 σύ
572 1176 624 1245 γ’
655 1179 939 1247 ἱμερόεντα
977 1176 1229 1247 μετέρχεο
1269 1180 1401 1247 ἔργα
1441 1178 1636 1247 γάμοιο
1672 1178 1678 1247 Ι

59 1294 172 1332 1026
206 1285 577 1351 Σωκρατικῶν
616 1282 909 1349 διαλόγων,
952 1288 1122 1333 ταῦτα
1161 1277 1221 1332 δὲ
1259 1285 1561 1342 πολιτικοῖς
1599 1279 1690 1333 καὶ
1730 1281 1823 1351 ῥή-

145 1383 336 1438 τορσιν
390 1369 622 1439 ἀνδράσι
684 1371 918 1438 μελήσει.
994 1376 1256 1438 ποιοῦμαι
1312 1366 1372 1421 δὲ
1430 1376 1523 1436 τῆς
1586 1368 1822 1438 ἐμαυτοῦ

144 1456 305 1526 δόξης
342 1459 565 1520 κοινοὺς
598 1459 785 1527 κριτὰς
824 1459 952 1519 τοὺς
993 1460 1327 1526 φιλολόγους
1366 1458 1626 1524 ἅπαντας,
1663 1457 1822 1522 ὑπεξ-

142 1546 486 1614 αιρούμενος,
526 1551 580 1599 εἴ
612 1545 756 1608 τινές
788 1547 893 1599 εἰσι
925 1548 1205 1615 φιλότιμοι
1236 1544 1326 1598 καὶ
1365 1547 1501 1615 πρὸς
1532 1547 1627 1608 τὰς
1661 1545 1822 1609 δόξας
1847 1565 1888 1598 15

143 1633 281 1687 ἀλλὰ
327 1635 399 1703 μὴ
444 1636 582 1705 πρὸς
626 1635 728 1703 τὴν
767 1634 1038 1703 ἀλήθειαν
1078 1637 1361 1704 κρίνοντες
1408 1635 1473 1687 τὰ
1518 1635 1820 1703 πράγματα.

142 1723 202 1775 τὸ
242 1720 343 1791 μὲν
382 1718 485 1775 οὗν
524 1722 766 1791 ἐκλέγειν
799 1722 851 1787 ἐξ
893 1722 1151 1775 ἁπάντων
1182 1722 1353 1775 αὐτοῦ
1393 1732 1504 1775 τῶν
1535 1725 1733 1791 λόγων,
1772 1727 1828 1775 εἴ

142 1831 193 1863 τι
232 1812 491 1864 κάκιστον
530 1817 763 1881 εἴρηται,
804 1811 832 1864 ὃ
873 1819 1133 1864 ποιοῦσιν
1171 1810 1354 1881 ἕτεροί
1386 1831 1556 1879 τινες,
1594 1813 1821 1864 κᾶπειτα

144 1900 358 1962 τούτοις
412 1895 902 1970 ἀντιπαρατιθέναι
955 1901 1056 1967 τὴν
1109 1901 1370 1970 κράτιστα
1423 1902 1660 1969 ἔχουσαν
1705 1904 1819 1968 Δή-

142 1986 454 2057 μοσθένους
500 1987 648 2052 λέξιν
686 1988 787 2040 οὐκ
835 1988 1171 2057 ἐδοκίμαζον,
1217 1989 1283 2040 τὸ·
1318 1987 1458 2062 δ’ἐκ
1495 1998 1606 2041 τῶν
1645 1988 1820 2058 ἀμφο-
1844 2009 1887 2040 20

143 2075 316 2146 τέρων
346 2077 578 2145 μάλιστα
611 2075 1070 2145 εὐδοκιμούντων,
1110 2083 1279 2128 ταῦτα
1309 2074 1437 2145 παρ’
1460 2077 1667 2144 ἄλληλα
1697 2075 1820 2139 θεὶς

143 2164 405 2229 ἐξετάζειν
436 2166 523 2216 ’τά
578 2166 802 2233 κρείττω
855 2163 1002 2216 τοῦτ’
1051 2163 1192 2227 ἔδοξ’
1240 2160 1383 2216 εἶναι
1439 2165 1672 2230 δίκαιον,
1727 2163 1818 2216 καὶ

143 2252 225 2305 ἐπ’
257 2252 390 2306 αὐτὸ
432 2251 552 2305 τοδὶ
591 2251 858 2322 τρέψομαι
897 2253 956 2304 τὸ
996 2251 1172 2322 μέρος.
1250 2253 1528 2313 δικανικὸς
1574 2249 1676 2320 μὲν
1715 2249 1818 2305 οὖν

262 2432 316 2471 10
347 2427 479 2471 Hom.
508 2429 548 2471 Ε
572 2430 656 2469 428
682 2441 735 2481 sq

261 2593 284 2632 1
318 2586 370 2633 δὲ
401 2589 439 2632 Β
560 2593 586 2632 2
619 2586 814 2645 ’ζηλωσα
845 2588 881 2630 Ρ
1001 2592 1028 2630 4
1060 2588 1312 2645 συγκαθεὶς
1341 2588 1582 2634 Reiskius:
1621 2603 1816 2646 συγκρα-

141 2648 246 2698 θεὶς
336 2653 361 2692 5
386 2647 452 2704 ψό
495 2664 575 2698 ους
598 2647 636 2690 Β
728 2652 752 2690 6
787 2647 930 2690 αὐτοῦ
954 2646 1115 2691 MBP:
1148 2661 1250 2691 corr
1272 2663 1301 2692 v
1329 2650 1334 2704 Ι
1362 2649 1638 2706 κατασχύνει
1662 2649 1698 2692 Ρ

144 2712 167 2751 7
199 2705 361 2766 κάμοί]
394 2723 474 2751 και
506 2705 583 2763 μοι’
613 2706 790 2749 MBPv
894 2710 949 2748 10
979 2702 1154 2751 τέκνων
1176 2706 1214 2749 Β
1315 2712 1367 2750 11
1403 2706 1568 2764 γάμοιο
1601 2707 1816 2751 certatim

143 2765 321 2822 delent,
356 2766 438 2810 sed
470 2765 519 2808 cf
543 2765 666 2809 Plut.
701 2766 757 2809 de
790 2763 1118 2820 superstitione
1151 2770 1258 2810 169Θ
1356 2773 1428 2810 -15
1462 2766 1747 2822 φιλοτότιμοι
1777 2766 1815 2808 Β

260 2829 317 2868 20
349 2825 403 2868 οὐ
435 2822 686 2880 δοκίμαζον
709 2825 746 2867 Ρ
775 2826 780 2881 Ι
815 2820 925 2877 παρ’
954 2822 1233 2880 ἀμφοτέροις
1262 2824 1535 2881 Sylburgius
1589 2823 1699 2880 παρ’
1728 2826 1814 2880 ἀμ-

142 2881 322 2943 φοτέρῳ
355 2883 562 2928 Sadaeus
690 2888 743 2926 21
777 2881 1044 2939 παράλληλα
1074 2882 1212 2927 ΜΒΡ
1342 2889 1396 2927 22
1438 2883 1573 2937 ἔδοξα
1614 2885 1812 2940 Krtiger:

145 2940 301 2995 ἔδοξεν
422 2946 477 2986 23
509 2942 629 3000 τοδὶ]
666 2943 724 2999 δὴ
756 2941 933 2986 MBPv

1459 3017 1547 3059 12*
