2004 3202
214 106 322 158 370
647 107 990 150 ΔΙοΝΤΣΙοΤ
1021 106 1489 148 ΑΑΙΚΑΡΝΑΣΕΩΣ

215 239 580 309 φθέγγεσθαι.
663 243 1014 311 παραπλήσια
1070 236 1130 292 δὲ
1180 237 1270 292 καὶ
1332 241 1386 292 οἱ
1449 238 1536 293 ἐπὶ
1593 250 1704 293 τῶν
1757 250 1900 294 νεῶν

217 329 403 391 αὐτοῖς
442 331 698 398 ἔπασχον,
737 332 870 399 πρίν
902 348 963 396 γε
996 329 1062 396 δὴ
1097 329 1150 380 οἱ
1181 331 1522 398 Συρακόσιοι
1561 328 1652 382 καὶ
1684 330 1737 382 οἱ
1770 327 1898 398 ξύμ-

215 437 407 486 μαχοι,
449 416 535 470 ἐπὶ
575 420 718 471 πολὺ
759 416 1122 485 ἀντισχούσης
1160 423 1255 484 τῆς
1295 420 1624 487 ναυμαχίας,
1665 419 1900 488 ἔτρεψάν

215 526 273 558 τε
319 508 450 569 τοὺς
490 504 822 574 Ἀθηναίους
868 503 958 557 καὶ
1007 503 1335 573 ἐπικείμενοι
1386 510 1667 576 λαμπρῶς,
1722 510 1898 576 πολλῇ

173 616 194 646 5
218 602 427 664 κραυγῇ
466 593 556 647 καὶ
597 595 969 664 διακελευσμῷ
1009 593 1297 662 χρώμενοι,
1335 595 1668 648 κατεδίωκον
1707 593 1761 657 ἐς
1798 595 1901 663 τὴν

218 690 336 750 γῆν.
410 685 531 736 τότε
578 683 644 750 δὴ
694 682 722 734 ὁ
777 678 878 750 μὲν
931 682 1190 743 ναυτικὸς
1244 684 1473 752 στρατὸς
1528 684 1692 746 ἄλλος
1743 684 1898 753 ἄλλῃ,

220 772 340 824 ὅσοι
380 772 451 840 μὴ
491 770 751 840 μετέωροι
793 769 1055 838 ἑάλωσαν,
1095 770 1511 839 κατενεχθέντες
1551 770 1806 834 ἐξέπεσον
1846 771 1901 834 ἐς

217 861 278 912 τὸ
329 861 713 929 στρατόπεδον.
791 858 819 911 ὁ
869 856 930 911 δὲ
978 859 1134 922 πεζὸς
1189 858 1370 912 οὐκέτι
1417 861 1724 931 διαφόρως,
1771 859 1893 914 ἀλλ’

218 947 322 999 ἀπὸ
362 955 488 1015 μιᾶς
526 947 696 1016 ὁρμῆς
736 947 943 1017 οἰμωγῇ
984 966 1041 999 τε
1077 945 1169 999 καὶ
1210 949 1385 1019 στόνῳ
1424 942 1623 1011 πάντες
1662 949 1899 1002 δυσανα-
1926 991 1950 998 -
1982 1015 1984 1017 ¹

150 1059 193 1088 10
220 1043 536 1103 σχετοῦντες
573 1037 639 1088 τὰ
678 1037 1003 1104 γιγνόμενα,
1051 1038 1109 1088 οἳ
1150 1032 1252 1104 μὲν
1299 1035 1386 1088 ἐπὶ
1425 1038 1520 1099 τὰς
1562 1045 1698 1099 ναῦς
1736 1055 1900 1108 παρε-
1982 1037 1986 1095 ζ

217 1126 485 1192 βοήθουν,
519 1126 575 1177 οἳ
598 1121 659 1176 δὲ
683 1125 820 1194 πρὸς
850 1125 911 1176 τὸ
945 1125 1144 1176 λοιπὸν
1168 1132 1268 1177 τοῦ
1292 1128 1507 1194 τείχους
1538 1125 1592 1187 ἐς
1625 1128 1901 1195 φυλακήν·

216 1214 374 1264 ἄλλοι
413 1209 474 1264 δὲ
519 1211 610 1264 καὶ
659 1214 711 1265 οἱ
757 1217 1004 1266 πλεῖστοι
1043 1213 1148 1281 ἤδη
1195 1211 1321 1282 περὶ
1369 1221 1512 1283 σφᾶς
1562 1214 1762 1277 αὐτοὺς
1810 1213 1904 1267 καὶ
1983 1269 1985 1276 Α

216 1300 321 1370 ὅπῃ
363 1302 714 1368 σωθήσονται
754 1302 1099 1354 διεσκόπουν.
1175 1298 1246 1370 ἧν
1284 1322 1341 1355 τε
1381 1301 1441 1355 ἐν
1481 1310 1556 1375 τῷ
1591 1306 1902 1373 παραυτίκα

217 1389 475 1458 οὐδεμιᾶς
515 1390 582 1457 δὴ
622 1399 733 1442 τῶν
772 1389 1068 1459 ξυμπασῶν
1117 1389 1364 1444 ἐλάσσων
1403 1391 1667 1460 ἔκπληξις.
1728 1409 1901 1462 παρα-

152 1499 193 1530 15
217 1478 420 1545 πλήσιά
458 1497 516 1530 τε
556 1476 935 1531 ἐπεπόνθεσαν
974 1477 1065 1532 καὶ
1113 1480 1353 1549 ἔδρασαν
1401 1478 1558 1533 αὐτοὶ
1605 1479 1666 1532 ἐν
1705 1479 1902 1551 Πύλῳ·
1982 1495 1985 1545 ξ

217 1567 637 1635 διαφθαρεισῶν
698 1567 802 1636 γὰρ
864 1577 975 1619 τῶν
1047 1576 1190 1620 νεῶν
1254 1577 1370 1629 τοῖς
1441 1570 1903 1638 Λακεδαιμονίοις

216 1655 684 1724 προσαπώλλυντο
725 1654 912 1716 αὐτοῖς
949 1653 1041 1707 καὶ
1084 1657 1135 1708 οἱ
1177 1655 1237 1708 ἐν
1274 1665 1338 1725 τῇ
1371 1658 1520 1728 νήσω
1553 1658 1751 1727 ἄνδρες
1783 1659 1902 1710 δια-

218 1740 534 1813 βεῐβηκότες.
603 1741 693 1795 καὶ
740 1745 861 1795 τότε
907 1753 1021 1806 τοῖς
1068 1742 1387 1812 Ἀθηναίοις
1442 1744 1770 1799 ἀνέλπιστον
1815 1743 1885 1815 ἦν
1902 1757 1955 1799 88

218 1832 279 1883 τὸ
304 1832 438 1883 κατὰ
462 1838 567 1898 γῆν
594 1833 968 1899 σωθήσεσθαι,
999 1831 1070 1900 ἢν
1095 1835 1167 1901 μή
1191 1853 1244 1885 τι
1268 1834 1415 1903 παρὰ
1439 1836 1609 1901 λόγον
1632 1837 1899 1904 γίγνηται.

154 1941 196 1971 20
219 1918 515 1987 γενομένης
556 1917 603 1971 δ’
646 1921 871 1990 ἰσχυρᾶς
909 1928 1003 1988 τῆς
1042 1925 1346 1990 ναυμαχίας
1377 1920 1467 1974 καὶ
1498 1927 1719 1976 πολλῶν
1758 1933 1904 1977 νεῶν

219 2006 550 2077 ἀμφοτέροις
581 2007 670 2060 καὶ
704 2008 925 2078 ἀνδρῶν
957 2008 1318 2078 ἀπολομένων
1349 2011 1402 2063 οἱ
1434 2014 1774 2081 Συρακόσιοι
1808 2011 1901 2066 καὶ

220 2097 273 2149 οἱ
320 2095 587 2164 ξύμμαχοι
636 2096 1090 2167 ἐπικρατήσαντες
1136 2099 1202 2151 τά
1248 2118 1305 2151 τε
1351 2100 1589 2167 ναυάγια
1634 2099 1724 2153 καὶ
1771 2103 1905 2163 τοὺς·

219 2186 449 2253 νεκροὺς
487 2184 772 2238 ἀνείλοντο
811 2185 902 2238 καὶ
941 2186 1385 2250 ἀποπλεύσαντες
1422 2189 1560 2258 πρὸς
1597 2189 1697 2257 τὴν
1735 2191 1902 2243 πόλιν

221 2275 485 2340 τρόπαιον
526 2275 794 2341 ἔστησαν.’

340 2451 395 2487 20
428 2446 556 2490 Thuc
586 2448 664 2490 VII
701 2453 752 2491 72

342 2612 368 2649 4
394 2609 710 2662 λαμπρῶς...5
735 2610 960 2665 χρώμενοι
986 2612 1112 2654 omP
1191 2617 1216 2655 6
1241 2613 1319 2670 δὴ]
1339 2610 1390 2656 δὲ
1413 2615 1452 2657 Θ
1522 2618 1546 2656 9
1569 2613 1772 2669 οἰμωγὴν
1788 2613 1824 2656 Ρ

227 2670 280 2707 13
315 2663 403 2720 ὅπη
439 2680 497 2707 an
530 2665 634 2721 εἴπη
668 2667 715 2708 Μ
747 2681 839 2710 non
871 2669 1021 2723 liquet:
1200 2676 1254 2715 15
1293 2688 1341 2715 τε
1373 2671 1676 2716 πεπόνθεσαν
1712 2675 1751 2717 Θ

227 2729 280 2765 16
314 2725 695 2779 διαφθαρρεισῶν
720 2725 767 2767 Μ
890 2732 941 2769 17
969 2729 1126 2779 αὐτοῖς
1157 2730 1282 2773 MPf
1307 2733 1361 2774 ub
1396 2732 1435 2774 Θ
1466 2730 1575 2774 libri
1606 2731 1895 2776 ABDEF:

225 2784 388 2832 αὐταῖς
419 2782 560 2826 ceteri
596 2785 648 2838 Θ,
667 2798 688 2825 r
716 2785 721 2839 Ι
750 2785 1068 2842 διεβεβηκότες
1092 2789 1127 2830 Ρ
1280 2795 1332 2833 19
1365 2788 1632 2845 παράλογον
1655 2790 1757 2834 ΜΘ

226 2846 279 2884 21
307 2839 641 2943 ἀσὲζλλομλὶένωῖ
663 2842 699 2884 P
814 2848 866 2885 22
902 2843 1287 2901 ἐπικρατήσαντες
1310 2848 1432 2892 ΜΘ;
1459 2847 1811 2903 ἐπικρατοῦντες
1833 2847 1905 2892 Pf

347 2907 385 2939 ·:
433 2916 493 2944 πο
521 2917 580 2956 ην
