2004 3202
766 173 1110 215 ῙΣοΚΡΑΤΗΣ
1712 173 1782 225 69

103 309 281 361 πολλὰ
319 305 380 360 δὲ
417 306 507 360 καὶ
548 309 686 360 ἄλλα
723 308 860 378 πρὸς
906 307 1122 369 τούτοις
1168 306 1493 375 διεξελθών,
1549 308 1648 360 ὅσα
1695 307 1784 360 καὶ

103 404 262 467 κοινῇ
315 394 406 448 καὶ
459 397 574 467 ἰδίᾳ
626 405 741 458 τοῖς
796 395 1244 464 ἐπιφανεστάτοις
1299 395 1482 448 αὐτῶν
1537 394 1784 465 ἐπράχθη

104 485 240 538 κατὰ
277 486 407 547 τοὺς
443 483 718 553 πολέμους
758 485 976 554 λαμπρὰ
1016 485 1171 553 ἔργα,
1216 482 1306 536 καὶ
1348 484 1477 552 ὅσης
1524 485 1786 552 αἰσχύνης

17 586 103 628 554
127 572 251 637 ἄξια
281 573 567 644 δράσουσι,
602 572 692 625 καὶ
725 574 797 635 ὡς
826 572 916 626 καὶ
950 561 1597 642 διαβληθήσονταιπαρὰ
1632 573 1637 641 Ι
1674 582 1788 634 τοῖς

93 660 371 730 ’“Ἐλλησιν,
412 661 861 730 ἐπιλογισάμενος
896 660 986 714 καὶ
1019 662 1103 715 ὅτι
1141 662 1422 714 πάντοθεν
1454 660 1641 723 αὐτοῖς
1675 660 1786 713 ἐπι-

105 753 302 820 κουρία
355 770 437 812 τις
491 752 640 803 ἔσται
695 752 792 803 τὸν
846 750 1033 818 ἀγῶνα
1089 749 1442 819 ποιουμένοις
1495 747 1585 802 καὶ
1640 751 1787 818 παρὰ

103 845 256 892 θεῶν
286 837 376 891 καὶ
407 840 555 909 παρὰ
588 839 886 908 συμμάχων
916 837 1007 891 καὶ
1038 840 1185 909 παρὰ
1207 839 1431 891 πάντων
1455 837 1788 907 ἀνθρώπων,

106 919 189 989 οἷς
229 926 537 996 ἐπίφθονος
575 927 607 995 ἡ
653 930 912 995 Θηβαίων
950 928 1184 996 δύναμις
1225 925 1512 996 αὐξομένη,
1559 925 1650 980 καὶ
1690 927 1789 995 τὴν

105 1015 442 1084 κατέχουσαν
480 1015 749 1084 ἀκοσμίαν
787 1014 876 1068 καὶ
917 1016 1159 1085 ταραχὴν
1205 1017 1299 1077 τὰς
1344 1018 1531 1077 πόλεις
1578 1015 1789 1085 ἐπιτρο-

106 1106 391 1157 πευόντων
429 1112 524 1172 τῆς
555 1103 816 1166 Ἑλλάδος
848 1107 1111 1156 Βοιωτῶν
1151 1103 1572 1173 ἐπιδειξάμενος,
1609 1109 1789 1157 τελευ-

107 1203 233 1259 τῶν,
275 1194 322 1245 εῑ
359 1191 450 1246 καὶ
489 1189 670 1262 μηθὲν
709 1193 920 1245 τούτων
959 1191 1148 1261 μέλλοι
1188 1195 1444 1260 γίνεσθαι
1483 1191 1611 1262 μηδ’
1657 1193 1790 1246 ὑπο-

107 1283 348 1334 λείποιτό
402 1301 484 1343 τις
539 1282 675 1348 ἄλλη
731 1282 999 1351 σωτηρίας
1056 1280 1230 1349 ἐλπίς,
1287 1281 1528 1334 ἐκλιπεῖν
1581 1282 1789 1334 κελεύει

105 1371 206 1438 τὴν
243 1372 430 1437 πόλιν,
471 1370 750 1422 διδάσκων
789 1369 1013 1437 αὐτούς,
1065 1370 1136 1431 ὡς
1175 1370 1276 1439 χρὴ
1316 1371 1514 1432 παῖδας
1553 1368 1653 1439 μὲν
1699 1369 1788 1423 καὶ

106 1467 369 1526 γυναῖκας
400 1456 491 1510 καὶ
522 1459 620 1510 τὸν
652 1459 822 1510 άλλον
855 1459 1022 1526 ὄχλον
1051 1462 1127 1519 εἴς
1152 1477 1207 1510 τε
1233 1461 1498 1510 Σικελίαν
1523 1458 1790 1528 ἐκπέμψαι

8 1559 19 1590 ’ἐ
105 1546 196 1600 καὶ
234 1545 471 1599 Ἰταλίαν
523 1545 612 1599 καὶ
668 1547 837 1599 τάλλα
891 1549 1062 1615 χωρία
1116 1548 1182 1599 τά
1237 1550 1420 1614 φίλια,
1476 1546 1677 1609 αὐτοὺς
1732 1544 1791 1599 δε

106 1633 582 1704 καταλαβομένους
635 1636 829 1702 τόπον,
892 1635 1041 1697 ὅστις
1095 1634 1164 1686 ἀν
1218 1634 1560 1705 ὀχυρώτατος
1618 1629 1648 1705 ᾗ
1701 1634 1790 1687 καὶ

106 1726 242 1794 πρὸς
288 1725 386 1776 τὸν
438 1726 680 1792 πόλεμον
732 1722 1191 1791 ἐπιτηδειότατος,
1247 1725 1403 1791 άγειν
1455 1722 1545 1776 καὶ
1601 1723 1793 1794 φέρειν

108 1814 237 1874 τοὺς
296 1814 592 1882 πολεμιόυς
646 1810 736 1864 καὶ
790 1814 926 1865 κατὰ
980 1819 1085 1880 γῆν
1147 1810 1237 1864 καὶ
1299 1814 1434 1865 κατὰ
1496 1814 1791 1866 θάλατταν.

110 1900 374 1969 οὐδεμίαν
413 1902 516 1970 γὰρ
557 1899 811 1964 ἀξιώσειν
850 1901 1090 1969 δύναμιν
1129 1900 1294 1970 ὁμόσε
1327 1911 1527 1970 χωρεῖν
1558 1901 1792 1971 ἀνδράσι

108 1991 418 2059 κρατίστοις
455 1985 556 2057 μὲν
605 1990 670 2042 τὰ
716 1988 947 2058 πολέμια
993 1999 1103 2042 τῶν
1143 1988 1444 2057 Ἑλλήνων,
1494 1989 1792 2058 ἀπονενοη-

109 2076 284 2147 μένως
323 2074 384 2129 δὲ
422 2077 560 2145 πρὸς
598 2077 658 2129 τὸ
699 2080 794 2144 ζῆν
834 2076 1224 2146 διακειμένοις,
1265 2078 1486 2130 δικαιάν
1527 2075 1587 2130 δὲ
1620 2078 1793 2147 ὀργὴν

107 2164 198 2218 καὶ
238 2167 518 2235 πρόφασιν
558 2164 797 2234 εὐπρεπῆ
829 2172 923 2232 τῆς
954 2165 1194 2233 ἀνάγκης
1226 2167 1426 2233 ἔχουσι.
1486 2174 1655 2219 ταῦτα
1687 2168 1791 2236 γὰρ

111 2254 177 2308 οὐ
239 2254 697 2322 Λακεδαιμονίοις
764 2255 955 2322 μόνοις
1024 2254 1425 2322 συμβουλεύειν
1490 2257 1662 2323 φαίην
1723 2254 1792 2307 ἂν

26 2357 110 2397 555
135 2342 305 2395 αὐτὸν
343 2345 513 2410 ἔγωγε
555 2341 693 2395 ἀλλά
731 2339 821 2394 καὶ
861 2350 976 2404 τοῖς
1015 2343 1202 2404 ἄλλοις
1228 2340 1454 2411 ’Ἑλλησι
1487 2342 1576 2396 καὶ
1608 2341 1793 2415 πᾶῖσιν

232 2492 254 2531 1
290 2486 412 2531 Arch
439 2491 492 2530 52
513 2502 565 2542 sq
686 2492 712 2530 3
745 2486 868 2530 Arch
894 2491 948 2530 57
1071 2491 1095 2530 5
1128 2486 1250 2530 Arch
1277 2492 1331 2530 59
1455 2494 1480 2532 8
1512 2488 1636 2532 Arch
1666 2493 1721 2531 64
1739 2503 1791 2543 sq

233 2550 285 2589 11
320 2545 442 2589 Arch
469 2550 523 2589 70
541 2561 594 2601 sq
702 2550 756 2588 13
789 2545 911 2588 Arch
939 2549 993 2589 73
1102 2551 1155 2590 16
1188 2546 1311 2589 Arch
1340 2551 1394 2590 74
1501 2553 1555 2591 20
1588 2547 1711 2591 Arch
1739 2553 1790 2591 75

231 2683 260 2722 4
305 2679 386 2722 καὶ
432 2681 541 2722 ante
589 2677 989 2736 διαβληθήσονται
1037 2691 1111 2722 om
1157 2693 1186 2721 v
1321 2684 1375 2723 12
1424 2678 1651 2724 ἐκλείπειν
1697 2681 1732 2723 Ρ
1786 2683 1787 2736 ᾖ

116 2737 293 2781 κελεύοι
324 2737 359 2780 F
392 2751 493 2781 corr
523 2737 582 2780 F¹
706 2742 759 2780 13
790 2743 875 2795 χρῆ
907 2737 943 2779 F
1069 2741 1124 2780 14
1154 2738 1296 2793 τᾶλλα
1336 2739 1415 2782 τὸν
1456 2739 1595 2783 ἄλλον
1626 2740 1674 2782 Μ

119 2799 174 2838 15
204 2812 260 2839 τα
292 2795 405 2840 ἄλλα
436 2796 473 2840 Ρ
595 2801 648 2840 16
683 2794 742 2840 ἂν
773 2798 938 2852 postea
977 2796 1072 2840 add
1102 2796 1138 2839 F
1182 2799 1186 2853 Ι
1230 2797 1253 2841 ὀ
1256 2797 1505 2855 χυρότατος
1536 2798 1674 2842 ΜΡΒ

122 2858 174 2898 19
198 2853 672 2911 ἀνδράσι-ἑλλήνων
697 2869 772 2899 om
796 2855 831 2898 P
914 2859 971 2899 20
1003 2852 1087 2911 μὲν
1111 2856 1205 2899 add
1230 2856 1289 2899 F²
1316 2861 1321 2913 Ι
1349 2858 1732 2913 ἀπονενοημενως
1758 2856 1791 2897 F

121 2912 202 2955 sed.
233 2930 292 2963 ως
331 2926 387 2956 ex
431 2931 480 2965 ος
612 2919 664 2957 21
699 2911 750 2957 δε
792 2927 867 2957 om
898 2913 955 2956 F¹
1092 2919 1147 2957 22
1181 2916 1386 2972 εὐπρεπῆ
1425 2916 1510 2972 τὴν
1550 2914 1757 2971 ἀνάγκης
1771 2922 1790 2956 ‘r'

237 2975 293 3014 23
326 2971 484 3027 μόνοις
515 2986 590 3016 om
621 2989 650 3016 v
677 2974 683 3031 1
713 2973 1018 3029 συμφολεύειν
1048 2973 1084 3015 Ρ

1815 1127 1856 1158 10

1817 1567 1858 1600 15

1818 2013 1859 2044 20
