2004 3202
93 476 162 529 36

137 670 157 702 5

117 1113 159 1145 10

120 1555 160 1586 15

123 1995 164 2027 20

178 162 285 215 208
602 164 942 206 ΔΙοΝΤΣῙοΤ
973 160 1440 204 ΑΛῙΚΑΡΝΑΣΕῼΣ

179 297 404 366 ἐκλογῆς
456 307 567 350 τῶν
614 298 900 367 ὀνομάτων
945 295 1132 364 αὐτόν,
1190 295 1328 349 ἀλλὰ
1374 302 1469 364 τῆς
1524 294 1853 365 συνθέσεως,

179 386 567 455 ἀναμφιλόγως
610 385 757 457 αὐτῷ
802 385 1007 452 ταύτην
1044 385 1463 454 παρακεχώρηκε
1501 384 1602 452 τὴν
1640 383 1855 454 ἀρετήν.

289 473 441 527 τουτὶ
481 472 581 543 μὲν
613 470 716 527 οὖν
746 474 807 526 τὸ
840 472 1020 542 μέρος,
1061 473 1133 534 ὡς
1173 472 1239 525 οὐ
1277 477 1487 526 πολλοῦ
1528 475 1698 540 λόγου
1737 473 1856 525 δεό-

180 583 366 632 μενον,
405 562 543 630 λέγω
586 564 652 630 δὴ
691 563 751 614 τὸ
791 561 1048 631 περιττὸν
1079 556 1221 614 εἶναι
1261 560 1539 630 συνθέτην
1570 561 1858 630 ὀνομάτων

181 652 279 704 τὸν
306 649 695 720 Δημοσθένην,
734 652 1058 720 μαρτυρίαις
1088 668 1146 702 τε
1177 648 1478 720 ἀξιοχρέοις
1515 649 1606 702 καὶ
1645 657 1721 722 τῷ
1759 670 1857 719 μη-

182 739 314 793 δένα
353 740 613 793 τάναντία
652 740 798 807 ἔχειν
830 739 1003 792 εἰπεῖν
1033 739 1432 807 βεβαιούμενον
1465 737 1620 791 ἐάσω.
1680 741 1762 801 τίς
1797 735 1858 791 δὲ

183 829 212 883 ὁ
244 838 338 897 τῆς
373 830 377 896 Ι
414 829 678 898 ἁρμονίας
717 827 888 880 αὐτοῦ
927 828 1200 898 χαρακτὴρ
1241 825 1331 879 καὶ
1371 826 1476 880 ἀπὸ
1516 830 1676 890 ποίας
1714 826 1799 895 γέ-
1834 839 1947 879 1066

182 938 346 985 γονεν
395 916 787 985 ἐπιτηδεύσεως
832 924 1082 978 τοιοῦτος
1134 914 1225 968 καὶ
1277 925 1391 978 πῶς
1446 917 1514 968 ἄν
1558 935 1640 978 τις
1691 915 1860 968 αὐτὸν

183 1008 435 1074 διαγνοίη
467 1004 838 1075 παρεξετάζων
864 1003 1084 1075 ἑτέροις,
1116 1003 1272 1057 ταυτὶ
1303 1005 1631 1075 πειράσομαι
1662 1003 1859 1071 λέγειν,

185 1094 362 1147 ἐκεῖνα
402 1094 697 1164 προειπών.
757 1096 949 1162 Πολλή
986 1114 1069 1156 τις
1109 1092 1323 1161 ἐγένετο
1365 1093 1424 1146 ἐν
1461 1102 1577 1156 τοῖς
1614 1092 1862 1163 ἀρχαίοις

184 1182 450 1251 ἐπιθυμία
503 1181 594 1234 καὶ
639 1185 876 1252 πρόνοια
922 1190 1021 1235 τοῦ
1067 1187 1245 1245 καλῶς
1292 1182 1582 1253 ἁρμόττειν
1626 1182 1692 1235 τὰ
1739 1181 1862 1234 ὀνό-

183 1292 323 1341 ματα
355 1274 416 1324 ε”ν
446 1291 503 1323 τε
543 1270 761 1341 μέτροις
798 1269 888 1323 καὶ
921 1273 1047 1340 δίχα
1086 1270 1316 1341 μέτρων,
1356 1269 1446 1323 καὶ
1484 1271 1700 1339 πάντες,
1742 1270 1862 1323 ὅσοι

184 1362 487 1422 σπουδαίας
527 1359 914 1428 ἐβουλήθησαν
953 1359 1254 1427 ἐξενεγκεῖν
1291 1361 1532 1430 γραφάς,
1576 1359 1642 1411 οὐ
1689 1360 1863 1428 μόνον

186 1449 445 1518 ἐζήτησαν
484 1449 751 1517 ὀνομάσαι
791 1449 856 1500 τὰ
894 1450 1139 1517 νοήματα
1177 1453 1378 1516 καλῶς,
1419 1447 1558 1500 ἀλλὰ
1595 1445 1684 1499 καὶ
1725 1446 1862 1498 αὐτὰ

184 1539 285 1605 <τὰ
325 1537 599 1606 ὀνόματα>
639 1536 884 1607 εὐκόσμῳ
926 1535 1187 1589 συνθέσει
1224 1538 1567 1606 περιλαβεῖν·
1612 1535 1757 1603 πλὴν
1796 1535 1862 1587 οὐ

185 1627 285 1694 τὴν
316 1625 488 1693 αὐτήν
519 1645 580 1692 γε
618 1626 816 1687 πάντες
858 1624 1224 1692 ἐπετήδευσαν
1255 1625 1543 1695 ἁρμονίαν,
1582 1622 1710 1676 ὥστ’
1733 1621 1863 1676 οῦδὲ

185 1716 319 1767 κατὰ
350 1715 445 1775 τὰς
477 1714 644 1775 αὐτὰς
681 1710 862 1781 ἦλθον
893 1714 1127 1776 ἅπαντες
1159 1705 1337 1775 ὁδούς.
1388 1714 1589 1766 τούτου
1621 1711 1669 1765 δ’
1691 1714 1865 1775 αἰτίας

188 1808 370 1871 οἴομαι
433 1801 692 1869 γενέσθαι
753 1803 973 1864 πολλάς.
1049 1803 1273 1872 πρώτην
1326 1798 1427 1870 μὲν
1479 1802 1580 1870 τὴν
1635 1799 1865 1854 ἑκάστου

189 1891 378 1959 φύσιν,
418 1882 451 1960 ᾗ
491 1891 646 1942 ἄλλοι
685 1890 821 1959 πρὸς
861 1891 998 1942 ἄλλα
1035 1889 1355 1959 πεφύκαμεν
1391 1886 1470 1957 εὗ,
1511 1889 1773 1959 δευτέραν
1804 1886 1866 1942 δὲ
1982 1890 1990 1963 Ι

188 1979 288 2046 τὴν
329 1977 385 2030 ἐκ
426 1980 594 2045 λόγου
633 1976 722 2030 καὶ
761 1976 1130 2048 προαιρέσεως
1171 1977 1523 2047 ἐμφυομένην
1562 1977 1746 2046 δόξαν,
1786 1977 1857 2030 δι’

187 2067 258 2134 ἣν
288 2068 354 2119 τὰ
393 2063 493 2135 μὲν
525 2066 892 2135 ἀσπαζόμεθα,
931 2075 1047 2128 τοῖς
1086 2065 1135 2118 δ’
1169 2066 1542 2136 ἐπαχθόμεθα,
1582 2066 1774 2137 τρίτην
1805 2063 1864 2119 δὲ

188 2156 289 2223 τὴν
322 2154 379 2207 ἐκ
419 2157 717 2222 συνηθείας
755 2156 984 2224 χρονίου
1018 2152 1555 2222 κατασκευαζομένην
1585 2154 1866 2222 ὑπόληψιν

190 2245 262 2306 ὡς
317 2244 559 2310 σπουδῆς
613 2241 798 2310 ἀξίων,
853 2237 931 2294 ὧν
979 2241 1048 2294 ἂν
1093 2244 1222 2304 τοὺς
1278 2241 1543 2311 ἐθισμοὺς
1597 2243 1864 2310 λάβωμεν,

190 2333 450 2401 τετάρτην
490 2333 568 2383 ἔτι
607 2331 707 2399 τὴν
745 2331 881 2400 πρὸς
921 2330 1018 2392 οὓς
1064 2329 1133 2382 ἂν
1173 2327 1640 2401 φιΙλοτιμούμενοι
1679 2350 1806 2398 τυγ-
1841 2343 1953 2383 1067

311 2495 336 2532 2
369 2489 562 2547 ταύτην]
600 2487 759 2548 τάΙτην
783 2490 820 2532 Β
855 2490 936 2534 sed
973 2490 1148 2546 ταύτην
1180 2489 1230 2532 in
1260 2504 1353 2545 mg,
1389 2488 1563 2544 ταύτην
1595 2487 1724 2544 παρὰ
1757 2489 1865 2532 ταύ-

194 2565 277 2604 την
309 2549 344 2590 Ρ
388 2550 393 2604 Ι
435 2549 651 2604 κεχώρικε
683 2549 719 2591 Ρ
818 2555 845 2592 4
877 2549 956 2622 δὴ]
989 2547 1040 2593 δε
1068 2549 1248 2606 Kriiger
1339 2553 1364 2591 5
1397 2545 1681 2605 ἀξιονχρέοις
1711 2548 1747 2590 Ρ

196 2612 221 2650 6
257 2606 346 2679 ἔχει
379 2606 496 2649 εἰπει
526 2607 561 2649 Ρ
667 2612 689 2650 7
722 2606 949 2663 ἁρμονίας
979 2608 1016 2650 Β
1124 2612 1149 2650 9
1181 2607 1313 2652 ταυτὶ
1345 2606 1571 2651 Sadaeus:
1603 2607 1747 2662 ταύτῃ

198 2671 250 2709 12
278 2666 376 2709 όσοι
393 2665 592 2721 Krfiger:
627 2682 669 2708 οι
694 2680 833 2722 supra
858 2665 1071 2710 addisso
1046 2681 1099 2711 οσ
1122 2667 1170 2710 Μ
1210 2667 1255 2710 οἱ
1277 2665 1359 2709 ΒΡ
1400 2665 1444 2709 οἳ
1466 2680 1497 2708 v
1588 2670 1641 2708 15
1673 2663 1730 2707 τὰ
1762 2665 1867 2710 ὀνό-

196 2741 317 2781 ματα
343 2723 505 2767 addidi
534 2726 538 2780 Ι
568 2723 617 2767 ἐν
642 2724 797 2796 κόσμῳ
812 2726 847 2767 Β
935 2731 988 2769 16
1013 2726 1073 2776 ὡς
1089 2726 1264 2770 Usener
1296 2723 1406 2768 ὥστε
1423 2723 1504 2767 ΒΡ
1590 2728 1643 2767 17
1669 2718 1811 2769 ἕλθον
1829 2725 1865 2767 Β

316 2787 368 2826 18
395 2779 604 2837 οἷομαιΒ
634 2784 638 2839 Ι
667 2771 967 2838 γενάίσθαιΡ
996 2787 1001 2842 Ι
1028 2785 1215 2840 πρώτην
1230 2784 1430 2840 Krfiger:
1455 2790 1638 2838 πρῶτον
1716 2788 1769 2826 19
1796 2781 1865 2841 εὖ]

197 2839 251 2886 οὗ
276 2842 311 2885 Ρ
403 2846 455 2883 21
492 2840 803 2899 ἐπαχθόμεθα
827 2843 975 2887 Vliet:
1008 2844 1098 2887 ἀπε
1128 2842 1225 2899 θόμ
1229 2846 1320 2886 εθα
1411 2845 1465 2884 23
1499 2843 1739 2916 σπουδῆς]
1754 2858 1868 2886 που·

198 2904 283 2952 δᾶς
314 2901 350 2944 Β
394 2901 399 2956 Ι
443 2859 637 2955 ἐθισμου
669 2900 706 2942 Β
835 2906 891 2943 24
933 2901 996 2944 ἔτι
1037 2859 1330 2958 Syfburgius:
1371 2899 1493 2957 ἐπὶΙ
1535 2900 1650 2955 πρὸς
1690 2900 1769 2952 οὓς
1808 2899 1868 2945 ἂν

197 2975 276 3017 mg
306 2958 445 3003 Bodl:
485 2966 748 3014 προσοῦσαν
791 2962 796 3016 Ι
828 2959 1135 3017 ,τυγχάνωμεν
1166 2960 1364 3016 Krfiger:
1404 2902 1691 3017 τυγΙχάνομεν
