2004 3202
241 166 348 218 390
668 168 1006 211 ΔΙΟΝΥΣΙΟΤ
1037 166 1500 209 ΑΛῙΚΑΡΝΑΣΕΩΣ

240 304 547 371 ματισθείς·
581 301 631 370 “ἡ
664 299 765 371 μὲν
798 301 1056 354 ἐπιείκεια
1087 308 1185 354 τοῦ
1210 301 1493 353 διδάσκειν
1522 298 1647 353 καθ’
1679 299 1915 369 ἡσυχίαν

240 390 511 458 ἀλλήλους
550 389 616 443 οὐ
655 389 894 458 ψέγεται,
934 390 999 442 τὰ
1039 385 1100 440 δὲ
1131 396 1230 442 τοῦ
1260 387 1503 457 πολέμου
1533 391 1778 458 παρόντα
1807 390 1912 457 ἤδη

239 477 328 531 καὶ
371 478 437 532 οὐ
476 477 745 547 μέλλοντα
785 475 1120 546 διαφέροντα
1159 477 1325 544 αὐτῆς
1357 477 1643 546 φαίνεταιῖ
1699 477 1915 539 τούτοις

241 566 558 635 ἐπιτίθησιν
620 566 909 634 ἐνθύμημα
971 564 1307 634 νενοημένον
1367 562 1469 634 μὲν
1522 565 1623 618 οὐκ
1685 564 1914 633 ἀτόπως,

195 673 215 705 5
239 654 654 725 ἡρμηνευμένον
694 651 753 706 δὲ
794 653 893 707 οὐκ
926 653 1510 724 εὐπαρακολουθήτως*
1552 653 1641 706 ςΕἰ
1673 650 1773 722 μὲν
1804 656 1915 706 τοί-
1982 661 1991 676 ’

239 763 346 796 νυν
390 744 655 805 ὑπονοίας
701 752 812 795 τῶν
857 744 1171 811 μελλόντων
1218 742 1570 811 λογιούμενοι
1608 741 1641 809 ἢ
1690 743 1822 794 ἄλλο
1862 761 1915 793 τι

95 617 161 670 l

240 831 510 900 ξυνήκετε,
549 831 581 899 ἢ
624 830 681 883 ἐκ
719 839 829 883 τῶν
866 833 1158 900 παρόντων
1195 829 1286 882 καὶ
1326 826 1405 883 ὧν
1444 830 1604 899 ὁρᾶτε
1646 828 1771 899 περὶ
1812 844 1915 883 σω-

239 924 427 990 τηριάς
480 919 878 987 βουλεύσαντες
931 926 996 990 τῇ
1047 921 1229 987 πόλει,
1278 921 1595 988 παυόμεθα·
1644 920 1691 970 εἰ
1738 916 1784 970 δ’
1826 917 1914 971 ἐπὶ

154 1005 223 1057 38
241 1016 428 1076 τοῦτο,
475 1007 729 1077 λέγοιμεν
775 1008 878 1059 5222?
947 1006 1037 1060 καὶ
1069 1009 1201 1076 μετὰ
1239 1015 1402 1060 τοῦτο
1443 1007 1784 1077 ἀποστρέψας
1815 1014 1914 1059 τοῦ

176 1115 216 1146 ιο
241 1098 571 1166 διηγήματος
624 1097 722 1148 τὸν
775 1097 1039 1163 διάλογον
1102 1094 1188 1148 ἐπὶ
1241 1097 1303 1149 τὸ
1359 1097 1696 1164 δραματικὸν
1745 1103 1915 1148 ταῦτα

238 1186 335 1237 τὸν
371 1184 672 1254 Ἀθηναῖον
707 1185 714 1254 1
749 1184 1187 1254 ἀποκρινόμενον
1225 1193 1391 1238 ποιεῖ·
1445 1184 1629 1247 “Εἰκὸς
1674 1180 1775 1252 μὲν
1811 1182 1901 1236 καὶ
1919 1199 1974 1238 90

239 1272 555 1343 ξυγγνώμη,
611 1273 671 1326 ἐν
718 1280 792 1345 τῷ
831 1274 1028 1344 τοιῷδε
1074 1278 1420 1335 καθεστῶτας
1467 1271 1554 1325 ε’πὶ
1600 1274 1776 1326 πολλὰ
1825 1271 1915 1325 καὶ

239 1361 499 1429 λέγοντας
551 1360 642 1414 καὶ
692 1363 995 1423 δοκοῦντας
1056 1359 1397 1432 τραπέσθαιῖ
1489 1363 1671 1414 ἔπειτα
1725 1361 1917 1429 εὐσχή-

238 1471 379 1519 μονα
410 1453 683 1521 πρόθεσιν
715 1449 1060 1518 ὑποθέμενος
1101 1449 1151 1517 εἡ
1185 1449 1373 1518 μέντοι
1407 1449 1638 1513 ξύνοδος
1667 1447 1757 1502 καὶ
1788 1447 1915 1518 περὶ

175 1556 215 1588 15
242 1540 510 1609 σωτηρίας
556 1540 659 1607 ἤδη
710 1540 964 1608 πάρεστι,
1019 1537 1108 1590 καὶ
1149 1538 1177 1591 ὁ
1227 1541 1413 1605 λόγος,
1462 1531 1504 1608 ᾦ
1548 1542 1915 1608 προκαλεῖσθε

241 1629 440 1698 τρόπω,
481 1627 528 1679 εἰ
560 1628 727 1695 δοκεῖ,
767 1625 1066 1694 γιγνέσθω’
1105 1636 1325 1695 πρῶτον
1355 1623 1456 1694 μὲν
1495 1631 1711 1695 εἴρηκεν
1750 1625 1917 1679 ἐνθύ-

241 1735 388 1783 μημα
451 1715 575 1767 οὔτε
635 1723 729 1783 τῆς
781 1713 1098 1783 Ἀθηναίων
1157 1717 1367 1777 πόλεως
1437 1714 1591 1778 ἄξιον
1653 1713 1765 1767 οὔτ’
1829 1714 1915 1768 ἐπὶ

240 1803 510 1865 τοιούτοις
540 1804 855 1873 πράγμασιν
887 1803 1159 1872 ἁρμόττον
1191 1802 1449 1870 λέγεσθαι
1491 1802 1697 1872 “Ημεῖς
1723 1806 1918 1856 τοίνυν

242 1892 366 1944 οὔτε
414 1890 569 1944 αὐτοὶ
616 1889 726 1960 μετ’
767 1891 1053 1960 ὀνομάτων
1099 1896 1307 1958 καλῶν,
1359 1892 1431 1953 ὡς
1470 1891 1502 1959 ἢ
1551 1892 1774 1953 δικαίως
1819 1892 1917 1944 τὸν

176 1999 219 2030 20
242 1980 446 2047 Μῆδον
505 1980 906 2041 καταλύσαντες
975 1981 1240 2049 ἄρχομεν,
1302 1978 1334 2047 ἢ
1397 1978 1749 2047 ἀδικούμενοι
1811 1987 1917 2032 νῦν

242 2066 655 2138 ἐπεξερχόμεθα,
689 2070 870 2135 λόγων
901 2075 1069 2136 μῆκος
1101 2069 1333 2120 ἄπιστον
1363 2065 1714 2137 παρέξομεν·’
1753 2075 1916 2121 τοῦτο

243 2155 308 2208 δέ
343 2155 493 2208 ἐστιν
532 2156 936 2225 ὁμολογοῦντος
967 2157 1068 2224 τὴν
1108 2155 1194 2208 ἐπὶ
1227 2157 1356 2217 τοὺς
1386 2152 1558 2224 μηδὲν
1589 2155 1917 2218 ἀδικοῦντας

244 2245 589 2313 στράτευσιν,
646 2244 830 2312 ἐπειδὴ
877 2242 1002 2314 περὶ
1059 2243 1359 2313 μηδετέρου
1405 2244 1616 2296 τούτων
1661 2245 1917 2311 βούλεται

243 2333 340 2383 τὸν
372 2335 540 2399 λόγον
572 2332 815 2401 ὑπέχειν·
858 2325 940 2394 οἷς
973 2331 1290 2401 ἐπιτίθησιν
1315 2330 1460 2385 (οὔθ’
1493 2332 1633 2400 ὑμᾶς
1658 2331 1916 2401 ἀξιοῦμεν

362 2480 386 2518 5
420 2475 548 2519 Thuc
572 2476 613 2518 V
639 2482 691 2520 87
818 2482 868 2519 11
895 2477 937 2520 V
962 2480 1016 2520 88
1140 2481 1192 2520 18
1225 2477 1266 2519 V
1291 2479 1346 2519 89

363 2612 388 2650 6
421 2615 511 2650 τῶν
544 2607 797 2662 μελλόντων
828 2616 920 2652 τῶν
951 2609 1036 2664 Ml,
1075 2609 1275 2652 alterum
1313 2615 1403 2652 τῶν
1436 2611 1717 2664 expunctum
1758 2610 1764 2661 Ι
1807 2606 1915 2651 ἄλλό

245 2683 287 2709 τι
311 2665 333 2707 f
451 2670 473 2708 7
508 2664 820 2722 σωκρατηρίας
851 2667 909 2709 P1
1029 2673 1054 2710 8
1089 2667 1418 2725 βουλεύσαντες
1449 2666 1574 2710 MPf
1601 2680 1704 2710 cum
1735 2666 1914 2710 BEF:

246 2724 567 2782 βουλεύσοντες
602 2726 641 2768 Θ
675 2727 733 2779 (A
748 2725 813 2780 G)
857 2727 862 2781 Ι
907 2726 1159 2781 παυόμεθα
1191 2727 1304 2770 MP:
1337 2722 1591 2781 πανοίμεθ’
1622 2724 1681 2768 ἄν
1707 2725 1729 2766 f
1737 2726 1776 2768 Θ

249 2788 303 2826 10
335 2782 475 2826 immo
508 2784 841 2839 διηγηματικοῦ
875 2783 923 2826 cf
943 2785 1246 2829 Muenchener
1276 2787 1425 2830 sitzwn
1455 2786 1564 2828 sber.
1592 2787 1703 2826 1892
1735 2798 1766 2839 p
1792 2788 1875 2827 616
1905 2782 1910 2839 Ι

245 2842 296 2886 τὸ
327 2842 364 2886 f:
397 2842 478 2886 τὸν
509 2842 603 2884 ΜΡ
754 2846 804 2884 11
840 2855 933 2884 non
952 2840 1203 2898 Ἀθηναῖον
1234 2844 1316 2887 sed
1348 2846 1407 2887 M
1434 2845 1533 2886 λιον
1566 2841 1718 2885 dicere
1753 2841 1916 2885 debuit

366 2905 419 2943 13
451 2898 711 2955 τραπέσθαι
744 2899 848 2943 MP:
881 2899 1134 2955 τρέπεσθαι
1159 2901 1230 2945 f&
1386 2906 1439 2945 15
1471 2900 1560 2956 ἤδη
1585 2900 1698 2945 MP:
1730 2899 1814 2957 ἥδε
1845 2900 1916 2944 f&

250 2964 303 3002 16
336 2958 526 3016 εὕρηκεν
544 2958 668 3002 MPf
675 2979 683 3003 :
717 2972 818 3002 corr
848 2958 1108 3014 Kruegerus
