2004 3202
128 647 147 677 5

116 720 144 771 7

105 1090 146 1120 10

44 1516 72 1537 “’
103 1530 143 1563 15

100 1972 142 2004 20

174 135 281 188 306
601 138 939 180 ΔΙοΝΤΣῙοΤ
969 137 1435 180 ΑΛΙΚΑΡΝΑΣΕῼΣ

174 271 362 340 ὅμοιος
409 270 469 323 ε’ν
515 274 717 325 ἅπασίν
760 271 909 325 ἐστιν
949 269 1060 323 οὔτ’
1102 272 1251 324 ἰδίου
1289 272 1438 333 τινὸς
1477 271 1722 342 εὑρετής,
1770 271 1869 325 δι”

175 355 240 414 οὗ
280 360 552 427 γνώσεταί
585 381 666 423 τις
702 360 871 413 αὐτὸν
902 359 1156 428 ἀκριβῶς,
1195 358 1228 427 ἢ
1261 367 1460 412 τοῦτον
1490 361 1588 412 τὸν
1617 362 1847 430 τρόπον·

172 450 313 501 πολὺ
339 450 443 518 γὰρ
477 447 728 516 ἐμφαίνει
760 448 1011 515 μιμήσεις
1042 466 1099 499 τε
1129 445 1220 499 καὶ
1252 447 1435 500 αὐτῶν
1466 448 1539 510 ὡς
1569 449 1706 514 πρὸς
1736 457 1849 501 τῶν

175 539 355 604 λόγων
394 535 733 606 τάρχέτυπον
773 536 1073 605 διαφοράν,
1114 536 1186 598 ὡς
1218 534 1308 588 καὶ
1341 534 1428 588 ἐπὶ
1467 546 1578 589 τῶν
1609 535 1849 606 Ἰσοκρά-

172 645 300 687 τους
339 631 603 694 μαθητῶν
642 622 732 676 καὶ
773 623 944 676 αὐτοῦ
983 631 1081 677 τοῦ
1114 623 1471 694 Ἰσοκράτους.

283 716 525 766 ἔστωσαν
570 714 639 780 δή
685 732 830 774 τινες
885 711 1318 782 ἐπιγραφόμενοι
1364 715 1519 780 λόγοι
1573 714 1644 776 ὡς
1694 715 1851 776 ὄντες

173 803 510 871 Δεινάρχου,
557 801 769 868 πολλὴν
814 802 1029 869 ἔχοντες
1074 801 1211 871 πρὸς
1256 803 1322 854 τὰ
1369 803 1619 854 Λυσιακὰ
1665 801 1850 871 ὁμοιό-

171 911 316 959 τητα.
394 890 604 942 τούτων
644 889 672 942 ὁ
713 891 1050 958 βουλόμενος
1087 895 1370 942 ποιεῖσθαι
1408 890 1509 957 τὴν
1542 891 1851 958 ,διάγνωσιν

171 989 390 1049 πρῶτον
421 975 522 1047 μὲν
552 979 652 1046 τὴν
686 979 931 1046 ἰδιότητα
962 986 1061 1030 τοῦ
1090 977 1293 1046 ἀνδρὸς
1318 977 1531 1030 ἐκείνου
1553 981 1848 1047 θεωρείτω,

171 1066 330 1120 ἔπειτ’
373 1066 468 1119 ἐὰν
505 1063 607 1135 μὲν
646 1066 845 1136 ἀρετήν
883 1086 939 1119 τε
977 1065 1068 1118 καὶ
1107 1067 1269 1136 χάριν
1307 1075 1421 1129 τοῖς
1457 1069 1642 1134 λόγοις
1674 1064 1848 1138 ἐπανΙ-

1909 0 1995 195 ³!

1963 236 1993 337 ἰ

169 1163 387 1209 θοῦσαν
434 1156 524 1225 ἴδῃ
571 1153 661 1207 καὶ
707 1156 808 1223 τὴν
853 1164 964 1207 τῶν
1003 1155 1288 1223 ὀνομάτων
1327 1154 1558 1223 ἐκλογὴν
1598 1154 1834 1208 ἐνοῦσαν
1851 1171 1936 1210 643

169 1243 258 1296 καὶ
305 1246 365 1297 τὸ
413 1240 585 1313 μηδὲν
631 1245 846 1312 ἄψυχον
892 1239 1034 1296 εἶναι
1081 1253 1192 1296 τῶν
1235 1241 1568 1312 λεγομένων,
1615 1250 1848 1314 θαρρῶν

170 1331 367 1401 λεγέτω
423 1333 653 1394 τούτους
708 1335 936 1385 Λυσίου.
1025 1331 1121 1384 ἐὰν
1175 1329 1234 1384 δὲ
1288 1335 1419 1401 μήτε
1471 1332 1604 1399 <τὸ>
1657 1333 1848 1402 χάριεν

171 1422 366 1490 ὅμοιον
398 1421 623 1491 εὑρίσκῃ
656 1423 788 1489 μήτε
828 1421 888 1473 τὸ
928 1421 1174 1473 πιθανὸν
1203 1419 1294 1473 καὶ
1325 1421 1386 1473 τὸ
1419 1430 1529 1472 τῶν
1561 1420 1848 1489 ὀνομάτων

168 1507 386 1578 ἀκριβὲς
432 1514 564 1578 μητε
611 1510 743 1577 <τὸ>
789 1517 882 1577 τῆς
930 1509 1193 1577 ἀληθείας
1240 1509 1569 1577 ἀπτόμενον,
1625 1507 1685 1560 ἐν
1731 1517 1846 1570 τοῖς

168 1599 482 1667 Δεινάρχου
529 1600 713 1665 λόγοις
761 1597 962 1659 αὐτοὺς
1010 1597 1160 1650 ε’άτω.
1238 1597 1438 1666 ὁμοίως
1479 1595 1568 1649 καὶ
1609 1595 1696 1648 ἐπὶ
1736 1606 1847 1649 τῶν

161 1686 497 1755 Ὑπερείδου·
554 1685 650 1739 ἐὰν
702 1693 796 1753 τῆς
841 1683 942 1754 μὲν
989 1684 1180 1749 λέξεως
1226 1687 1286 1738 τὸ
1337 1687 1587 1754 ἰσχυρόν,
1642 1693 1736 1752 τῆς
1784 1682 1846 1738 δὲ

169 1773 480 1836 συνθέσεως
512 1776 571 1827 τὸ
606 1774 836 1841 ἁπλοῦν,
876 1782 986 1826 τῶν
1018 1770 1079 1826 δὲ
1109 1774 1443 1843 πραγμάτων
1474 1774 1534 1825 τὸ
1568 1774 1847 1843 εὔκαιρον,

168 1870 261 1930 τῆς
308 1860 368 1915 δὲ
413 1871 745 1931 κατασκευῆς
786 1863 846 1915 τὸ
887 1863 958 1931 μὴ
999 1863 1260 1932 τραγικὸν
1298 1859 1435 1930 μηδὲ
1474 1861 1711 1928 ὀγκῶδες
1750 1863 1846 1930 ἔχῃ

167 1948 361 2022 (ταῦτα
413 1953 518 2022 γὰρ
569 1950 794 2020 μέγιστα
835 1950 1048 2003 ἐκείνου
1094 1958 1193 2003 τοῦ
1240 1950 1442 2020 ἀνδρὸς
1491 1950 1606 2002 ἴδιά
1653 1948 1846 2021 ἐστιν),

160 2039 475 2110 Ὑπερείδου
513 2039 726 2107 λεγέτω.
790 2039 885 2092 ἐὰν
925 2037 986 2092 δὲ
1026 2039 1380 2110 ἐνδεεστέρως
1412 2039 1473 2092 ἐν
1503 2038 1690 2101 αὐτοῖς
1719 2040 1844 2092 τού-

167 2148 280 2189 τοις
327 2130 445 2197 ἔχῃ,
492 2126 595 2181 κᾶν
641 2129 707 2180 τὰ
754 2129 891 2180 ἄλλα
937 2128 1114 2180 πάντα
1159 2129 1230 2196 μὴ
1275 2127 1500 2196 φαύλως
1538 2120 1572 2197 ᾗ
1611 2147 1843 2197 γεγραμ-

167 2216 326 2284 μένα,
382 2216 441 2269 ἐν
487 2225 601 2279 τοῖς
646 2218 961 2285 Δεινάρχου
1005 2217 1174 2270 πάλιν
1221 2214 1594 2286 ἀναγραφέτω.
1677 2217 1738 2268 τὸ
1786 2215 1834 2269 δ’

168 2304 298 2357 αὐτὸ
339 2303 428 2356 καὶ
467 2303 592 2374 περὶ
631 2303 1032 2374 Δημοσθένους
1070 2305 1543 2373 ὑπολαμβάνομεν.
1607 2303 1702 2356 ἐὰν
1739 2302 1844 2373 μὲν

287 2469 309 2506 1
346 2461 442 2507 οὔτ’
473 2462 595 2507 ἰδίου
626 2464 752 2514 τινὸς
783 2463 1080 2520 Sylburgius:
1116 2464 1218 2508 οὔτε
1251 2464 1309 2521 δὴ
1342 2463 1524 2513 οὔτινος
1547 2463 1582 2506 F
1703 2468 1728 2506 3
1761 2464 1843 2507 καὶ

168 2522 281 2566 αὐτὸ
314 2520 461 2577 ὥσπερ
495 2530 585 2566 τῶν
618 2522 764 2579 λόγων
788 2521 1046 2580 ἀρχέτυπον
1071 2523 1127 2567 F:
1160 2537 1260 2567 corr
1283 2523 1512 2566 Usenerus
1625 2526 1651 2564 5
1684 2525 1842 2579 μαθη-

167 2588 260 2624 τῶν
278 2579 572 2637 Sylburgius:
592 2580 884 2636 μαθημάτων
901 2582 935 2624 F
1006 2587 1030 2624 6
1050 2583 1128 2640 ὡς]
1146 2582 1225 2626 καὶ
1242 2582 1277 2624 F
1349 2588 1371 2625 7
1393 2580 1840 2638 &omes-Victorius:

171 2639 357 2696 ἔχοντας
374 2639 408 2681 F
510 2644 564 2682 10
589 2640 756 2695 ἀρετὴν
781 2640 874 2683 fort,
892 2639 1136 2697 ἐνάργειαν
1212 2646 1263 2684 11
1313 2638 1389 2698 ἴδῃ
1409 2639 1638 2683 Sadaeus:
1665 2638 1758 2684 ἴδοι
1781 2640 1836 2699 ΕΙ

169 2698 371 2754 ἐκλογεῖν
395 2697 451 2741 F:
485 2711 585 2741 corr
609 2713 667 2741 m.
693 2712 850 2742 reeens
991 2705 1043 2742 13
1067 2700 1118 2744 τὸ
1145 2700 1238 2743 add
1294 2697 1536 2755 ylburgius
1565 2700 1570 2754 Ι
1598 2696 1757 2755 χαρίεν
1783 2712 1839 2742 ex

167 2755 302 2814 χάριν
329 2755 378 2799 ἓν
395 2756 428 2798 F
455 2770 548 2799 aec.
569 2771 596 2799 a,
619 2772 677 2800 m.
696 2770 783 2800 rec.
857 2763 909 2800 15
930 2758 980 2802 τὸ
999 2759 1093 2802 add
1108 2758 1325 2802 Reiskius
1404 2762 1456 2800 17
1477 2755 1559 2800 ἐὰν
1583 2757 1634 2801 τὸ
1658 2765 1738 2814 τῆς
1754 2755 1839 2813 μὲν

167 2813 327 2868 λέξεως
353 2815 607 2872 ἰσχυρὸνΡε
635 2829 735 2858 corr
754 2815 1028 2872 Sylburgius
1051 2817 1055 2875 Ι
1078 2818 1263 2875 ἰσχυρὸν
1287 2817 1338 2859 in
1354 2815 1513 2873 ἰσχνὸν
1537 2818 1691 2860 mutat
1705 2816 1837 2859 Reis-

167 2874 271 2917 kius
336 2879 388 2917 19
408 2874 649 2931 ὁγκῶδεςΕ
712 2879 764 2917 21
786 2873 1080 2930 ἐνδεεστέρως
1097 2890 1153 2919 ex
1171 2873 1456 2930 ἐνδεέστερος
1472 2874 1639 2917 corrF1
1681 2873 1838 2919 22κὸὶν

167 2932 403 2978 Reiskius:
430 2933 509 2977 καὶ
530 2933 563 2975 F
678 2938 733 2976 24
758 2933 1156 2990 ὑπολαμβάνωμεν
1179 2933 1394 2978 Reiskius
1416 2933 1422 2991 Ι
1443 2934 1545 2992 μεν]
1570 2950 1601 2988 μ
1626 2933 1675 2977 in
1698 2947 1773 2976 ras
1801 2933 1838 2975 F
