2004 3202
197 106 304 158 298
623 107 965 151 ΔΙΟΝΥΣΙΟΤ
996 106 1462 148 ΑΛΙΚΑΡΝΑΣΕῼΣ
1941 0 1990 183 Ἴ

197 262 298 310 χου
338 243 512 313 τούτῳ
552 245 983 312 προστίθεσθαι,
1026 241 1157 301 τοὺς
1196 237 1244 291 δ’
1281 238 1372 292 ὑπ’
1412 239 1583 292 αὐτοῦ
1622 236 1877 311 γραφένι-

195 349 291 392 τας
335 329 535 400 ἑτέρων
575 326 717 382 εἶναι
758 327 961 396 λέγειν·
1017 325 1156 379 ἀλλὰ
1187 327 1503 397 Δημήτριος
1541 326 1569 380 ὁ
1610 327 1861 395 Μάγνης,
1879 341 1962 380 631

196 417 257 480 ὃς
296 419 447 482 ἔδοξε
486 417 747 486 γενέσθαι
785 416 1116 485 πολυῖστωρ,
1157 414 1217 467 έν
1254 423 1318 485 τῇ
1357 413 1482 485 περὶ
1521 424 1631 467 τῶν
1662 414 1875 483 ὁμωνύ-

195 527 313 575 μων
364 508 704 575 πραγματείᾳ
751 503 927 571 λέγων
971 501 1061 554 καὶ
1107 500 1233 572 περὶ
1280 502 1480 555 τούτου
1525 511 1624 556 τοῦ
1672 502 1875 573 ἀνδρὸς

150 615 171 647 5
195 593 285 647 καὶ
317 595 598 662 ὑπόληψιν
628 592 942 663 παρασχών,
976 591 1048 653 ὡς
1079 589 1204 660 περὶ
1236 590 1407 644 αὐτοῦ
1439 590 1609 655 λέξων
1639 612 1692 644 τι
1724 591 1876 662 ἀκρι-

195 682 310 751 βές,
359 683 663 748 διεψεύσθη
710 687 806 747 τῆς
849 679 1023 748 δόξης.
1101 676 1275 732 οὐθὲν
1314 676 1374 732 δὲ
1411 681 1611 733 κωλύει
1649 679 1741 733 καὶ
1779 683 1875 743 τὰς

194 771 365 834 λέξεις
403 769 760 840 παραθέσθαι
798 776 899 821 τοῦ
938 768 1154 839 ἀνδρός.
1224 770 1338 820 ἔστι
1378 765 1439 820 δε
1476 770 1542 820 τα
1579 767 1670 821 ὑπ’
1703 769 1875 822 αὐτοῦ

193 858 476 929 γραφέντα
520 859 670 910 τάδε·
719 857 1071 927 εΔεινάρχοις
1118 855 1165 908 δ’
1206 856 1530 925 ἐνετύχομεν
1567 856 1874 928 τέτταρσιν·

194 943 274 1000 ὧν
321 947 469 1000 ἐστιν
515 946 543 998 3
591 966 692 1015 μεν
739 945 797 998 ἐκ
835 955 946 998 τῶν
986 945 1235 1015 ρητόρων
1272 954 1382 998 τῶν
1413 943 1697 1014 Ἀττικῶν,
1745 945 1772 998 3
1815 942 1876 998 δὲ

131 1057 171 1088 10
195 1038 289 1098 τας
328 1034 452 1105 περὶ
484 1036 711 1104 Κρήτην
750 1036 1055 1103 συναγήοχε
1087 1035 1446 1103 μυθολογίας,
1486 1034 1514 1087 3
1548 1031 1621 1087 δὲ
1639 1034 1876 1104 πρεσβύ-

192 1144 347 1194 τερος
393 1121 494 1192 μὲν
540 1123 750 1192 ἀμφοῖν
795 1124 1042 1191 τούτοιν,
1090 1123 1300 1190 Δήλιος
1347 1119 1408 1174 δὲ
1454 1123 1513 1175 τὸ
1554 1120 1738 1190 γένος,
1784 1140 1877 1174 πε-

191 1211 675 1281 πραγματευμένος
720 1220 883 1265 τοῦτο
931 1208 1031 1281 μὲν
1070 1213 1222 1280 ἔπος,
1267 1219 1430 1265 τοῦτο
1471 1207 1532 1263 δὲ
1568 1211 1875 1281 πράγματα,

191 1299 447 1370 τέταρτος
480 1298 539 1353 δὲ
572 1301 601 1354 ὁ
633 1299 758 1371 περὶ
783 1300 1021 1371 Ὁμήρου
1053 1303 1223 1368 λόγον
1255 1300 1636 1361 συντεθεικώς.
1701 1297 1872 1352 ἐθέλω

193 1386 253 1441 δὲ
287 1390 424 1459 πρὸς
456 1389 620 1460 μέρος
650 1388 776 1459 περὶ
810 1388 1040 1442 ἑκάστου
1071 1391 1337 1457 διελθεῖν,
1376 1387 1467 1441 καὶ
1497 1397 1718 1457 πρῶτον
1747 1385 1873 1457 περὶ

127 1498 169 1530 15
192 1485 292 1530 τοῦ
348 1478 591 1548 ῥήτορος.
677 1481 790 1531 ἔστι
845 1481 1039 1531 τοίνυν
1094 1474 1255 1540 οὗτος
1301 1478 1437 1530 κατά
1482 1496 1544 1544 γε
1590 1476 1690 1543 τὴν
1739 1474 1874 1543 ἐμὴν

193 1565 361 1630 δόξαν
408 1563 574 1619 οὐδὲν
617 1567 930 1627 ἀπολείπων
968 1573 1063 1634 τῆς
1094 1565 1410 1636 Ὑπερείδου
1449 1566 1692 1634 χάριτος,
1741 1562 1865 1628 ὥστ’

192 1657 387 1707 εἰπεῖν·
427 1654 517 1707 καὶ
555 1656 625 1707 νύ
665 1675 760 1707 κεν
798 1654 830 1723 ἢ
869 1654 1226 1725 παρέλασσεν.
1304 1653 1596 1722 ἐνθύμημα
1633 1653 1737 1721 γὰρ
1779 1651 1873 1720 φέ-

193 1762 275 1811 ρει
306 1743 587 1795 πειστικὸν
624 1741 714 1795 καὶ
759 1750 935 1812 σχῆμα
972 1741 1359 1814 πανξτοδαπόν,
1394 1743 1766 1808 πιθανότητός
1796 1761 1858 1808 γε
1876 1754 1959 1794 632

191 1831 301 1899 μὴν
348 1831 521 1894 οὕτως
568 1828 629 1884 εὗ
675 1832 817 1899 ἥκει,
865 1834 1002 1884 ὥστε
1039 1831 1398 1901 παριστάνειν
1435 1839 1550 1892 τοῖς
1589 1829 1873 1897 ἀκούουσι,

127 1941 170 1972 20
194 1920 264 1987 μὴ
307 1921 483 1982 ἄλλως
522 1920 808 1988 γεγονέναι
846 1921 907 1973 τὸ
943 1928 1165 1990 πρᾶγμα
1196 1919 1228 1988 ἢ
1262 1921 1334 1981 ὡς
1366 1919 1530 1981 αὐτὸς
1561 1917 1721 1985 λέγει.
1782 1916 1873 1970 καὶ

191 2011 470 2076 νομίσειεν
510 2011 578 2061 ἄν
616 2030 698 2071 τις
738 2009 959 2077 εὐήθεις
999 2005 1139 2062 εἶναι
1186 2010 1315 2070 τοὺς
1356 2008 1737 2076 ὑπολαβόντας
1774 2008 1872 2060 τὸν

192 2098 362 2163 λόγον
401 2098 498 2149 τὸν
536 2099 672 2150 κατὰ
703 2097 1107 2166 Δημοσθένους
1147 2093 1287 2149 εἶναι
1326 2097 1547 2149 τούτου·
1586 2097 1729 2148 πολὺ
1765 2097 1870 2164 γὰρ

193 2184 377 2254 ἀπέχει
423 2194 522 2238 τοῦ
569 2193 920 2255 χαρακτῆρος.
997 2184 1113 2238 ἀλλ’
1154 2185 1299 2253 ὅμως
1336 2191 1603 2237 τοσοῦτον
1642 2171 1872 2246 σκότους

312 2349 337 2387 8
369 2344 632 2388 Demetrius
657 2345 812 2401 Magn.
840 2345 893 2389 fr.
919 2361 949 2402 p
975 2351 1029 2388 52
1050 2343 1280 2388 Scheuerl.
1376 2349 1429 2387 17
1454 2343 1679 2386 Homerus
1714 2346 1762 2385 Ψ
1784 2346 1868 2386 382

312 2495 335 2532 2
356 2491 617 2546 Δημήτριος
635 2492 957 2537 casaubonus:
977 2494 1121 2566 δῆμος
1137 2492 1171 2534 F
1258 2496 1282 2533 5
1307 2489 1350 2534 τί
1374 2491 1408 2533 F
1500 2495 1525 2533 8
1545 2488 1792 2546 ἐντύχομεν
1810 2489 1866 2533 F:

194 2562 295 2592 eorl
318 2549 629 2605 Sylburgiana
729 2557 783 2594 10
818 2557 870 2594 11
904 2550 955 2595 δε
987 2549 1138 2606 τρίτος
1169 2550 1473 2622 πρεσβύτερος
1506 2548 1555 2591 Ο.
1582 2547 1777 2591 Jahnius

195 2612 247 2650 11
282 2608 451 2661 Δήλιος
485 2609 780 2664 Sylburgius:
814 2612 959 2666 δῆμος
990 2611 1024 2653 F
1133 2615 1185 2653 12
1220 2607 1466 2664 πράγματα
1497 2607 1716 2652 Adlerus:
1750 2622 1867 2662 πρα-

191 2683 283 2723 γμα
324 2666 358 2708 F
421 2666 606 2722 γράμμα
645 2668 895 2723 Bentleyus
958 2670 1229 2725 σύγγραμμα
1260 2666 1477 2711 Reiskius
1615 2670 1669 2708 13
1714 2681 1866 2710 συντε-

190 2729 364 2775 θεικῶς
403 2725 436 2767 F
499 2726 594 2769 forb
635 2729 931 2782 συντεθηκώς
1066 2733 1120 2771 17
1166 2725 1424 2782 παρέλασεν
1457 2725 1491 2767 F
1552 2740 1647 2779 παρ
1687 2739 1742 2768 ex
1781 2739 1866 2780 περ

192 2787 450 2828 correctum
573 2790 624 2827 18
662 2786 871 2830 πιστικὸν
903 2787 959 2830 F:
1001 2801 1101 2829 corr
1132 2786 1395 2841 Kruegerus
1518 2787 1571 2826 18
1606 2788 1659 2826 19
1693 2799 1742 2840 γε
1775 2784 1866 2840 μὴν

194 2842 488 2900 Sylburgius:
529 2859 575 2886 τε
615 2844 706 2899 μὴν
746 2844 780 2886 F
919 2850 971 2887 19
1021 2844 1162 2895 οὕτως
1201 2844 1295 2888 add
1326 2843 1385 2886 F1
1519 2847 1573 2885 23
1620 2843 1867 2892 τοσούτους

193 2903 393 2952 σκοποὺς
424 2902 481 2947 F:
514 2909 734 2946 τοσοῦτον
767 2902 927 2953 σκότος
958 2903 1174 2947 Reiskius
