2004 3202
706 123 872 166 ΠΡΟΣ
902 123 1184 166 AMMAION
1673 122 1780 174 275

101 258 192 313 καὶ
226 261 517 330 παριόντες
550 256 932 328 ἐδημηγόρουν
961 258 1138 311 πολλὰ
1169 253 1271 326 μὲν
1305 259 1586 310 Φίλιππον
1617 256 1780 325 ἐγκω-

101 349 398 418 μιάζοντες,
436 348 614 400 πολλὰ
653 345 701 399 δ’
739 347 874 415 ὑμῖν
914 345 1288 414 ἐγκαλοῦντες,
1325 343 1494 398 πάνθ’
1536 345 1638 398 ὅσα
1670 347 1780 398 πώ-

14 451 97 491 744
113 454 245 490 ποτε
278 435 500 489 ἐναντία
532 432 808 507 ἐπράΙξατε
836 437 1113 504 Θηβαίους
1140 431 1656 504 ἀναμιμνῄσκοντες.
1718 435 1778 487 τὸ

100 523 148 578 δ’
189 520 292 578 οὖν
322 525 642 594 κεφάλαιον,
681 523 890 593 ἠξίουν,
931 519 1010 577 ὧν
1040 520 1143 593 μὲν
1181 518 1242 576 εὗ
1267 521 1642 576 ’πεπόνθεσαν
1671 523 1778 575 ὑπὸ

103 615 387 666 Φιλίππου
433 613 596 683 χάριν
643 612 844 675 αὐτοὺς
891 611 1221 680 ἀποδοῦναι,
1270 607 1349 664 ὧν
1395 609 1443 664 δ’
1488 609 1584 680 ὑφ’
1624 611 1781 680 ὑμῶν

97 702 386 770 ἠδίκηνται
427 703 588 770 δίκην
627 705 835 770 λαβεῖν,
875 700 1147 772 ὁποτέρως
1186 701 1501 770 βούλονται,
1539 699 1572 768 ἢ
1613 698 1780 753 διὶέν-

97 810 193 853 τας
232 790 433 852 αὐτοὺς
473 788 559 859 ἐφ’
598 790 739 858 ὑμᾶς
776 789 810 858 ἢ
851 790 1330 859 συνεμβάλλοντας
1369 791 1446 852 εἰς
1484 790 1585 857 τὴν
1608 787 1779 842 Ἀττι-

96 879 233 948 κήν.’
295 881 366 931 Εἰ
407 880 474 947 δὴ
514 881 650 932 κατὰ
683 880 1069 948 Λυσιμαχίδην
1106 875 1209 948 μὲν
1248 880 1487 949 ἄρχοντα
1517 879 1616 931 τὸν
1646 880 1779 948 μετὰ

101 969 461 1038 Θεόφραστον
508 966 807 1037 λελυμένης
852 969 956 1036 ἤδη
1003 974 1099 1035 τῆς
1141 969 1360 1037 εἰρήνης
1399 968 1452 1020 οἱ
1488 969 1637 1037 παρὰ
1680 971 1779 1020 Φι-

6 1096 9 1098 -
97 1059 304 1110 λίππου
342 1055 597 1126 πρέσβεις
629 1058 706 1119 εἰς
750 1058 934 1125 Θήβας
972 1056 1354 1125 ἀπεστάλησαν
1397 1060 1778 1126 παρακαλοῦν-

96 1165 183 1208 τες
222 1145 424 1207 αὐτοὺς
462 1146 696 1214 μάλιστα
731 1142 832 1214 μὲν
865 1147 1247 1213 συνεισβαλεῖν
1279 1146 1356 1207 εἰς
1387 1146 1489 1213 τὴν
1512 1143 1777 1213 Ἀττικήν,

97 1236 144 1287 εἰ
184 1231 245 1287 δὲ
283 1236 374 1303 μή,
415 1235 609 1287 δίοδον
646 1241 722 1305 τῷ
766 1237 1021 1306 Φιλίππῳ
1060 1243 1363 1304 παρασχεῖν
1401 1232 1779 1303 μεμνημένους

96 1332 208 1376 τῶν
254 1322 584 1392 εὐεργεσιῶν
632 1321 803 1375 αὐτοῦ
850 1331 962 1375 τῶν
1007 1321 1132 1391 περὶ
1179 1323 1276 1375 τὸν
1320 1323 1575 1375 Φωκικὸν
1618 1325 1778 1375 πόλε-

0 1395 16 1445 4
95 1432 225 1481 μον,
271 1411 471 1479 ταύτης
518 1407 579 1463 δὲ
625 1409 890 1480 μέμνηται
933 1418 1028 1478 τῆς
1065 1413 1355 1481 πρεσβείας
1386 1409 1777 1481 Ἀριστοτέλης,

1803 1079 1845 1112 10

0 1511 6 1538 ῖ
95 1501 168 1563 ὡς
206 1498 374 1572 ὀλίγῳ
413 1502 686 1570 πρότερον
726 1498 971 1563 ἐπέδειξα
1009 1501 1103 1561 τὰς
1143 1498 1358 1552 ἐκείνου
1397 1498 1567 1563 λέξεις
1604 1518 1776 1570 παρα-
1798 1520 1841 1554 15

96 1592 375 1658 σχόμενος,
416 1588 817 1658 ἀναμφιλόγοις
857 1589 1144 1656 δήπουθεν
1176 1587 1557 1641 ἀποδέδεικται
1587 1609 1778 1658 τεκμη-

10 1690 93 1731 745
113 1680 272 1746 ριόις,
313 1678 396 1731 ὅτι
426 1678 626 1739 πάντες
658 1678 712 1730 οἱ
741 1676 1146 1746 Δημοσθένους
1177 1676 1385 1744 ἀγῶνες
1420 1677 1426 1746 Ι
1462 1678 1515 1730 οἱ
1544 1678 1651 1748 πρὸ
1683 1684 1778 1745 τῆς

95 1767 480 1835 Λυσιμαχίδου
527 1766 694 1836 ἀρχῆς
735 1765 795 1818 ἐν
834 1765 1142 1834 ἐκκλησίαις
1179 1785 1237 1819 τε
1275 1764 1366 1818 καὶ
1405 1767 1778 1836 δικαστηρίοις

95 1857 382 1924 γενόμενοι
421 1857 692 1925 πρότερον
730 1863 841 1907 τῶν
873 1853 1284 1924 Ἀριστοτέλους
1322 1864 1529 1924 τεχνῶν
1570 1875 1595 1903 *
1620 1874 1648 1905 2⁴<
1673 1873 1702 1905 *

215 2226 236 2263 1
274 2219 525 2275 παρεόντες
550 2219 586 2263 Ο
642 2219 958 2275 παρελθόντες
980 2219 1098 2262 Dem
1211 2224 1236 2262 2
1269 2219 1414 2263 πολλὰ
1445 2219 1491 2264 δ’
1513 2222 1641 2277 ὑμῶν
1664 2237 1773 2266 κατ-

94 2286 372 2336 ηγοροῦντες
410 2279 526 2322 Dem
662 2283 687 2322 3
735 2276 926 2323 ἐναντία
964 2277 1106 2321 iterat
1144 2278 1180 2320 P
1222 2280 1228 2335 Ι
1274 2277 1500 2336 Θηβαίοις
1538 2281 1655 2324 Dem

93 2343 120 2381 4
153 2335 237 2397 ὧν]
271 2337 331 2389 ὥς
361 2339 397 2382 Ρ
425 2341 429 2394 Ι
468 2335 517 2382 εὖ
552 2351 626 2381 om
657 2338 694 2380 B
824 2343 848 2382 6
889 2335 1138 2394 ἠδίκηνται
1167 2336 1216 2379 Μ
1277 2337 1498 2394 ἠδίκηντο
1531 2339 1648 2383 Dem
1672 2339 1735 2383 Σ1
1763 2339 1768 2398 Ι

95 2396 314 2453 ὁπότερος
344 2398 381 2440 Ρ
509 2403 533 2440 6
570 2403 591 2441 7
634 2394 818 2447 διέντας
849 2397 884 2440 Ρ
923 2398 975 2439 ub
1006 2396 1123 2439 Dem
1156 2398 1202 2439 Σ
1221 2396 1267 2439 al
1396 2402 1420 2440 7
1462 2397 1771 2456 συνεμβαλόν-

93 2473 175 2507 τας
207 2471 226 2500 s
267 2471 323 2500 ex
354 2457 471 2500 Dem
607 2460 662 2499 10
710 2455 774 2506 εἰς
812 2456 956 2499 iterat
989 2454 1024 2498 O
1163 2459 1215 2498 11
1265 2456 1608 2515 συνεισβάλλειν
1637 2457 1768 2502 libri:

14 2544 29 2566 ς
95 2529 195 2559 corr
225 2516 560 2560 Herwerdenus
678 2519 730 2557 12
763 2512 925 2559 δίοδόν
957 2529 1008 2570 γε
1039 2517 1101 2572 τῷ
1123 2513 1457 2560 Herwerdenus
1575 2521 1632 2560 14
1661 2516 1771 2560 ταύ-

19 2603 23 2609 ·
94 2590 173 2631 της
190 2611 250 2678 Ο.
280 2611 287 2619 .
322 2572 567 2677 πρεσβέίας
600 2574 710 2676 (lgm
740 2588 915 2676 119¹an
938 2572 1162 2676 pabgjnffll}
1184 2573 1408 2677 iqqhoffith
1421 2589 1497 2678 ὅπη
1520 2576 1569 2619 Μ
1594 2578 1641 2620 et
1665 2590 1771 2678 ουὲρ

20 2687 28 2758 ’ἱ
96 2646 326 2749 Ξὲηρρίιιε
393 2639 417 2677 6
445 2634 843 2749 18ηῗ3ἔιμῗὲουα1ς
918 2648 1304 2758 πῗῆασῖρότερδζινε
1358 2649 1770 2749 7259ov‘sgfgtzizlcfasHer⁷3

95 2752 333 2795 werdenus
362 2753 367 2808 Ι
402 2759 575 2809 τεχνῶν
594 2751 779 2811 (εἰσιν)
800 2750 1073 2807 Sylburglus
1117 2752 1122 2807 Ι
1164 2752 1348 2796 hiatum
1378 2753 1542 2797 notaui
1576 2753 1642 2796 sic
1673 2752 1769 2796 fere

29 2822 35 2835 ³
97 2809 374 2866 explendum
414 2809 710 2866 ἐκδεδομένοι
750 2808 876 2854 εἰσίν.
936 2811 1003 2854 Οὐ
1036 2810 1127 2867 μὴν
1158 2810 1273 2855 ἀλλὰ
1303 2812 1384 2856 καὶ
1511 2818 1567 2855 20
1609 2809 1768 2866 ἑτέραν

30 2928 33 2930 v
97 2864 148 2910 δὲ
172 2884 245 2924 πρ.
272 2869 608 2913 Herwerdenus
637 2872 642 2926 Ι
670 2868 799 2924 παρὰ
823 2869 871 2912 Μ
895 2868 1107 2925 legitimo
1133 2870 1405 2927 conpendio,
1439 2886 1480 2916 s:
1510 2871 1614 2926 περὶ
1638 2869 1767 2913 BOP

96 2925 207 2982 παρ’
238 2929 380 2971 αὐτοῦ
411 2928 746 2973 Herwerdenus

8 2303 33 2526 &an‘rmb'ss

1415 3003 1501 3047 18*

206 1940 396 2012 ἑτέραν
441 1945 742 2013 προσθήσω
789 1945 1098 2013 μαρτυρίαν
1134 1944 1282 2013 παρὰ
1319 1950 1419 1996 τοῦ
1459 1946 1775 2012 φιλοσόφου
1794 1951 1862 2003 12

95 2031 296 2100 λαβών,
338 2029 390 2094 ἐξ
430 2026 494 2098 ἧς
533 2033 612 2083 ἔτι
651 2035 863 2099 μᾶλλον
901 2033 1050 2084 ἔσται
1090 2033 1350 2100 φανερόν,
1391 2032 1474 2085 ὅτι
1509 2034 1642 2101 μετὰ
1672 2033 1770 2085 τὸν
1793 2055 1835 2086 21
