2004 3202
213 147 320 200 326
637 150 978 192 AIONT210T
1009 149 1474 194 AAmAPNAzmz
1930 0 1982 329 ἢ

212 291 395 352 γραφῇ
427 285 755 352 περιλαβών,
790 284 856 336 οὐ
890 283 960 336 δι’
993 284 1291 353 ὀλιγωρίαν
1320 283 1410 336 καὶ
1444 284 1729 355 ῥᾳστώνην
1756 281 1887 336 οὐδὲ

213 372 306 424 διά
353 372 555 424 σπάνιν
600 381 709 424 τῶν
757 370 1149 440 δυνησομένων
1203 375 1499 441 βεβαιῶσαι
1544 374 1639 434 τὰς
1684 371 1887 441 προθέ-

213 473 349 526 σεις,
401 458 538 512 ἀλλὰ
592 467 685 527 τῆς
740 459 1019 528 εὐκαιρίας
1064 469 1175 512 τῶν
1220 459 1585 530 γραφομένων
1638 462 1887 528 στοχαζό-

211 566 390 615 μενος,
437 549 509 609 ὡς
553 546 642 599 καὶ
688 546 812 616 περὶ
859 557 970 600 τῶν
1017 549 1200 601 ἄλλων
1251 548 1492 617 ἐποίησα.
1571 548 1636 601 οὐ
1675 550 1778 618 γὰρ
1819 543 1889 616 ἧν

168 653 188 684 5
213 634 408 704 ἀκριβῆ
448 634 538 688 καὶ
578 635 889 703 διεξοδικὴν
928 637 1170 704 δήλωσιν
1207 634 1345 707 ὑπὲρ
1387 635 1615 690 ἑκάστου
1653 646 1764 689 τῶν
1794 636 1889 688 ἀν-

211 725 362 792 δρῶν
399 729 697 791 ποιεῖσθαι,
729 726 1102 794 προελόμενον
1134 726 1210 787 εἰς
1244 724 1529 794 ε’λάχιστον
1561 727 1727 792 ὄγκον
1759 738 1888 776 συν-

211 821 436 879 αγαγεῖν
476 813 576 879 τὴν
615 815 1002 882 πραγματείαν.
1066 810 1277 884 σοῦΙδὲ
1309 812 1682 881 βουληθέντος
1723 814 1872 865 ἰδίαν
1889 814 1985 874 813]

211 900 590 964 συντάξασθαί
623 921 687 968 με
726 899 851 970 περὶ
897 903 1247 955 Θουκυδίδου
1286 903 1509 972 γραφὴν
1538 903 1759 954 ἅπαντα
1797 919 1888 953 πε-

211 993 563 1057 ριειληφυῖαν
593 990 659 1041 τὰ
692 990 923 1058 δεόμενα
955 992 1153 1059 λόγων,
1194 990 1603 1059 ἀναβαλόμενος
1633 990 1734 1057 τὴν
1763 987 1888 1059 περὶ

146 1095 187 1126 10
211 1075 612 1145 Λημοσθένους
639 1081 1031 1147 πραγματείαν,
1062 1078 1133 1146 ἣν
1165 1074 1314 1148 εἶχον
1339 1078 1400 1132 ἐν
1423 1081 1628 1148 χερσίν,
1659 1078 1889 1146 ὑπεσχό-

211 1185 319 1234 μην
343 1185 399 1218 τε
422 1167 689 1234 ποιήσειν,
715 1167 787 1228 ὡς
809 1174 1077 1237 προῃροῦ,
1102 1165 1193 1220 καὶ
1217 1165 1436 1229 τελέσας
1460 1168 1561 1235 τὴν
1591 1167 1889 1235 ὑπόσχεσιν

211 1253 534 1323 ἀποδίδωμι.

160 1346 194 1395 2
321 1343 561 1397 Μέλλων
600 1341 660 1396 δὲ
691 1352 801 1396 τῶν
832 1345 967 1396 κατὰ
999 1341 1163 1413 μέρος
1193 1345 1465 1397 ἅπτεσθαι
1496 1346 1709 1411 λόγων,
1729 1342 1888 1409 ὀλίγα

209 1430 334 1501 περὶ
373 1432 610 1500 ἐμαυτοῦ
649 1451 704 1485 τε
735 1430 827 1484 καὶ
865 1440 964 1484 τοῦ
997 1431 1194 1500 γένους
1228 1440 1323 1500 τῆς
1360 1434 1728 1502 πραγματείας
1759 1431 1888 1498 βού-

147 1534 188 1567 15
212 1525 374 1589 λομαι
411 1528 716 1590 προειπεῖν·
766 1519 832 1573 οὐ
881 1528 982 1573 σοῦ
1028 1522 1101 1589 μὰ
1138 1523 1251 1573 Διά
1298 1519 1389 1572 καὶ
1435 1530 1545 1572 τῶν
1592 1517 1679 1572 σοὶ
1717 1536 1888 1588 παρα·

208 1611 456 1677 πλησίων
503 1606 684 1676 ἕνεκα,
739 1618 849 1660 τῶν
897 1608 1001 1661 ἀπὸ
1048 1610 1252 1671 παντὸς
1297 1617 1396 1661 τοῦ
1443 1611 1729 1677 βελτίστου
1763 1613 1891 1677 ’κρι-

209 1699 422 1749 νόντων
459 1698 524 1749 τὰ
562 1697 852 1766 πράγματα
890 1695 981 1748 καὶ
1020 1694 1192 1765 μηδὲν
1231 1695 1556 1765 ἡγουμένων
1595 1703 1773 1766 χρῆμα
1811 1715 1890 1748 τι-

210 1786 479 1853 μιώτερον
517 1792 610 1852 τῆς
650 1784 934 1852 ἀληθείας·
992 1784 1129 1838 ἀλλὰ
1168 1794 1279 1838 τῶν
1311 1786 1518 1852 ἄλλων,
1560 1785 1710 1846 ὅσοις
1746 1785 1888 1836 πολὺ

210 1874 271 1925 τὸ
327 1875 607 1941 φιλαίτιον
662 1875 876 1925 ἔνεστιν
931 1873 1020 1941 (εἴ
1073 1893 1129 1925 τε
1184 1874 1318 1926 κατὰ
1371 1874 1470 1925 τὸν
1530 1872 1726 1941 ζῆλον>
1779 1881 1890 1924 τῶν

146 1977 187 2008 20
212 1961 454 2030 ἀρχαίων
493 1963 787 2029 γινόμενον
835 1966 940 2014 εἴτε
985 1963 1120 2014 κατὰ
1166 1962 1267 2029 τὴν
1305 1962 1615 2030 ὑπεροψίαν
1652 1969 1762 2013 τῶν
1801 1957 1889 2012 ἐπὶ

210 2058 304 2118 τῆς
343 2050 509 2117 αὐτῆς
547 2049 759 2117 ἡλικίας
799 2054 854 2101 εἴ
886 2069 943 2102 τε
981 2048 1095 2102 κατ’
1127 2049 1407 2119 ἀμφότερα
1438 2057 1607 2101 ταῦτα
1637 2050 1702 2101 τὰ
1733 2049 1887 2115 πάθη

210 2140 367 2191 κοινά
413 2146 507 2205 τῆς
553 2138 911 2207 ἀνθρωπίνης
958 2140 1090 2190 ὄντα
1138 2138 1368 2206 φύσεως.
1446 2137 1734 2190 ὑποπτεύω
1781 2137 1887 2205 γὰρ

212 2229 441 2279 ἔσεσθαί
481 2246 635 2288 τινας
680 2236 798 2278 τῶν.
837 2225 1310 2295 ἀναγνωσομένων
1356 2227 1456 2294 τὴν
1501 2226 1722 2294 γραφὴν
1759 2225 1888 2285 τοὺς

359 2419 383 2456 2
418 2413 600 2470 σπάνην
632 2415 717 2457 ΜΡ
838 2419 866 2457 4
896 2414 989 2458 fort
1020 2415 1080 2465 ὡς
1110 2415 1225 2458 κάπὶ
1255 2422 1345 2459 τῶν
1374 2416 1380 2471 Ῐ
1423 2413 1510 2470 γὰρ
1541 2419 1698 2469 παρῆν
1730 2412 1888 2456 Kiess-

211 2472 382 2528 lingius
563 2478 588 2515 9
628 2473 1002 2546 ἀναβαλλόμενος
1031 2473 1102 2516 M1
1142 2473 1346 2517 conicias
1387 2471 1739 2531 ἀναβαλόμενον

215 2536 371 2574 17.18
411 2547 625 2585 τιωτερον
655 2532 726 2574 M¹
880 2537 933 2576 18
974 2531 1097 2582 όσοις
1141 2532 1193 2575 τὸ
1240 2532 1354 2576 αὐτὸ
1397 2531 1537 2575 MPf:
1571 2544 1672 2574 corr
1710 2529 1886 2573 Rader-

212 2590 452 2632 macherus
484 2589 750 2645 01331,10.
786 2595 974 2647 333,11
1158 2596 1211 2635 19
1255 2590 1399 2635 ἔνεστι
1429 2598 1519 2634 τῶν
1551 2589 1664 2633 MP:
1704 2588 1886 2632 hiatum

214 2647 449 2704 suppleuit
479 2647 787 2704 Kiesslingius
896 2655 952 2692 20
984 2647 1241 2706 γινομένων
1273 2649 1413 2694 MPf:
1455 2662 1555 2692 corr
1586 2646 1881 2722 Mestwerdtl

212 2705 478 2763 ὑπεροψίαν
511 2742 519 2749 .
551 2712 689 2750 ..21
725 2706 967 2763 ἀμφότερα
998 2708 1103 2764 MP,
1145 2709 1227 2752 sed
1258 2708 1293 2751 P
1332 2708 1422 2762 ita,
1470 2710 1522 2751 ut
1542 2709 1667 2781 *post
1705 2703 1887 2762 ἡλικίας

214 2766 357 2809 uerba
391 2765 477 2808 εἴτε
510 2763 611 2808 κατ’
641 2765 880 2821 ἀμφότερα
911 2773 1059 2810 ταῦτα
1082 2766 1139 2810 τὰ
1171 2765 1307 2823 πάθη
1340 2765 1478 2811 κοινὰ
1507 2772 1607 2838 τῆς
1618 2763 1798 2822 ἡλικίας
1827 2763 1884 2806 11-

213 2824 350 2868 neola
381 2823 502 2867 infra
533 2823 687 2879 posita
720 2823 964 2867 deleantur
996 2828 1344 2881 sequanturque
1379 2823 1467 2868 εἴτε
1506 2822 1607 2868 κατ’
1645 2821 1883 2879 ἀμφότερα

212 2891 358 2928 ταῦτα
390 2882 447 2926 τὰ
471 2882 605 2948 πᾴθη
631 2881 767 2926 κοινὰ
791 2889 871 2938 τῆς
902 2883 1208 2940 ἀνθρωπίνης
1231 2887 1345 2929 κτλε
1379 2897 1454 2927 0111
1477 2883 1500 2925 f
1523 2885 1527 2940 Ι
1558 2883 1650 2939 ἐπὶ]
1676 2882 1765 2926 ὑπὸ
1792 2881 1884 2924 ΜΡ
1946 2927 1959 2938 ὓ

334 2947 386 2985 21
422 2940 624 2985 conicias
656 2941 824 2997 ταύτης
853 2947 933 2997 τῆς
