1958 3192
829 150 883 155 —
946 122 1250 166 XXXVI—

1933 0 1958 190 l

202 259 279 311 tio
332 262 540 328 praeter
586 258 912 311 Dinarchum
960 258 1131 310 omnis
1179 255 1252 328 (p.
1295 255 1549 329 1—252)
1605 258 1748 326 typis
1795 257 1882 309 de·
1952 249 1958 323 ἒ

203 347 421 416 scripta,
474 347 678 415 reliqua
729 347 888 399 huius
938 345 1228 398 uoluminis
1281 364 1403 421 pars
1458 346 1631 415 operis
1685 344 1882 396 tradita
1953 335 1958 353 '

204 438 338 504 erat,
385 454 504 488 cum
551 438 805 488 autumno
855 435 977 487 anni
1015 432 1189 486 XCVI
1228 434 1501 487 oculorum
1538 433 1757 486 morbus
1795 451 1880 485 me
1952 415 1958 438 ‘

204 523 462 592 corripuit
501 527 554 576 et
592 523 766 576 effecit
803 527 864 575 ut
902 522 1022 591 plus
1064 540 1221 590 quam
1260 522 1535 575 biennium
1580 522 1710 574 haec
1747 521 1880 573 iace·
1953 534 1955 537 ·

203 614 335 664 rent.
405 630 544 665 nunc
583 612 795 664 tandem
835 629 994 663 ausus
1034 613 1279 678 coeptum
1317 611 1568 663 uolumen
1608 610 1674 662 ad
1711 609 1880 662 umbi-
1950 591 1958 632 ξ

204 699 368 751 licum
421 699 675 752 adducere
723 699 873 756 doleo
919 717 1003 750 me
1049 716 1157 749 non
1203 716 1318 750 eam
1365 716 1544 750 curam
1589 698 1880 768 purgandis

135 785 144 792 “
202 787 434 857 plagulis
460 791 512 839 et
536 787 873 840 emendandis
902 786 1150 838 adhibere
1174 787 1412 854 potuisse
1449 805 1553 855 qua
1588 805 1721 855 opus
1753 789 1880 839 erat.
1956 823 1958 840 2

315 876 688 944 Disposuimus
719 875 885 926 libros
918 875 993 926 ita
1024 877 1085 926 ut
1115 874 1292 943 priore
1323 874 1594 927 uolumine
1627 874 1881 943 opuscula
1912 862 1916 869 ’

205 964 403 1034 critica,
444 964 607 1016 altero
649 963 711 1016 de
750 963 866 1031 ipsa
904 966 1016 1015 arte
1054 965 1312 1015 tractatus
1352 962 1754 1032 coniungantur.

312 1140 578 1192 Lectionis
617 1140 961 1192 recensendae
1002 1139 1237 1192 officium
1270 1140 1344 1192 eis
1378 1158 1510 1209 quae
1544 1139 1606 1192 de
1639 1139 1880 1192 codicum
1952 1194 1958 1202 ,

207 1229 687 1298 manuscriptorum
743 1229 1057 1281 auctoritate
1113 1232 1166 1281 et
1218 1229 1509 1298 propagine
1563 1228 1704 1281 dicta
1759 1231 1883 1280 sunt
1954 1216 1958 1267 ’-

202 1317 358 1385 plane
390 1317 664 1368 definitum
698 1320 789 1370 est.
837 1317 1052 1369 libellus
1093 1317 1155 1369 de
1187 1316 1456 1369 Dinarcho
1497 1317 1562 1368 ad
1601 1316 1797 1369 codicis
1821 1315 1879 1384 F,

206 1405 434 1473 epistula
473 1405 803 1473 Thucydidia
842 1406 907 1457 ad
947 1405 1140 1458 codicis
1179 1405 1222 1456 P
1261 1405 1419 1457 fidem
1459 1405 1718 1475 exigenda
1754 1408 1883 1473 erat,
1952 1457 1954 1461 ,

204 1493 462 1544 librorum
517 1494 579 1546 de
629 1493 986 1547 Demosthene
1049 1498 1101 1546 et
1162 1494 1224 1546 de
1279 1493 1586 1562 Thucydide
1647 1493 1882 1562 itemque

210 1581 466 1649 epistulae
517 1582 583 1633 ad
627 1581 943 1635 Aminaeum
994 1571 1435 1636 Demosthenicae
1482 1581 1750 1650 exemplar
1800 1581 1884 1633 de-
1952 1588 1958 1620 :

207 1669 474 1738 perditum
515 1669 598 1740 (S)
639 1690 703 1722 ex
742 1671 1062 1740 apographis
1100 1670 1263 1722 MPB
1315 1670 1716 1722 instaurandum
1758 1673 1884 1721 erat.

207 1758 262 1809 in
302 1777 405 1826 qua
443 1777 498 1810 re
538 1759 745 1811 etiamsi
783 1759 1126 1812 Ambrosiani
1171 1759 1340 1811 maior
1390 1758 1526 1810 solet
1571 1758 1702 1810 fides
1755 1775 1884 1825 esse,
1951 1788 1956 1814 ι,

207 1849 408 1915 tamen,
446 1850 507 1898 ut
544 1847 1022 1900 Radermacherum
1060 1848 1366 1916 loquentem
1406 1846 1675 1915 inducam,
1722 1845 1885 1897 ePari-
1951 1834 1954 1864 3

210 1935 356 1986 sinus
390 1953 538 1986 suam
569 1935 729 1988 habet
760 1937 1145 1989 auctoritatem.
1195 1934 1282 1988 Sic
1314 1935 1376 1987 de
1409 1934 1559 1987 Dem.
1591 1954 1640 2003 p.
1673 1933 1880 2003 250,21

209 2022 301 2074 ubi
341 2023 633 2075 necessario
673 2025 932 2077 edendum
970 2025 1096 2078 fuit:
1151 2025 1199 2077 εἰ
1245 2023 1433 2093 μέντοι
1479 2020 1624 2085 τινες
1671 2022 1731 2075 ἐν
1769 2031 1885 2084 τοῖς
1951 2035 1953 2039 ”

211 2112 681 2181 ψευδεπιγράφοις
728 2112 832 2165 εἰσὶ
883 2116 1068 2182 λόγοις
1119 2112 1304 2181 ἀηδεῖς
1355 2111 1445 2165 καὶ
1493 2109 1749 2183 φορτικαὶ
1793 2109 1884 2162 καὶ

213 2190 859 2270 ἄγροικοι’κατασκευαι’,
914 2202 969 2253 in
1007 2200 1363 2254 Ambrosiano
1411 2202 1459 2253 εἰ
1504 2199 1692 2269 μέντοι
1740 2195 1886 2261 τινὲς

211 2288 350 2338 ἔνιοι
390 2287 830 2356 ψευδεπίγραφοι
870 2288 976 2341 εἰσὶ
1015 2291 1172 2357 λόγοι
1205 2288 1389 2357 ἀηδεῖς
1428 2291 1616 2356 exstat,
1654 2288 1710 2339 in
1740 2287 1885 2339 Pari-

211 2374 326 2426 sino
368 2375 414 2426 εἰ
453 2372 639 2442 μέντοι
671 2373 814 2437 τινες
854 2378 992 2429 ἔνιοι
1031 2378 1469 2446 ψευδεπίγραφοι
1509 2373 1614 2428 εἰσὶ
1661 2377 1885 2442 λόγοις

212 2461 409 2529 ἀηδεῖς.
478 2462 523 2512 is
563 2462 728 2530 igitur
759 2465 1098 2517 memorabile
1137 2483 1291 2517 uerae
1323 2463 1565 2516 lectionis
1597 2463 1885 2532 uestigium

213 2549 460 2601 seruauit.
523 2567 653 2616 quae
694 2569 777 2602 res
818 2552 933 2603 ideo
966 2553 1293 2623 neglegenda
1322 2570 1430 2604 non
1461 2555 1555 2621 est,
1595 2550 1733 2619 quia,
1764 2569 1885 2603 cum

211 2636 457 2705 plurimis
488 2635 690 2688 lacunis
715 2637 850 2690 liber
882 2639 943 2690 de
969 2640 1117 2692 Dem.
1151 2643 1364 2710 scateat,
1396 2639 1661 2692 interdum
1684 2639 1885 2691 factum

213 2728 308 2793 est,
347 2728 407 2776 ut
445 2724 651 2776 litteras
691 2725 869 2793 paullo
909 2727 1087 2794 plures
1129 2748 1286 2796 quam
1325 2727 1710 2780 Ambrosianus
1742 2727 1886 2779 Pari—

214 2813 362 2864 sinus
410 2812 681 2883 exhibeat,
738 2832 840 2881 qua
878 2833 933 2866 re
973 2817 1181 2884 egregie
1232 2817 1401 2869 adiuti
1440 2834 1621 2869 sumus
1661 2834 1702 2868 e.
1743 2833 1790 2884 g.
1829 2816 1886 2867 in

216 2900 394 2953 uerbis
426 2890 503 2968 'p.
547 2901 725 2968 186,4
765 2919 839 2969 sq.
893 2903 1248 2956 restituendis
1354 2905 1595 2972 Denique
1655 2903 1886 2955 Palatini
