2004 3202
181 125 250 177 82
600 120 940 164 ΔΙΟΝΥΣΙΟΤ
970 117 1436 160 ΑΛΙΚΑΡΝΑΣΕΩΣ

178 259 479 326 ἀποσταίην
514 252 591 309 ὧν
623 257 935 322 διενοήθην.
1003 251 1361 320 παρελήλυθα
1392 252 1495 321 γὰρ
1530 251 1595 304 οὐ
1627 253 1849 323 χαριού-

177 367 339 418 μενος
376 346 509 415 ὑμῖν
548 341 678 397 οὐδὲ
716 342 1057 412 χειροτονίαν
1095 340 1449 407 μνηστεύσων
1480 339 1596 393 ἀλλ’
1635 339 1850 410 ἀποφα·

179 437 444 505 νούμενος
484 434 515 487 ἃ
554 432 801 500 τυγχάνω
842 428 1179 496 γιγνώσκων,
1216 437 1436 497 πρῶτον
1473 425 1575 497 μὲν
1611 427 1736 498 περὶ
1770 424 1851 483 ὧν

180 525 208 579 ὁ
233 524 498 593 πρύτανις
520 523 875 591 προτίθησιν,
909 518 1091 568 ἔπειτα
1123 514 1248 585 περὶ
1271 525 1383 568 τῶν
1406 517 1588 570 ἄλλων
1619 527 1730 570 τῶν
1753 525 1851 586 τῆς

137 631 157 663 5
179 615 386 673 πόλεως
423 609 767 680 πραγμάτων.
840 601 1005 657 οὐδὲν
1043 604 1147 673 γὰρ
1188 605 1385 672 ὄφελος
1425 606 1574 657 ἔσται
1609 615 1720 659 τῶν
1743 614 1851 659 νῦν

178 699 301 767 περὶ
340 707 433 766 τῆς
469 698 685 766 εἰρήνης
715 690 1098 762 γνωσθέντων,
1138 690 1208 744 ὀὲν
1238 693 1310 760 μὴ
1341 691 1467 763 περὶ
1498 702 1608 746 τῶν
1639 698 1850 747 λοιπῶν

180 789 362 858 ὀρθῶς
401 784 841 855 βουλευσώμεθα.
889 777 1048 849 ’φημὶ
1089 777 1140 832 δ’
1181 775 1284 832 οὗν
1322 788 1517 851 χρῆναι
1565 789 1848 836 ποιεῖσθαι

180 877 279 944 τὴν
318 876 539 944 εἰρήνην
577 872 647 941 μὴ
687 872 859 940 μόνον
897 869 1034 939 πρὸς
1065 870 1235 930 Χίους
1273 888 1330 921 τε
1368 868 1458 922 καὶ
1483 869 1723 940 Ῥοδίους
1757 871 1847 924 καὶ

181 965 511 1028 Βυζαντίους
549 958 638 1012 καὶ
669 956 866 1030 Κῴους
905 956 1043 1010 ἀλλά
1081 955 1302 1027 πάνξτας
1341 956 1696 1028 ἀνθρώπους,
1735 959 1825 1012 καὶ
1852 973 1938 1014 573
1985 1027 1988 1031 ,

115 1073 155 1103 10
179 1057 414 1121 χρῆσθαι
467 1058 583 1110 ταῖς
637 1049 940 1114 συνθήκαις
990 1046 1061 1114 μὴ
1108 1045 1353 1114 ταύταις,
1409 1039 1494 1108 αἷς
1546 1055 1652 1100 νῦν
1705 1068 1850 1110 τινες

178 1139 533 1207 γεγράφασιν,
572 1135 708 1189 ἀλλὰ
740 1143 856 1196 ταῖς
887 1132 1206 1202 γενομέναις
1245 1131 1417 1203 <μεν>
1455 1136 1593 1204 πρὸς
1623 1135 1850 1204 βασιλέα

177 1248 265 1279 και
307 1226 788 1293 Λακεδαιμονίους,
827 1222 1292 1292 προσταττούσαις
1332 1219 1392 1275 δὲ
1427 1225 1555 1285 τοὺς
1582 1221 1851 1292 Έλληνας

177 1315 514 1382 αὐτονόμους
553 1308 693 1365 εἶναι
731 1310 821 1364 καὶ
861 1312 955 1372 τὰς
1006 1311 1254 1381 φρουρὰς
1294 1310 1353 1363 ἐκ
1390 1321 1500 1364 τῶν
1546 1311 1852 1382 ἀλλοτρίων

176 1406 389 1456 πόλεων
426 1394 622 1465 ἐξεῖναι
660 1399 750 1452 καὶ
782 1401 882 1468 τὴν
914 1399 1097 1452 αὑτῶν
1129 1401 1273 1467 ἔχειν
1306 1397 1577 1462 ἑκάστους.
1638 1401 1851 1454 τούτων

116 1513 154 1543 15
178 1493 280 1561 γὰρ
321 1491 445 1543 οὔτε
485 1488 823 1559 δικαιοτέρας
862 1488 1165 1558 εὑρήσομεν
1204 1488 1328 1540 οὔτε
1359 1493 1569 1557 μᾶλλον
1599 1496 1662 1558 τῇ
1693 1491 1852 1542 πόλει

179 1578 594 1648 συμφερούσαςῖ

96 1670 158 1722 17
289 1675 455 1719 ταῦτα
494 1666 771 1735 προειπὼν
808 1663 898 1718 καὶ
939 1664 1080 1718 οὕτω
1121 1663 1336 1727 διαθεὶς
1375 1666 1503 1727 τοὺς
1549 1665 1852 1730 ἀκούοντας

180 1757 315 1826 πρὸς
354 1757 449 1807 τὸν
487 1753 753 1823 μέλλοντα
786 1755 953 1821 λόγον
987 1752 1300 1821 ἐπιτηδείως
1334 1752 1603 1822 ἐγκώμιόν
1634 1774 1690 1808 τε
1724 1757 1851 1809 κάλ-

181 1848 368 1896 λιστον
400 1850 492 1910 τῆς
525 1843 874 1911 δικαιοσύνης
910 1840 1238 1910 διαθέμενος
1268 1840 1358 1894 καὶ
1391 1843 1455 1895 τὰ
1479 1846 1853 1912 καθεστηκότα

302 1978 352 2015 17
387 1973 509 2015 Isocr
532 1972 637 2015 VIII
662 1976 782 2015 41—
797 1976 851 2015 53

300 2096 320 2132 1
356 2089 645 2145 παρελήλυθε
677 2090 712 2132 Ρ
833 2095 857 2132 2
892 2090 1155 2146 μνηστεύων
1186 2090 1268 2132 ΒΡ
1312 2091 1317 2146 Ι
1350 2090 1736 2161 ἀποφαινόμενος
1767 2092 1853 2135 ΒΡ

299 2154 323 2191 3
358 2150 591 2205 γινώσκων
614 2148 649 2190 Ρ
750 2153 778 2191 4
811 2148 854 2192 οἱ
885 2147 1132 2204 πρυτάνεις
1163 2146 1467 2204 προτιθέασιν
1492 2150 1536 2193 Is
1565 2152 1570 2207 Ι
1598 2148 1850 2206 προστίθη-

183 2223 253 2252 σιν
286 2208 319 2250 Ρ
349 2210 354 2263 Ι
381 2215 470 2251 τῶν
495 2214 573 2263 τῆς
596 2206 767 2258 πόλεως
797 2207 853 2252 P:
886 2214 965 2264 τῆς
996 2207 1168 2258 πόλεως
1199 2208 1341 2250 FMB
1462 2213 1487 2252 5
1520 2215 1606 2253 νῦν
1644 2210 1748 2264 περὶ
1780 2209 1850 2253 Is:

182 2268 295 2321 ὑπερ
336 2269 527 2309 accentu
568 2280 703 2322 super
734 2281 754 2309 ε
786 2280 916 2310 eraso
949 2267 983 2309 F
1029 2264 1144 2321 ὑπερ
1176 2267 1315 2310 ΜΒΡ
1425 2272 1449 2310 6
1482 2265 1541 2323 ἣν
1572 2267 1631 2323 μὴ
1664 2267 1707 2310 Is
1737 2269 1742 2324 Ι
1770 2269 1850 2311 καὶ

183 2326 286 2379 περὶ
317 2333 405 2368 τῶν
438 2327 608 2368 λοιπῶν
641 2324 794 2379 ὀρθῶς
824 2325 887 2370 Is:
922 2326 1067 2384 [περ]ὶ
1096 2333 1186 2370 τῶν
1219 2326 1373 2381 ὀρθῶς
1404 2325 1566 2370 λοιπὸν
1597 2326 1631 2368 F
1664 2329 1754 2382 (ras
1788 2326 1849 2370 ab

184 2384 216 2425 F
225 2384 256 2438 ²)
302 2384 404 2437 περὶ
436 2383 607 2426 τούτων
636 2383 789 2438 ὀρθῶς
819 2385 980 2428 λοιπον
997 2386 1044 2427 Μ
1055 2385 1136 2428 ΒΡ
1237 2390 1260 2427 7
1286 2383 1631 2442 βουλευσόμεθα
1649 2384 1730 2428 ΒΡ

184 2446 209 2484 8
246 2442 387 2484 verba
426 2442 625 2497 τὴν-10
665 2446 919 2499 κεχρῆσθαι
952 2457 1026 2487 0111
1065 2444 1113 2486 Μ
1153 2444 1234 2490 sed
1271 2443 1320 2486 in
1359 2458 1437 2499 mg
1474 2458 1521 2486 m
1558 2445 1691 2486 uetus
1724 2443 1850 2487 notis

183 2499 332 2542 rubris
365 2513 448 2542 usa
481 2498 715 2554 suppleuit
747 2515 884 2556 supra
923 2502 1075 2558 posito
1100 2503 1267 2546 ——hoc
1299 2515 1481 2557 quoque
1511 2501 1649 2545 rubro
1675 2528 1730 2534 —
1756 2501 1848 2546 κεί

184 2574 325 2614 μενον
438 2562 462 2599 8
497 2557 635 2607 Χίους
666 2560 733 2615 τε]
767 2557 907 2610 Χίους
942 2561 984 2604 Is
1106 2567 1130 2605 9
1163 2561 1242 2606 καὶ
1274 2561 1435 2619 Κῴους
1473 2574 1547 2603 om
1584 2560 1627 2602 Is
1679 2563 1684 2617 Ι
1734 2560 1850 2604 ἀλλὰ

183 2615 360 2665 πάντας
391 2616 671 2670 ἀνθρώπους
702 2622 955 2674 κεχρῆσθαι
987 2620 1207 2664 FMBPv
1253 2606 1367 2663 ἀλλὰ
1394 2619 1508 2674 πρὸς
1532 2618 1742 2670 απαντας
1766 2621 1849 2671 ἀν-

182 2679 221 2719 θ
224 2676 423 2730 ρώπους,
463 2674 540 2717 καὶ
578 2679 781 2731 χρῆσθαι
812 2677 853 2719 Is
961 2683 1015 2721 10
1045 2687 1146 2730 ταῖς
1175 2678 1349 2734 θήκαις
1379 2678 1414 2721 Ρ
1517 2682 1572 2721 14
1604 2676 1771 2730 ἐξιέναι
1805 2679 1850 2722 Is

185 2734 355 2787 ἐξεῖναι
394 2746 447 2776 ex
489 2732 657 2784 ἐξέῖναι
700 2734 731 2775 F
775 2737 779 2790 Ι
822 2735 904 2791 τὴν
944 2738 1095 2782 αὐτῶν
1133 2739 1197 2782 Is:
1241 2737 1324 2794 τὴν
1364 2735 1508 2792 αὐτὴν
1548 2736 1641 2779 FM
1702 2738 1851 2793 αὐτὴν

183 2793 265 2836 ΡΒ
313 2792 464 2835 αὐτῶν
495 2791 542 2833 in
576 2807 652 2847 mg
684 2792 719 2834 B
811 2799 863 2836 15
897 2798 1065 2849 μᾶλλον
1090 2796 1138 2852 F,
1164 2797 1200 2840 B
1232 2795 1281 2839 in
1310 2810 1410 2851 mg:
1443 2809 1517 2838 om
1548 2794 1643 2838 MP
1672 2797 1677 2852 Ι
1704 2802 1758 2852 τῆ
1790 2796 1850 2838 F1

181 2859 257 2908 τῆι
288 2850 346 2893 F²
437 2854 489 2892 17
523 2851 796 2907 προΙειΙπὼν
821 2852 855 2894 F
886 2867 959 2895 ras
994 2855 1051 2898 ab
1077 2855 1136 2898 F²
1169 2857 1174 2912 Ι
1211 2854 1439 2904 διατιθεὶς
1462 2854 1497 2897 F
1521 2855 1640 2897 teste
1668 2854 1850 2898 Sadaeo

303 2914 355 2953 18
389 2923 448 2952 an
481 2909 540 2959 ὡς
571 2909 716 2963 πρὸςῖ
745 2911 750 2966 Ι
779 2909 1036 2970 μέλλοντΙα]
1070 2928 1173 2957 cum
1203 2927 1278 2957 ras
1309 2913 1357 2955 M
