<?xml version="1.0" encoding="UTF-8"?>
<!DOCTYPE html PUBLIC "-//W3C//DTD XHTML 1.0 Transitional//EN"
    "http://www.w3.org/TR/xhtml1/DTD/xhtml1-transitional.dtd">
<html xmlns="http://www.w3.org/1999/xhtml" xml:lang="en" lang="en">
 <head>
  <title>
</title>
<meta http-equiv="Content-Type" content="text/html;charset=utf-8" />
  <meta name='ocr-system' content='tesseract 3.04.00' />
  <meta name='ocr-capabilities' content='ocr_page ocr_carea ocr_par ocr_line ocrx_word'/>
</head>
<body>
  <div class='ocr_page' id='page_1' title='image "./quaeexstant05dionuoft_0312.png"; bbox 0 0 2004 3202; ppageno 0'>
   <div class='ocr_carea' id='block_1_1' title="bbox 227 157 1477 211">
    <p class='ocr_par' dir='ltr' id='par_1_1' title="bbox 227 157 1477 211">
     <span class='ocr_line' id='line_1_1' title="bbox 227 157 1477 211; baseline -0.011 1"><span class='ocrx_word' id='word_1_1' title='bbox 227 159 334 211; x_wconf 80' lang='lat'><strong><em>262</em></strong></span> <span class='ocrx_word' id='word_1_2' title='bbox 640 159 979 202; x_wconf 75' lang='grc' dir='ltr'><strong><em>ΔΙοΝΤΣῙοΤ</em></strong></span> <span class='ocrx_word' id='word_1_3' title='bbox 1009 157 1477 200; x_wconf 73' lang='grc' dir='ltr'><strong>ΑΛΙΚΑΡΝΑΣΕΩΣ</strong></span> 
     </span>
    </p>
   </div>
   <div class='ocr_carea' id='block_1_2' title="bbox 158 290 2004 1861">
    <p class='ocr_par' dir='ltr' id='par_1_2' title="bbox 226 290 1986 630">
     <span class='ocr_line' id='line_1_2' title="bbox 227 290 1986 363; baseline -0.001 -15"><span class='ocrx_word' id='word_1_4' title='bbox 227 295 353 348; x_wconf 91' lang='grc' dir='ltr'><strong><em>δίου</em></strong></span> <span class='ocrx_word' id='word_1_5' title='bbox 392 296 570 363; x_wconf 89' lang='grc' dir='ltr'><strong><em>λόγος,</em></strong></span> <span class='ocrx_word' id='word_1_6' title='bbox 610 293 676 347; x_wconf 87' lang='grc' dir='ltr'><strong><em>ὃν</em></strong></span> <span class='ocrx_word' id='word_1_7' title='bbox 715 291 1040 356; x_wconf 77' lang='grc' dir='ltr'><em>συνετάξατο</em></span> <span class='ocrx_word' id='word_1_8' title='bbox 1073 292 1206 360; x_wconf 74' lang='grc' dir='ltr'><strong><em>μετὰ</em></strong></span> <span class='ocrx_word' id='word_1_9' title='bbox 1240 290 1247 360; x_wconf 98' lang='grc' dir='ltr'>Ι</span> <span class='ocrx_word' id='word_1_10' title='bbox 1281 292 1382 360; x_wconf 87' lang='grc' dir='ltr'><strong><em>τὴν</em></strong></span> <span class='ocrx_word' id='word_1_11' title='bbox 1411 293 1772 363; x_wconf 77' lang='grc' dir='ltr'><strong><em>χειροτονίαν,</em></strong></span> <span class='ocrx_word' id='word_1_12' title='bbox 1811 291 1882 359; x_wconf 85' lang='grc' dir='ltr'><strong><em>ἣν</em></strong></span> <span class='ocrx_word' id='word_1_13' title='bbox 1901 305 1986 346; x_wconf 79' lang='grc'><strong><em>727</em></strong></span> 
     </span>
     <span class='ocr_line' id='line_1_3' title="bbox 227 378 1898 454; baseline -0.002 -18"><span class='ocrx_word' id='word_1_14' title='bbox 227 382 256 436; x_wconf 88' lang='grc' dir='ltr'>ὁ</span> <span class='ocrx_word' id='word_1_15' title='bbox 304 383 473 451; x_wconf 81' lang='grc' dir='ltr'><strong><em>δῆμος</em></strong></span> <span class='ocrx_word' id='word_1_16' title='bbox 514 382 661 454; x_wconf 77' lang='grc' dir='ltr'><strong><em>αὐτῷ</em></strong></span> <span class='ocrx_word' id='word_1_17' title='bbox 697 382 1187 451; x_wconf 80' lang='grc' dir='ltr'><strong><em>κατεχειροτόνησε.</em></strong></span> <span class='ocrx_word' id='word_1_18' title='bbox 1264 379 1422 450; x_wconf 90' lang='grc' dir='ltr'><strong><em>μέχρι</em></strong></span> <span class='ocrx_word' id='word_1_19' title='bbox 1459 378 1609 433; x_wconf 83' lang='grc' dir='ltr'><strong><em>τοῦδ’</em></strong></span> <span class='ocrx_word' id='word_1_20' title='bbox 1649 379 1898 450; x_wconf 88' lang='grc' dir='ltr'><strong><em>εὑρισκο-</em></strong></span> 
     </span>
     <span class='ocr_line' id='line_1_4' title="bbox 226 460 1899 540; baseline -0.001 -16"><span class='ocrx_word' id='word_1_21' title='bbox 226 469 407 540; x_wconf 84' lang='grc' dir='ltr'><strong><em>μένων</em></strong></span> <span class='ocrx_word' id='word_1_22' title='bbox 438 471 650 523; x_wconf 84' lang='grc' dir='ltr'><strong><em>δώδεκα</em></strong></span> <span class='ocrx_word' id='word_1_23' title='bbox 680 472 877 537; x_wconf 87' lang='grc' dir='ltr'><strong><em>λόγων,</em></strong></span> <span class='ocrx_word' id='word_1_24' title='bbox 909 464 988 520; x_wconf 79' lang='grc' dir='ltr'><strong><em>ὧν</em></strong></span> <span class='ocrx_word' id='word_1_25' title='bbox 1019 472 1225 538; x_wconf 76' lang='grc' dir='ltr'><strong><em>εἴρηκα,</em></strong></span> <span class='ocrx_word' id='word_1_26' title='bbox 1258 469 1555 537; x_wconf 76' lang='grc' dir='ltr'><strong><em>δημοσίων,</em></strong></span> <span class='ocrx_word' id='word_1_27' title='bbox 1588 466 1648 520; x_wconf 83' lang='grc' dir='ltr'><strong><em>ἐν</em></strong></span> <span class='ocrx_word' id='word_1_28' title='bbox 1679 460 1762 530; x_wconf 83' lang='grc' dir='ltr'><strong><em>οἷς</em></strong></span> <span class='ocrx_word' id='word_1_29' title='bbox 1792 469 1899 522; x_wconf 85' lang='grc' dir='ltr'><strong><em>εἰσι</em></strong></span> 
     </span>
     <span class='ocr_line' id='line_1_5' title="bbox 226 553 1899 630; baseline -0.002 -17"><span class='ocrx_word' id='word_1_30' title='bbox 226 557 584 630; x_wconf 78' lang='grc' dir='ltr'><strong><em>δημηγορικοὶ</em></strong></span> <span class='ocrx_word' id='word_1_31' title='bbox 637 555 738 627; x_wconf 76' lang='grc' dir='ltr'><strong><em>μὲν</em></strong></span> <span class='ocrx_word' id='word_1_32' title='bbox 791 555 946 624; x_wconf 79' lang='grc' dir='ltr'><strong><em>ἑπτά,</em></strong></span> <span class='ocrx_word' id='word_1_33' title='bbox 1002 554 1274 609; x_wconf 79' lang='grc' dir='ltr'><strong><em>δικανικοὶ</em></strong></span> <span class='ocrx_word' id='word_1_34' title='bbox 1320 553 1382 609; x_wconf 74' lang='grc' dir='ltr'><strong><em>δὲ</em></strong></span> <span class='ocrx_word' id='word_1_35' title='bbox 1425 555 1610 624; x_wconf 88' lang='grc' dir='ltr'><strong><em>πέντε,</em></strong></span> <span class='ocrx_word' id='word_1_36' title='bbox 1666 557 1899 620; x_wconf 81' lang='grc' dir='ltr'><strong><em>ἅπαντες</em></strong></span> 
     </span>
    </p>

    <p class='ocr_par' dir='ltr' id='par_1_3' title="bbox 182 643 1899 892">
     <span class='ocr_line' id='line_1_6' title="bbox 182 643 1899 716; baseline 0 -18"><span class='ocrx_word' id='word_1_37' title='bbox 182 665 204 698; x_wconf 85' lang='lat'>⁵</span> <span class='ocrx_word' id='word_1_38' title='bbox 227 646 552 716; x_wconf 85' lang='grc' dir='ltr'><strong><em>&lt;ἐγένοντο&gt;</em></strong></span> <span class='ocrx_word' id='word_1_39' title='bbox 589 648 847 716; x_wconf 86' lang='grc' dir='ltr'><strong><em>πρότεροι</em></strong></span> <span class='ocrx_word' id='word_1_40' title='bbox 885 654 996 697; x_wconf 87' lang='grc' dir='ltr'><strong><em>τῶν</em></strong></span> <span class='ocrx_word' id='word_1_41' title='bbox 1023 643 1436 715; x_wconf 79' lang='grc' dir='ltr'><strong><em>Ἀριστοτέλους</em></strong></span> <span class='ocrx_word' id='word_1_42' title='bbox 1472 653 1696 714; x_wconf 82' lang='grc' dir='ltr'><strong><em>τεχνῶν,</em></strong></span> <span class='ocrx_word' id='word_1_43' title='bbox 1736 646 1808 708; x_wconf 83' lang='grc' dir='ltr'><strong><em>ὡς</em></strong></span> <span class='ocrx_word' id='word_1_44' title='bbox 1839 647 1899 698; x_wconf 81' lang='grc' dir='ltr'><strong><em>ἔκ</em></strong></span> 
     </span>
     <span class='ocr_line' id='line_1_7' title="bbox 225 731 1899 805; baseline -0.001 -17"><span class='ocrx_word' id='word_1_45' title='bbox 225 755 282 788; x_wconf 90' lang='grc' dir='ltr'><strong><em>τε</em></strong></span> <span class='ocrx_word' id='word_1_46' title='bbox 327 744 439 788; x_wconf 83' lang='grc' dir='ltr'><strong><em>τῶν</em></strong></span> <span class='ocrx_word' id='word_1_47' title='bbox 488 731 1063 805; x_wconf 73' lang='grc' dir='ltr'><strong><em>ῐστορουμένωνπερὶ</em></strong></span> <span class='ocrx_word' id='word_1_48' title='bbox 1108 740 1208 786; x_wconf 86' lang='grc' dir='ltr'><strong><em>τοῦ</em></strong></span> <span class='ocrx_word' id='word_1_49' title='bbox 1256 732 1459 804; x_wconf 91' lang='grc' dir='ltr'><strong><em>ἀνδρὸς</em></strong></span> <span class='ocrx_word' id='word_1_50' title='bbox 1501 732 1768 798; x_wconf 81' lang='grc' dir='ltr'><strong><em>ἀποδείξω</em></strong></span> <span class='ocrx_word' id='word_1_51' title='bbox 1807 733 1899 786; x_wconf 88' lang='grc' dir='ltr'><strong><em>καὶ</em></strong></span> 
     </span>
     <span class='ocr_line' id='line_1_8' title="bbox 227 820 1817 892; baseline -0.001 -17"><span class='ocrx_word' id='word_1_52' title='bbox 227 822 285 875; x_wconf 83' lang='grc' dir='ltr'><strong><em>ἐκ</em></strong></span> <span class='ocrx_word' id='word_1_53' title='bbox 322 832 433 876; x_wconf 84' lang='grc' dir='ltr'><strong><em>τῶν</em></strong></span> <span class='ocrx_word' id='word_1_54' title='bbox 470 821 561 875; x_wconf 84' lang='grc' dir='ltr'><strong><em>ὑπ’</em></strong></span> <span class='ocrx_word' id='word_1_55' title='bbox 601 822 772 875; x_wconf 86' lang='grc' dir='ltr'><strong><em>αὐτοῦ</em></strong></span> <span class='ocrx_word' id='word_1_56' title='bbox 810 820 1161 892; x_wconf 77' lang='grc' dir='ltr'><strong><em>γραφέντων,</em></strong></span> <span class='ocrx_word' id='word_1_57' title='bbox 1203 820 1466 874; x_wconf 84' lang='grc' dir='ltr'><strong><em>ἐντεῦθεν</em></strong></span> <span class='ocrx_word' id='word_1_58' title='bbox 1505 820 1817 891; x_wconf 84' lang='grc' dir='ltr'><strong><em>ἀρξάμενος.</em></strong></span> 
     </span>
    </p>

    <p class='ocr_par' dir='ltr' id='par_1_4' title="bbox 167 905 1900 1068">
     <span class='ocr_line' id='line_1_9' title="bbox 167 905 1900 981; baseline 0 -17"><span class='ocrx_word' id='word_1_59' title='bbox 167 912 203 965; x_wconf 82' lang='grc'>5</span> <span class='ocrx_word' id='word_1_60' title='bbox 326 909 699 981; x_wconf 78' lang='grc' dir='ltr'><strong><em>Ἀριστοτέλης</em></strong></span> <span class='ocrx_word' id='word_1_61' title='bbox 752 910 956 980; x_wconf 90' lang='grc' dir='ltr'><strong><em>πατρὸς</em></strong></span> <span class='ocrx_word' id='word_1_62' title='bbox 1002 906 1103 978; x_wconf 77' lang='grc' dir='ltr'><strong><em>μὲν</em></strong></span> <span class='ocrx_word' id='word_1_63' title='bbox 1148 905 1219 977; x_wconf 74' lang='grc' dir='ltr'><strong><em>ἦν</em></strong></span> <span class='ocrx_word' id='word_1_64' title='bbox 1263 910 1588 979; x_wconf 80' lang='grc' dir='ltr'><strong><em>Νικομάχου</em></strong></span> <span class='ocrx_word' id='word_1_65' title='bbox 1633 911 1694 963; x_wconf 91' lang='grc' dir='ltr'><strong><em>τὸ</em></strong></span> <span class='ocrx_word' id='word_1_66' title='bbox 1740 910 1900 978; x_wconf 90' lang='grc' dir='ltr'><strong><em>γένος</em></strong></span> 
     </span>
     <span class='ocr_line' id='line_1_10' title="bbox 223 996 1899 1068; baseline -0.001 -16"><span class='ocrx_word' id='word_1_67' title='bbox 223 998 315 1052; x_wconf 89' lang='grc' dir='ltr'><strong><em>καὶ</em></strong></span> <span class='ocrx_word' id='word_1_68' title='bbox 352 1000 452 1067; x_wconf 86' lang='grc' dir='ltr'><strong><em>τὴν</em></strong></span> <span class='ocrx_word' id='word_1_69' title='bbox 490 998 687 1068; x_wconf 89' lang='grc' dir='ltr'><strong><em>τέχνην</em></strong></span> <span class='ocrx_word' id='word_1_70' title='bbox 725 997 1099 1068; x_wconf 82' lang='grc' dir='ltr'><strong><em>ἀναφέροντος</em></strong></span> <span class='ocrx_word' id='word_1_71' title='bbox 1137 999 1215 1060; x_wconf 85' lang='grc' dir='ltr'><strong><em>εἰς</em></strong></span> <span class='ocrx_word' id='word_1_72' title='bbox 1245 999 1519 1067; x_wconf 78' lang='grc' dir='ltr'><strong><em>Μαχάονα</em></strong></span> <span class='ocrx_word' id='word_1_73' title='bbox 1556 999 1654 1051; x_wconf 91' lang='grc' dir='ltr'><strong><em>τὸν</em></strong></span> <span class='ocrx_word' id='word_1_74' title='bbox 1676 996 1899 1067; x_wconf 87' lang='grc' dir='ltr'><strong><em>Ἀσκλη-</em></strong></span> 
     </span>
    </p>

    <p class='ocr_par' dir='ltr' id='par_1_5' title="bbox 161 1084 2004 1510">
     <span class='ocr_line' id='line_1_11' title="bbox 161 1084 1900 1158; baseline 0 -19"><span class='ocrx_word' id='word_1_75' title='bbox 161 1107 202 1139; x_wconf 92' lang='lat'><strong><em>10</em></strong></span> <span class='ocrx_word' id='word_1_76' title='bbox 223 1095 378 1155; x_wconf 85' lang='grc' dir='ltr'><strong><em>πιοῦ,</em></strong></span> <span class='ocrx_word' id='word_1_77' title='bbox 431 1088 633 1158; x_wconf 87' lang='grc' dir='ltr'><strong><em>μητρὸς</em></strong></span> <span class='ocrx_word' id='word_1_78' title='bbox 687 1084 748 1140; x_wconf 76' lang='grc' dir='ltr'><strong><em>δὲ</em></strong></span> <span class='ocrx_word' id='word_1_79' title='bbox 798 1087 1095 1149; x_wconf 82' lang='grc' dir='ltr'><strong><em>Φαιστίδος</em></strong></span> <span class='ocrx_word' id='word_1_80' title='bbox 1148 1086 1429 1154; x_wconf 78' lang='grc' dir='ltr'><strong><em>ἀπογόνου</em></strong></span> <span class='ocrx_word' id='word_1_81' title='bbox 1481 1087 1632 1148; x_wconf 93' lang='grc' dir='ltr'><strong><em>τινὸς</em></strong></span> <span class='ocrx_word' id='word_1_82' title='bbox 1684 1095 1796 1139; x_wconf 85' lang='grc' dir='ltr'><strong><em>τῶν</em></strong></span> <span class='ocrx_word' id='word_1_83' title='bbox 1843 1086 1900 1139; x_wconf 83' lang='grc' dir='ltr'><strong><em>ἐκ</em></strong></span> 
     </span>
     <span class='ocr_line' id='line_1_12' title="bbox 223 1174 1900 1244; baseline 0.001 -17"><span class='ocrx_word' id='word_1_84' title='bbox 223 1176 495 1237; x_wconf 82' lang='grc' dir='ltr'><strong><em>Χαλκίδος</em></strong></span> <span class='ocrx_word' id='word_1_85' title='bbox 529 1176 631 1244; x_wconf 88' lang='grc' dir='ltr'><strong><em>τὴν</em></strong></span> <span class='ocrx_word' id='word_1_86' title='bbox 661 1174 919 1228; x_wconf 89' lang='grc' dir='ltr'><strong><em>ἀποικίαν</em></strong></span> <span class='ocrx_word' id='word_1_87' title='bbox 950 1174 1272 1243; x_wconf 90' lang='grc' dir='ltr'><strong><em>ἀγαγόντων</em></strong></span> <span class='ocrx_word' id='word_1_88' title='bbox 1304 1176 1381 1236; x_wconf 83' lang='grc' dir='ltr'><strong><em>εἰς</em></strong></span> <span class='ocrx_word' id='word_1_89' title='bbox 1412 1175 1711 1244; x_wconf 78' lang='grc' dir='ltr'><strong><em>Στάγειρα·</em></strong></span> <span class='ocrx_word' id='word_1_90' title='bbox 1753 1175 1900 1243; x_wconf 87' lang='grc' dir='ltr'><strong><em>ε’γεν-</em></strong></span> 
     </span>
     <span class='ocr_line' id='line_1_13' title="bbox 222 1259 1900 1332; baseline -0.001 -16"><span class='ocrx_word' id='word_1_91' title='bbox 222 1266 369 1332; x_wconf 83' lang='grc' dir='ltr'><strong><em>νήθη</em></strong></span> <span class='ocrx_word' id='word_1_92' title='bbox 410 1260 471 1316; x_wconf 76' lang='grc' dir='ltr'><strong><em>δὲ</em></strong></span> <span class='ocrx_word' id='word_1_93' title='bbox 507 1264 642 1316; x_wconf 80' lang='grc' dir='ltr'><strong><em>κατὰ</em></strong></span> <span class='ocrx_word' id='word_1_94' title='bbox 681 1263 782 1330; x_wconf 83' lang='grc' dir='ltr'><strong><em>τὴν</em></strong></span> <span class='ocrx_word' id='word_1_95' title='bbox 821 1261 1183 1330; x_wconf 83' lang='grc' dir='ltr'><strong><em>ἐνενηκοστὴν</em></strong></span> <span class='ocrx_word' id='word_1_96' title='bbox 1216 1259 1307 1314; x_wconf 92' lang='grc' dir='ltr'><strong><em>καὶ</em></strong></span> <span class='ocrx_word' id='word_1_97' title='bbox 1341 1260 1539 1330; x_wconf 82' lang='grc' dir='ltr'><strong><em>ἐνάτην</em></strong></span> <span class='ocrx_word' id='word_1_98' title='bbox 1561 1259 1900 1331; x_wconf 76' lang='grc' dir='ltr'><strong><em>Ὀλυμπιάδα</em></strong></span> 
     </span>
     <span class='ocr_line' id='line_1_14' title="bbox 222 1348 1899 1421; baseline 0 -17"><span class='ocrx_word' id='word_1_99' title='bbox 222 1356 568 1421; x_wconf 84' lang='grc' dir='ltr'><strong><em>Διοτρεφοῦς</em></strong></span> <span class='ocrx_word' id='word_1_100' title='bbox 605 1349 910 1419; x_wconf 87' lang='grc' dir='ltr'><strong><em>Ἀθήνησιν</em></strong></span> <span class='ocrx_word' id='word_1_101' title='bbox 963 1351 1229 1420; x_wconf 80' lang='grc' dir='ltr'><strong><em>ἄρχοντος</em></strong></span> <span class='ocrx_word' id='word_1_102' title='bbox 1281 1348 1464 1420; x_wconf 91' lang='grc' dir='ltr'><strong><em>τρισὶν</em></strong></span> <span class='ocrx_word' id='word_1_103' title='bbox 1517 1351 1660 1403; x_wconf 81' lang='grc' dir='ltr'><strong><em>ἔτεσι</em></strong></span> <span class='ocrx_word' id='word_1_104' title='bbox 1712 1355 1899 1420; x_wconf 90' lang='grc' dir='ltr'><strong><em>Δημο-</em></strong></span> 
     </span>
     <span class='ocr_line' id='line_1_15' title="bbox 225 1435 2004 1510; baseline 0 -17"><span class='ocrx_word' id='word_1_105' title='bbox 225 1440 462 1502; x_wconf 79' lang='grc' dir='ltr'><strong><em>σθένους</em></strong></span> <span class='ocrx_word' id='word_1_106' title='bbox 504 1439 509 1505; x_wconf 84' lang='grc' dir='ltr'>Ι</span> <span class='ocrx_word' id='word_1_107' title='bbox 551 1440 932 1510; x_wconf 88' lang='grc' dir='ltr'><strong><em>πρεσβύτερος.</em></strong></span> <span class='ocrx_word' id='word_1_108' title='bbox 1011 1437 1098 1491; x_wconf 84' lang='grc' dir='ltr'><strong><em>ἐπὶ</em></strong></span> <span class='ocrx_word' id='word_1_109' title='bbox 1146 1435 1207 1490; x_wconf 79' lang='grc' dir='ltr'><strong><em>δὲ</em></strong></span> <span class='ocrx_word' id='word_1_110' title='bbox 1246 1439 1572 1506; x_wconf 79' lang='grc' dir='ltr'><strong><em>Πολυζήλου</em></strong></span> <span class='ocrx_word' id='word_1_111' title='bbox 1619 1439 1883 1508; x_wconf 79' lang='grc' dir='ltr'><strong><em>ἄρχοντος</em></strong></span> <span class='ocrx_word' id='word_1_112' title='bbox 1903 1452 2004 1493; x_wconf 80' lang='lat'><strong>728⁴</strong></span> 
     </span>
    </p>

    <p class='ocr_par' dir='ltr' id='par_1_6' title="bbox 158 1525 1899 1861">
     <span class='ocr_line' id='line_1_16' title="bbox 158 1525 1899 1596; baseline 0 -16"><span class='ocrx_word' id='word_1_113' title='bbox 158 1546 201 1580; x_wconf 89' lang='lat'><strong><em>15</em></strong></span> <span class='ocrx_word' id='word_1_114' title='bbox 222 1530 643 1596; x_wconf 86' lang='grc' dir='ltr'><strong><em>τελευτήσαντος</em></strong></span> <span class='ocrx_word' id='word_1_115' title='bbox 691 1535 790 1580; x_wconf 88' lang='grc' dir='ltr'><strong><em>τοῦ</em></strong></span> <span class='ocrx_word' id='word_1_116' title='bbox 834 1527 1037 1596; x_wconf 88' lang='grc' dir='ltr'><strong><em>πατρὸς</em></strong></span> <span class='ocrx_word' id='word_1_117' title='bbox 1082 1525 1548 1579; x_wconf 87' lang='grc' dir='ltr'><strong><em>ὀκτωκαιδέκατον</em></strong></span> <span class='ocrx_word' id='word_1_118' title='bbox 1593 1528 1711 1589; x_wconf 81' lang='grc' dir='ltr'><strong><em>ἔτος</em></strong></span> <span class='ocrx_word' id='word_1_119' title='bbox 1758 1528 1899 1596; x_wconf 81' lang='grc' dir='ltr'><strong><em>ἔχων</em></strong></span> 
     </span>
     <span class='ocr_line' id='line_1_17' title="bbox 223 1610 1898 1685; baseline 0 -16"><span class='ocrx_word' id='word_1_120' title='bbox 223 1618 301 1678; x_wconf 84' lang='grc' dir='ltr'><strong><em>εἰς</em></strong></span> <span class='ocrx_word' id='word_1_121' title='bbox 345 1614 585 1684; x_wconf 82' lang='grc' dir='ltr'><strong><em>Ἀθήνας</em></strong></span> <span class='ocrx_word' id='word_1_122' title='bbox 638 1610 836 1683; x_wconf 77' lang='grc' dir='ltr'><strong><em>ἦλθεν,</em></strong></span> <span class='ocrx_word' id='word_1_123' title='bbox 890 1613 980 1666; x_wconf 91' lang='grc' dir='ltr'><strong><em>καὶ</em></strong></span> <span class='ocrx_word' id='word_1_124' title='bbox 1035 1612 1330 1676; x_wconf 84' lang='grc' dir='ltr'><strong><em>συσταθεὶς</em></strong></span> <span class='ocrx_word' id='word_1_125' title='bbox 1379 1615 1640 1667; x_wconf 88' lang='grc' dir='ltr'><strong><em>Πλάτωνι</em></strong></span> <span class='ocrx_word' id='word_1_126' title='bbox 1693 1618 1898 1685; x_wconf 89' lang='grc' dir='ltr'><strong><em>χρὸνον</em></strong></span> 
     </span>
     <span class='ocr_line' id='line_1_18' title="bbox 224 1699 1897 1773; baseline 0 -16"><span class='ocrx_word' id='word_1_127' title='bbox 224 1706 499 1771; x_wconf 83' lang='grc' dir='ltr'><strong><em>εἰκοσαετῆ</em></strong></span> <span class='ocrx_word' id='word_1_128' title='bbox 547 1702 791 1772; x_wconf 80' lang='grc' dir='ltr'><strong><em>διέτριψε</em></strong></span> <span class='ocrx_word' id='word_1_129' title='bbox 838 1704 943 1755; x_wconf 88' lang='grc' dir='ltr'><strong><em>σὺν</em></strong></span> <span class='ocrx_word' id='word_1_130' title='bbox 985 1702 1145 1773; x_wconf 76' lang='grc' dir='ltr'><strong><em>αὐτῷ.</em></strong></span> <span class='ocrx_word' id='word_1_131' title='bbox 1221 1701 1605 1765; x_wconf 87' lang='grc' dir='ltr'><strong><em>ἀποθανόντος</em></strong></span> <span class='ocrx_word' id='word_1_132' title='bbox 1645 1699 1706 1755; x_wconf 76' lang='grc' dir='ltr'><strong><em>δὲ</em></strong></span> <span class='ocrx_word' id='word_1_133' title='bbox 1746 1706 1897 1757; x_wconf 86' lang='grc' dir='ltr'><strong><em>Πλά-</em></strong></span> 
     </span>
     <span class='ocr_line' id='line_1_19' title="bbox 222 1789 1898 1861; baseline 0.001 -17"><span class='ocrx_word' id='word_1_134' title='bbox 222 1811 394 1854; x_wconf 90' lang='grc' dir='ltr'><strong><em>τωνος</em></strong></span> <span class='ocrx_word' id='word_1_135' title='bbox 426 1790 512 1844; x_wconf 82' lang='grc' dir='ltr'><strong><em>ἐπὶ</em></strong></span> <span class='ocrx_word' id='word_1_136' title='bbox 547 1794 824 1860; x_wconf 84' lang='grc' dir='ltr'><strong><em>Θεοφίλου</em></strong></span> <span class='ocrx_word' id='word_1_137' title='bbox 857 1792 1119 1861; x_wconf 76' lang='grc' dir='ltr'><strong><em>ἄρχοντος</em></strong></span> <span class='ocrx_word' id='word_1_138' title='bbox 1158 1789 1331 1860; x_wconf 79' lang='grc' dir='ltr'><strong><em>ἀπῆρε</em></strong></span> <span class='ocrx_word' id='word_1_139' title='bbox 1372 1791 1510 1860; x_wconf 89' lang='grc' dir='ltr'><strong><em>πρὸς</em></strong></span> <span class='ocrx_word' id='word_1_140' title='bbox 1533 1790 1762 1861; x_wconf 89' lang='grc' dir='ltr'><strong><em>Ἑρμίαν</em></strong></span> <span class='ocrx_word' id='word_1_141' title='bbox 1799 1793 1898 1845; x_wconf 89' lang='grc' dir='ltr'><strong><em>τὸν</em></strong></span> 
     </span>
    </p>
   </div>
   <div class='ocr_carea' id='block_1_3' title="bbox 222 1993 1894 2110">
    <p class='ocr_par' dir='ltr' id='par_1_7' title="bbox 222 1993 1894 2110">
     <span class='ocr_line' id='line_1_20' title="bbox 339 1993 1894 2051; baseline 0.001 -12"><span class='ocrx_word' id='word_1_142' title='bbox 339 1999 484 2050; x_wconf 91' lang='lat' dir='ltr'><strong><em>8—p</em></strong></span> <span class='ocrx_word' id='word_1_143' title='bbox 510 1999 616 2051; x_wconf 82' lang='lat'><strong>263,</strong></span> <span class='ocrx_word' id='word_1_144' title='bbox 643 1999 697 2038; x_wconf 91' lang='lat'><strong><em>10</em></strong></span> <span class='ocrx_word' id='word_1_145' title='bbox 738 2008 793 2038; x_wconf 82' lang='lat' dir='ltr'><strong><em>ex</em></strong></span> <span class='ocrx_word' id='word_1_146' title='bbox 832 1994 1106 2051; x_wconf 88' lang='lat' dir='ltr'>Apollodori</span> <span class='ocrx_word' id='word_1_147' title='bbox 1146 1994 1376 2038; x_wconf 83' lang='lat' dir='ltr'>chronicis</span> <span class='ocrx_word' id='word_1_148' title='bbox 1414 1993 1568 2050; x_wconf 73' lang='lat' dir='ltr'>petita</span> <span class='ocrx_word' id='word_1_149' title='bbox 1607 1994 1656 2038; x_wconf 84' lang='lat' dir='ltr'><strong><em>cf</em></strong></span> <span class='ocrx_word' id='word_1_150' title='bbox 1681 1995 1894 2040; x_wconf 70' lang='lat' dir='ltr'>Laerbius</span> 
     </span>
     <span class='ocr_line' id='line_1_21' title="bbox 222 2053 1402 2110; baseline -0.001 -13"><span class='ocrx_word' id='word_1_151' title='bbox 222 2053 354 2110; x_wconf 87' lang='lat' dir='ltr'>Diog.</span> <span class='ocrx_word' id='word_1_152' title='bbox 380 2054 443 2097; x_wconf 90' lang='lat' dir='ltr'><strong><em>IV</em></strong></span> <span class='ocrx_word' id='word_1_153' title='bbox 469 2059 493 2096; x_wconf 84' lang='grc'><strong>9</strong></span> <span class='ocrx_word' id='word_1_154' title='bbox 513 2068 566 2109; x_wconf 86' lang='lat' dir='ltr'><strong><em>sq</em></strong></span> <span class='ocrx_word' id='word_1_155' title='bbox 626 2053 755 2096; x_wconf 80' lang='lat' dir='ltr'>Diels</span> <span class='ocrx_word' id='word_1_156' title='bbox 787 2067 901 2097; x_wconf 85' lang='lat' dir='ltr'>mus.</span> <span class='ocrx_word' id='word_1_157' title='bbox 927 2053 1074 2097; x_wconf 87' lang='lat' dir='ltr'>Rhen.</span> <span class='ocrx_word' id='word_1_158' title='bbox 1100 2053 1249 2096; x_wconf 90' lang='lat' dir='ltr'>XXXI</span> <span class='ocrx_word' id='word_1_159' title='bbox 1273 2058 1329 2097; x_wconf 89' lang='lat'><strong><em>43</em></strong></span> <span class='ocrx_word' id='word_1_160' title='bbox 1349 2068 1402 2109; x_wconf 84' lang='lat' dir='ltr'><strong><em>sq</em></strong></span> 
     </span>
    </p>
   </div>
   <div class='ocr_carea' id='block_1_4' title="bbox 222 2243 1896 3006">
    <p class='ocr_par' dir='ltr' id='par_1_8' title="bbox 222 2243 1896 2772">
     <span class='ocr_line' id='line_1_22' title="bbox 343 2243 1896 2321; baseline 0.001 -33"><span class='ocrx_word' id='word_1_161' title='bbox 343 2251 364 2288; x_wconf 92' lang='lat'>1</span> <span class='ocrx_word' id='word_1_162' title='bbox 405 2243 816 2321; x_wconf 73' lang='grc' dir='ltr'><strong><em>καταχειροτονίαν</em></strong></span> <span class='ocrx_word' id='word_1_163' title='bbox 849 2245 1069 2288; x_wconf 78' lang='lat' dir='ltr'>Morellus</span> <span class='ocrx_word' id='word_1_164' title='bbox 1190 2250 1215 2287; x_wconf 82' lang='lat'><strong>2</strong></span> <span class='ocrx_word' id='word_1_165' title='bbox 1249 2244 1392 2288; x_wconf 79' lang='grc' dir='ltr'><strong><em>αὐτοῦ</em></strong></span> <span class='ocrx_word' id='word_1_166' title='bbox 1424 2243 1535 2288; x_wconf 88' lang='lat' dir='ltr'>libri</span> <span class='ocrx_word' id='word_1_167' title='bbox 1655 2251 1680 2289; x_wconf 82' lang='lat'>2</span> <span class='ocrx_word' id='word_1_168' title='bbox 1706 2250 1733 2289; x_wconf 86' lang='lat'><strong>3</strong></span> <span class='ocrx_word' id='word_1_169' title='bbox 1764 2243 1896 2303; x_wconf 85' lang='grc' dir='ltr'><strong><em>μέχρι</em></strong></span> 
     </span>
     <span class='ocr_line' id='line_1_23' title="bbox 224 2302 1894 2361; baseline 0.001 -14"><span class='ocrx_word' id='word_1_170' title='bbox 224 2311 304 2347; x_wconf 90' lang='grc' dir='ltr'><strong><em>τοῦ</em></strong></span> <span class='ocrx_word' id='word_1_171' title='bbox 342 2305 448 2358; x_wconf 85' lang='grc' dir='ltr'><strong><em>περὶ</em></strong></span> <span class='ocrx_word' id='word_1_172' title='bbox 479 2306 661 2348; x_wconf 81' lang='grc' dir='ltr'><strong><em>δωδεκα</em></strong></span> <span class='ocrx_word' id='word_1_173' title='bbox 692 2303 803 2347; x_wconf 90' lang='lat' dir='ltr'>libri</span> <span class='ocrx_word' id='word_1_174' title='bbox 834 2303 1020 2361; x_wconf 84' lang='lat' dir='ltr'>(quibus</span> <span class='ocrx_word' id='word_1_175' title='bbox 1054 2303 1252 2348; x_wconf 68' lang='lat' dir='ltr'>seruatis</span> <span class='ocrx_word' id='word_1_176' title='bbox 1283 2302 1483 2346; x_wconf 84' lang='lat' dir='ltr'>Weilius</span> <span class='ocrx_word' id='word_1_177' title='bbox 1513 2303 1669 2361; x_wconf 74' lang='lat' dir='ltr'>pergit</span> <span class='ocrx_word' id='word_1_178' title='bbox 1699 2305 1894 2361; x_wconf 75' lang='grc' dir='ltr'><strong><em>ἀγώνων</em></strong></span> 
     </span>
     <span class='ocr_line' id='line_1_24' title="bbox 226 2361 1895 2423; baseline 0.001 -18"><span class='ocrx_word' id='word_1_179' title='bbox 226 2361 386 2418; x_wconf 80' lang='grc' dir='ltr'><strong><em>εἴρηκα</em></strong></span> <span class='ocrx_word' id='word_1_180' title='bbox 425 2364 568 2419; x_wconf 84' lang='grc' dir='ltr'><strong><em>ὃημ.);</em></strong></span> <span class='ocrx_word' id='word_1_181' title='bbox 619 2362 707 2406; x_wconf 75' lang='grc' dir='ltr'><strong><em>ἔτει</em></strong></span> <span class='ocrx_word' id='word_1_182' title='bbox 744 2361 891 2423; x_wconf 82' lang='grc' dir='ltr'><strong><em>τρίτῳ.</em></strong></span> <span class='ocrx_word' id='word_1_183' title='bbox 947 2371 1037 2407; x_wconf 83' lang='grc' dir='ltr'><strong><em>τῶν</em></strong></span> <span class='ocrx_word' id='word_1_184' title='bbox 1077 2363 1267 2420; x_wconf 82' lang='grc' dir='ltr'><strong><em>(τούτων</em></strong></span> <span class='ocrx_word' id='word_1_185' title='bbox 1307 2369 1397 2407; x_wconf 86' lang='grc' dir='ltr'><strong><em>τῶν</em></strong></span> <span class='ocrx_word' id='word_1_186' title='bbox 1436 2363 1671 2420; x_wconf 84' lang='lat' dir='ltr'>Reiskius)</span> <span class='ocrx_word' id='word_1_187' title='bbox 1711 2364 1895 2407; x_wconf 81' lang='grc' dir='ltr'><strong><em>δώδεκα</em></strong></span> 
     </span>
     <span class='ocr_line' id='line_1_25' title="bbox 225 2419 1896 2479; baseline 0.001 -16"><span class='ocrx_word' id='word_1_188' title='bbox 225 2420 440 2463; x_wconf 82' lang='lat' dir='ltr'>Reiskius</span> <span class='ocrx_word' id='word_1_189' title='bbox 479 2423 526 2464; x_wconf 75' lang='lat' dir='ltr'><strong><em>et</em></strong></span> <span class='ocrx_word' id='word_1_190' title='bbox 566 2421 794 2477; x_wconf 78' lang='lat' dir='ltr'>Sauppius</span> <span class='ocrx_word' id='word_1_191' title='bbox 838 2424 843 2479; x_wconf 88' lang='grc' dir='ltr'>Ι</span> <span class='ocrx_word' id='word_1_192' title='bbox 886 2422 991 2477; x_wconf 82' lang='grc' dir='ltr'><strong><em>περὶ</em></strong></span> <span class='ocrx_word' id='word_1_193' title='bbox 1152 2427 1177 2465; x_wconf 88' lang='grc'><strong>6</strong></span> <span class='ocrx_word' id='word_1_194' title='bbox 1218 2419 1554 2477; x_wconf 81' lang='grc' dir='ltr'><strong><em>ἱστορουμένων</em></strong></span> <span class='ocrx_word' id='word_1_195' title='bbox 1592 2421 1896 2478; x_wconf 76' lang='lat' dir='ltr'>neglegenter</span> 
     </span>
     <span class='ocr_line' id='line_1_26' title="bbox 225 2478 1894 2537; baseline 0.001 -15"><span class='ocrx_word' id='word_1_196' title='bbox 225 2478 366 2522; x_wconf 71' lang='lat' dir='ltr'>iterat</span> <span class='ocrx_word' id='word_1_197' title='bbox 396 2479 432 2521; x_wconf 90' lang='lat' dir='ltr'>B</span> <span class='ocrx_word' id='word_1_198' title='bbox 566 2485 594 2522; x_wconf 90' lang='lat'>4</span> <span class='ocrx_word' id='word_1_199' title='bbox 642 2480 685 2524; x_wconf 82' lang='grc' dir='ltr'><strong><em>οἱ</em></strong></span> <span class='ocrx_word' id='word_1_200' title='bbox 715 2479 885 2531; x_wconf 84' lang='grc' dir='ltr'><strong><em>πάντες</em></strong></span> <span class='ocrx_word' id='word_1_201' title='bbox 915 2480 1125 2524; x_wconf 76' lang='lat' dir='ltr'>malebat</span> <span class='ocrx_word' id='word_1_202' title='bbox 1154 2479 1372 2524; x_wconf 82' lang='lat' dir='ltr'>Reiskius</span> <span class='ocrx_word' id='word_1_203' title='bbox 1509 2486 1534 2523; x_wconf 87' lang='lat'>5</span> <span class='ocrx_word' id='word_1_204' title='bbox 1579 2478 1791 2537; x_wconf 80' lang='grc' dir='ltr'><strong><em>ἐγένοντο</em></strong></span> <span class='ocrx_word' id='word_1_205' title='bbox 1823 2480 1894 2524; x_wconf 90' lang='lat' dir='ltr'><strong><em>in-</em></strong></span> 
     </span>
     <span class='ocr_line' id='line_1_27' title="bbox 226 2536 1777 2596; baseline 0.003 -17"><span class='ocrx_word' id='word_1_206' title='bbox 226 2537 346 2580; x_wconf 85' lang='lat' dir='ltr'>serui</span> <span class='ocrx_word' id='word_1_207' title='bbox 374 2537 379 2594; x_wconf 92' lang='grc' dir='ltr'>Ι</span> <span class='ocrx_word' id='word_1_208' title='bbox 407 2536 604 2596; x_wconf 86' lang='grc' dir='ltr'><strong><em>&lt;ὄντες&gt;</em></strong></span> <span class='ocrx_word' id='word_1_209' title='bbox 635 2538 849 2594; x_wconf 88' lang='grc' dir='ltr'><strong><em>πρότεροι</em></strong></span> <span class='ocrx_word' id='word_1_210' title='bbox 880 2539 1078 2583; x_wconf 82' lang='lat' dir='ltr'>Weilius</span> <span class='ocrx_word' id='word_1_211' title='bbox 1140 2546 1413 2594; x_wconf 84' lang='grc' dir='ltr'><strong><em>προτεροῦσι</em></strong></span> <span class='ocrx_word' id='word_1_212' title='bbox 1442 2538 1777 2583; x_wconf 84' lang='lat' dir='ltr'>Herwerdenus</span> 
     </span>
     <span class='ocr_line' id='line_1_28' title="bbox 226 2596 1892 2656; baseline 0.001 -16"><span class='ocrx_word' id='word_1_213' title='bbox 226 2601 251 2640; x_wconf 87' lang='grc'><strong>6</strong></span> <span class='ocrx_word' id='word_1_214' title='bbox 282 2611 330 2639; x_wconf 90' lang='grc' dir='ltr'><strong><em>τε</em></strong></span> <span class='ocrx_word' id='word_1_215' title='bbox 363 2609 438 2638; x_wconf 90' lang='lat' dir='ltr'><strong><em>om</em></strong></span> <span class='ocrx_word' id='word_1_216' title='bbox 460 2596 496 2638; x_wconf 94' lang='lat' dir='ltr'>B</span> <span class='ocrx_word' id='word_1_217' title='bbox 617 2602 641 2640; x_wconf 90' lang='lat'>8</span> <span class='ocrx_word' id='word_1_218' title='bbox 674 2598 846 2653; x_wconf 84' lang='grc' dir='ltr'><strong><em>πατρὸς</em></strong></span> <span class='ocrx_word' id='word_1_219' title='bbox 875 2598 1231 2643; x_wconf 80' lang='lat' dir='ltr'>Herwerdenus:</span> <span class='ocrx_word' id='word_1_220' title='bbox 1263 2598 1336 2647; x_wconf 84' lang='grc' dir='ltr'><strong><em>ὑὶς</em></strong></span> <span class='ocrx_word' id='word_1_221' title='bbox 1366 2598 1402 2641; x_wconf 90' lang='grc' dir='ltr'><strong><em>Ρ</em></strong></span> <span class='ocrx_word' id='word_1_222' title='bbox 1454 2597 1556 2648; x_wconf 83' lang='grc' dir='ltr'><strong><em>υἱὸς</em></strong></span> <span class='ocrx_word' id='word_1_223' title='bbox 1585 2597 1759 2642; x_wconf 84' lang='lat' dir='ltr'>MBOs</span> <span class='ocrx_word' id='word_1_224' title='bbox 1788 2600 1794 2654; x_wconf 92' lang='grc' dir='ltr'>Ι</span> <span class='ocrx_word' id='word_1_225' title='bbox 1821 2599 1892 2656; x_wconf 89' lang='grc' dir='ltr'><strong><em>τὸ]</em></strong></span> 
     </span>
     <span class='ocr_line' id='line_1_29' title="bbox 222 2653 1892 2714; baseline 0.002 -16"><span class='ocrx_word' id='word_1_226' title='bbox 222 2653 275 2698; x_wconf 89' lang='grc' dir='ltr'><strong><em>τό</em></strong></span> <span class='ocrx_word' id='word_1_227' title='bbox 305 2670 352 2698; x_wconf 89' lang='grc' dir='ltr'><strong><em>τε</em></strong></span> <span class='ocrx_word' id='word_1_228' title='bbox 383 2654 715 2698; x_wconf 85' lang='lat' dir='ltr'>Herwerdenus</span> <span class='ocrx_word' id='word_1_229' title='bbox 809 2661 863 2699; x_wconf 91' lang='lat'><strong><em>10</em></strong></span> <span class='ocrx_word' id='word_1_230' title='bbox 895 2656 964 2714; x_wconf 82' lang='grc' dir='ltr'><strong><em>ἐκ]</em></strong></span> <span class='ocrx_word' id='word_1_231' title='bbox 991 2657 1041 2701; x_wconf 80' lang='grc' dir='ltr'><strong><em>ἐν</em></strong></span> <span class='ocrx_word' id='word_1_232' title='bbox 1072 2656 1167 2701; x_wconf 91' lang='grc' dir='ltr'><strong><em>ΜΟ</em></strong></span> <span class='ocrx_word' id='word_1_233' title='bbox 1284 2661 1335 2699; x_wconf 90' lang='grc'><strong><em>11</em></strong></span> <span class='ocrx_word' id='word_1_234' title='bbox 1368 2654 1595 2713; x_wconf 82' lang='grc' dir='ltr'><strong><em>χαλκίδως</em></strong></span> <span class='ocrx_word' id='word_1_235' title='bbox 1617 2656 1654 2699; x_wconf 94' lang='grc' dir='ltr'><strong>Β</strong></span> <span class='ocrx_word' id='word_1_236' title='bbox 1683 2658 1688 2714; x_wconf 95' lang='grc' dir='ltr'>Ι</span> <span class='ocrx_word' id='word_1_237' title='bbox 1716 2657 1892 2714; x_wconf 78' lang='grc' dir='ltr'><strong><em>ἀναγα-</em></strong></span> 
     </span>
     <span class='ocr_line' id='line_1_30' title="bbox 224 2712 1891 2772; baseline 0.002 -15"><span class='ocrx_word' id='word_1_238' title='bbox 224 2712 399 2770; x_wconf 76' lang='grc' dir='ltr'><strong><em>γόντων</em></strong></span> <span class='ocrx_word' id='word_1_239' title='bbox 430 2713 465 2755; x_wconf 94' lang='grc' dir='ltr'>Ρ</span> <span class='ocrx_word' id='word_1_240' title='bbox 476 2727 495 2755; x_wconf 83' lang='lat' dir='ltr'>s</span> <span class='ocrx_word' id='word_1_241' title='bbox 531 2714 536 2771; x_wconf 91' lang='grc' dir='ltr'>Ι</span> <span class='ocrx_word' id='word_1_242' title='bbox 580 2713 644 2764; x_wconf 87' lang='grc' dir='ltr'><strong><em>εἰς</em></strong></span> <span class='ocrx_word' id='word_1_243' title='bbox 674 2712 862 2770; x_wconf 79' lang='grc' dir='ltr'><strong><em>τάγειρα</em></strong></span> <span class='ocrx_word' id='word_1_244' title='bbox 894 2715 928 2758; x_wconf 88' lang='lat' dir='ltr'>P</span> <span class='ocrx_word' id='word_1_245' title='bbox 1058 2721 1110 2759; x_wconf 83' lang='lat'><strong><em>12</em></strong></span> <span class='ocrx_word' id='word_1_246' title='bbox 1159 2714 1495 2771; x_wconf 79' lang='grc' dir='ltr'><strong><em>ἐννενηκοστὴν</em></strong></span> <span class='ocrx_word' id='word_1_247' title='bbox 1527 2715 1605 2758; x_wconf 85' lang='grc' dir='ltr'><strong><em>καὶ</em></strong></span> <span class='ocrx_word' id='word_1_248' title='bbox 1638 2713 1839 2772; x_wconf 78' lang='grc' dir='ltr'><strong><em>ἐννάτην</em></strong></span> <span class='ocrx_word' id='word_1_249' title='bbox 1870 2731 1891 2759; x_wconf 83' lang='lat' dir='ltr'>s</span> 
     </span>
    </p>

    <p class='ocr_par' dir='ltr' id='par_1_9' title="bbox 225 2773 1892 3006">
     <span class='ocr_line' id='line_1_31' title="bbox 314 2773 1798 2831; baseline 0.002 -17"><span class='ocrx_word' id='word_1_250' title='bbox 314 2776 368 2815; x_wconf 90' lang='lat'><strong><em>13</em></strong></span> <span class='ocrx_word' id='word_1_251' title='bbox 401 2773 674 2827; x_wconf 85' lang='grc' dir='ltr'><strong><em>διοτρεφοὺς</em></strong></span> <span class='ocrx_word' id='word_1_252' title='bbox 697 2773 745 2815; x_wconf 91' lang='grc' dir='ltr'><strong>Μ</strong></span> <span class='ocrx_word' id='word_1_253' title='bbox 799 2774 1073 2829; x_wconf 84' lang='grc' dir='ltr'><strong><em>Διειτρεφέα</em></strong></span> <span class='ocrx_word' id='word_1_254' title='bbox 1105 2775 1236 2819; x_wconf 70' lang='lat' dir='ltr'>tituli</span> <span class='ocrx_word' id='word_1_255' title='bbox 1259 2776 1432 2818; x_wconf 74' lang='lat' dir='ltr'>uocant</span> <span class='ocrx_word' id='word_1_256' title='bbox 1458 2777 1464 2828; x_wconf 88' lang='grc' dir='ltr'>Ι</span> <span class='ocrx_word' id='word_1_257' title='bbox 1490 2774 1656 2831; x_wconf 84' lang='grc' dir='ltr'><strong><em>τρισὶν]</em></strong></span> <span class='ocrx_word' id='word_1_258' title='bbox 1690 2774 1754 2830; x_wconf 80' lang='grc' dir='ltr'><strong><em>ιγ’</em></strong></span> <span class='ocrx_word' id='word_1_259' title='bbox 1778 2789 1798 2817; x_wconf 85' lang='lat' dir='ltr'>s</span> 
     </span>
     <span class='ocr_line' id='line_1_32' title="bbox 228 2828 1892 2891; baseline 0.002 -18"><span class='ocrx_word' id='word_1_260' title='bbox 228 2835 282 2874; x_wconf 89' lang='lat'><strong><em>14</em></strong></span> <span class='ocrx_word' id='word_1_261' title='bbox 312 2828 619 2888; x_wconf 84' lang='grc' dir='ltr'><strong><em>πρεσβυτέρου</em></strong></span> <span class='ocrx_word' id='word_1_262' title='bbox 650 2830 780 2875; x_wconf 88' lang='lat' dir='ltr'>libri:</span> <span class='ocrx_word' id='word_1_263' title='bbox 814 2846 914 2875; x_wconf 86' lang='lat' dir='ltr'>corr</span> <span class='ocrx_word' id='word_1_264' title='bbox 937 2833 1132 2877; x_wconf 83' lang='lat' dir='ltr'>Wolfius</span> <span class='ocrx_word' id='word_1_265' title='bbox 1186 2832 1490 2891; x_wconf 84' lang='grc' dir='ltr'><strong><em>πρεσβύτερος</em></strong></span> <span class='ocrx_word' id='word_1_266' title='bbox 1522 2831 1656 2891; x_wconf 75' lang='lat' dir='ltr'><strong><em>&lt;ch)</em></strong></span> <span class='ocrx_word' id='word_1_267' title='bbox 1683 2833 1892 2878; x_wconf 86' lang='lat' dir='ltr'>Herwer-</span> 
     </span>
     <span class='ocr_line' id='line_1_33' title="bbox 227 2885 1892 2948; baseline 0.002 -16"><span class='ocrx_word' id='word_1_268' title='bbox 227 2890 370 2934; x_wconf 84' lang='lat' dir='ltr'>denus</span> <span class='ocrx_word' id='word_1_269' title='bbox 507 2895 559 2933; x_wconf 88' lang='lat'><strong><em>16</em></strong></span> <span class='ocrx_word' id='word_1_270' title='bbox 607 2885 721 2946; x_wconf 83' lang='grc' dir='ltr'><strong><em>ἦλθε</em></strong></span> <span class='ocrx_word' id='word_1_271' title='bbox 755 2905 774 2932; x_wconf 85' lang='lat' dir='ltr'>s</span> <span class='ocrx_word' id='word_1_272' title='bbox 913 2896 963 2934; x_wconf 80' lang='lat'><strong><em>17</em></strong></span> <span class='ocrx_word' id='word_1_273' title='bbox 1012 2892 1215 2948; x_wconf 83' lang='grc' dir='ltr'><strong><em>εἰκοσετῆ</em></strong></span> <span class='ocrx_word' id='word_1_274' title='bbox 1248 2895 1295 2936; x_wconf 71' lang='lat' dir='ltr'><strong><em>et</em></strong></span> <span class='ocrx_word' id='word_1_275' title='bbox 1325 2906 1368 2947; x_wconf 89' lang='lat' dir='ltr'><strong><em>p.</em></strong></span> <span class='ocrx_word' id='word_1_276' title='bbox 1395 2896 1501 2947; x_wconf 81' lang='lat'><strong>263,</strong></span> <span class='ocrx_word' id='word_1_277' title='bbox 1525 2896 1553 2934; x_wconf 87' lang='lat'>4</span> <span class='ocrx_word' id='word_1_278' title='bbox 1586 2891 1746 2948; x_wconf 85' lang='grc' dir='ltr'><strong><em>ὀκτετῆ</em></strong></span> <span class='ocrx_word' id='word_1_279' title='bbox 1778 2892 1892 2936; x_wconf 87' lang='lat' dir='ltr'>Her-</span> 
     </span>
     <span class='ocr_line' id='line_1_34' title="bbox 225 2946 1817 3006; baseline 0.003 -15"><span class='ocrx_word' id='word_1_280' title='bbox 225 2948 462 2992; x_wconf 84' lang='lat' dir='ltr'>werdenus</span> <span class='ocrx_word' id='word_1_281' title='bbox 586 2953 638 2992; x_wconf 88' lang='grc'><strong><em>18</em></strong></span> <span class='ocrx_word' id='word_1_282' title='bbox 665 2946 885 3004; x_wconf 85' lang='grc' dir='ltr'><strong><em>Ἑρμείαν</em></strong></span> <span class='ocrx_word' id='word_1_283' title='bbox 917 2964 936 2992; x_wconf 80' lang='lat' dir='ltr'>s</span> <span class='ocrx_word' id='word_1_284' title='bbox 1000 2952 1081 2994; x_wconf 85' lang='lat' dir='ltr'><strong><em>sed</em></strong></span> <span class='ocrx_word' id='word_1_285' title='bbox 1113 2951 1162 2995; x_wconf 83' lang='lat' dir='ltr'><strong><em>cf</em></strong></span> <span class='ocrx_word' id='word_1_286' title='bbox 1187 2949 1449 2995; x_wconf 85' lang='lat' dir='ltr'>Boeokhius</span> <span class='ocrx_word' id='word_1_287' title='bbox 1482 2964 1636 3006; x_wconf 80' lang='lat' dir='ltr'>opusc.</span> <span class='ocrx_word' id='word_1_288' title='bbox 1665 2955 1703 3006; x_wconf 87' lang='lat'><strong><em>6,</em></strong></span> <span class='ocrx_word' id='word_1_289' title='bbox 1731 2955 1817 2995; x_wconf 78' lang='lat'><strong><em>204</em></strong></span> 
     </span>
    </p>
   </div>
  </div>
 </body>
</html>
