2004 3202
0 2427 42 2611 msam·
3 2332 7 2340 ⁹
31 2282 39 2297 ,

22 0 98 172 ss

46 270 133 330 ,813
151 275 565 343 ἐπιτιμήσοντας
594 272 743 342 ἡμῖν,
775 274 857 326 ὅτι
879 277 1162 342 τολμῶμεν
1195 272 1203 340 Ι
1237 271 1566 340 ἀποφαίνειν
1594 276 1803 326 Θουκυ-

693 140 837 182 ΠΕΡΙ
868 138 1270 182 ΘοΤΚΤΔῙΔοΤ
1694 138 1800 190 327

135 364 298 431 δίδην
335 363 433 415 τὸν
471 361 727 414 ἁπάντων
764 362 1056 430 κράτιστον
1093 370 1204 414 τῶν
1237 361 1676 430 ἱστοριογράφων
1713 362 1802 415 καὶ

133 452 269 506 κατὰ
306 451 406 518 τὴν
435 452 760 519 προαίρεσίν
788 467 919 502 ποτε
950 459 1061 502 τῶν
1091 451 1273 517 λόγων
1303 448 1683 519 ἁμαρτάνοντα
1713 449 1802 502 καὶ

133 540 268 594 κατὰ
299 539 400 606 τὴν
433 538 672 606 δύναμιν
703 537 1125 606 ἐξασθενοῦντα,
1155 535 1247 590 καὶ
1270 536 1622 605 <διὰ>τοῦθ’
1644 534 1804 600 οὗτος

133 628 274 697 ἡμᾶς
308 626 338 680 ὁ
387 626 646 695 λογισμὸς
690 626 965 694 εἰσῆλθεν,
1005 626 1087 678 ὅτι
1131 623 1413 695 παράδοξα
1457 634 1805 694 καινοτομεῖν

137 716 425 787 πράγματα
448 723 655 784 πρῶτοι
680 712 770 766 καὶ
796 716 956 782 μόνοι
980 712 1227 783 δόξομεν,
1250 718 1305 766 εἴ
1321 732 1373 765 τι
1395 722 1507 766 τῶν
1529 713 1636 766 ὑπὸ
1666 716 1807 766 Θου-

137 804 371 857 κυδίδου
395 801 720 874 γραφέντων
748 810 1115 871 συκοφαντεῖν
1146 801 1558 870 ἐπιβαλοίμεθα,
1591 801 1657 854 οὐ
1688 811 1806 864 ταῖς

137 900 348 954 κοιναῖς
379 893 552 960 μόνον
585 890 997 959 ἐναντιούμενοι
1029 890 1230 957 δόξαις,
1270 889 1332 952 ἃς
1362 890 1595 952 ἅπαντες
1619 889 1677 943 ἐκ
1707 899 1806 944 τοῦ

137 988 351 1051 μακροῦ
406 982 611 1050 χρόνου
654 981 1065 1049 παραλαβόντες
1124 977 1525 1048 ἀναφαιρέτους
1567 981 1806 1047 ἔχουσιν,

135 1068 276 1122 ἀλλὰ
306 1066 397 1121 καὶ
428 1076 547 1130 ταῖς
581 1067 746 1129 ἰδίαις
775 1076 887 1119 τῶν
918 1066 1363 1135 ἐπιφανεστάτων
1394 1069 1719 1136 φιλοσόφων
1749 1087 1806 1121 τε

133 1155 224 1210 καὶ
281 1156 531 1226 ρητόρων
569 1157 893 1225 μαρτυρίαις
939 1154 1316 1224 ἀπιστοῦντες,
1360 1157 1420 1218 ,οἳ
1460 1157 1668 1208 κανόνα
1712 1163 1807 1224 τῆς

138 1247 413 1315 ἱστορικῆς
435 1246 803 1314 πραγματείας
843 1242 1055 1296 ἐκεῖνον
1091 1244 1451 1297 ὑποτίθενται
1497 1245 1594 1296 τὸν
1632 1245 1808 1314 ἄνδρα

132 1332 223 1387 καὶ
262 1340 358 1401 τῆς
386 1331 512 1402 περὶ
550 1334 680 1394 τοὺς
717 1333 1036 1394 πολιτικοὺς
1078 1334 1279 1399 λόγους
1309 1333 1621 1403 δεινότητος
1652 1333 1807 1402 ὅρον·

134 1417 214 1475 ὧν
246 1422 373 1474 οὔτε
409 1419 754 1490 προαιρέσεις
795 1422 1128 1490 ῐσχυρὰς***.
1182 1421 1380 1482 ταύτας
1412 1422 1478 1489 δὴ
1510 1422 1606 1483 τὰς
1642 1419 1808 1473 ἐπιτι-

135 1512 323 1580 μήσεις
361 1508 747 1562 ἀπολύσασθαι
785 1511 1124 1578 βουλόμενος
1159 1508 1385 1577 ἐχούσας
1422 1529 1475 1561 τι
1511 1510 1808 1579 θεατρικὸν

135 1596 226 1652 καὶ
265 1607 377 1650 τῶν
413 1601 635 1650 πολλῶν
673 1597 915 1665 ἀγωγόν,
964 1595 1089 1666 περὶ
1127 1594 1229 1666 μὲν
1269 1596 1506 1666 ἐμαυτοῦ
1543 1605 1810 1651 τοσοῦτον

135 1685 547 1757 ἀρκεσθήσομαι
592 1687 766 1754 μόνον
804 1686 999 1753 εἰπών,
1046 1685 1130 1738 ὅτι
1174 1686 1235 1738 τὸ
1281 1688 1603 1754 φιλόνεικον
1647 1694 1808 1739 τοῦτο

135 1773 226 1829 καὶ
280 1774 472 1843 δύσερι
525 1771 614 1826 καὶ
667 1777 1088 1843 προσυλακτοῦν
1142 1774 1258 1843 εἰκῇ
1311 1781 1482 1826 πᾶσιν
1534 1773 1595 1826 ἐν
1646 1773 1809 1827 παντὶ

0 1851 580 1933 ,’814πεφυλα1γμένος
625 1868 702 1933 τῷ
740 1864 842 1933 βίῳ
882 1860 1038 1931 μέχρι
1078 1869 1176 1915 τοῦ
1214 1864 1486 1931 παρόντος
1526 1861 1616 1915 καὶ
1656 1862 1810 1916 οὐδε-

134 1954 267 2021 μίαν
313 1950 623 2013 ἐκδεδωκὼς
672 1952 918 2020 γραφήν,
966 1950 1027 2002 ἐν
1071 1942 1106 2020 ᾗ
1150 1960 1432 2020 κατηγορῶ
1479 1971 1652 2019 τινος,
1708 1952 1807 2016 ἔξω

134 2047 260 2109 μιᾶς
296 2041 682 2108 πραγματείας,
720 2037 791 2106 ἣν
822 2038 1197 2107 συνεταξάμην
1234 2035 1372 2108 ὑπὲρ
1404 2046 1498 2107 τῆς
1528 2043 1810 2107 πολιτικῆς

135 2129 468 2197 φιλοσοφίας
518 2128 656 2197 πρὸς
710 2128 839 2188 τοὺς
890 2125 1318 2196 κατατρέχοντας
1372 2126 1539 2195 αὐτῆς
1592 2126 1810 2194 ἀδίκως,

136 2215 236 2269 οὐκ
274 2214 344 2268 ἂν
383 2214 701 2284 ἐπεχείρησα
740 2222 847 2267 νῦν
883 2224 1103 2284 πρῶτον
1133 2216 1212 2276 εἰς
1248 2216 1347 2267 τὸν
1378 2214 1810 2283 ἐπιφανέστατον

134 2313 245 2358 τῶν
276 2301 640 2372 συγγραφέων
670 2304 771 2370 τὴν
802 2301 913 2356 οὔτ’
954 2301 1269 2372 ἐλευθέροις
1299 2304 1461 2371 ἤθεσι
1490 2303 1810 2373 πρέπουσαν

136 2390 246 2446 οὔτ’
281 2390 496 2462 ἐμαυτῷ
519 2392 737 2458 συνήθη
762 2392 1096 2458 κακοήθειαν
1127 2389 1640 2445 ἐναποδείκνυσθαι.
1685 2392 1809 2463 περὶ

136 2477 198 2533 δὲ
234 2487 334 2532 τοῦ
373 2478 570 2546 γένους
607 2486 701 2546 τῆς
751 2486 966 2548 γραφῆς
1003 2481 1231 2532 πλείονα
1276 2476 1378 2548 μὲν
1424 2476 1574 2549 εἶχον
1613 2479 1809 2549 λέγειν,

137 2568 544 2639 ἀρκεσθήσομαι
585 2563 645 2619 δὲ
678 2565 899 2633 ὀλίγοις.
958 2568 1005 2620 εἰ
1037 2564 1097 2620 δὲ
1129 2566 1354 2636 ἀληθεῖς
1384 2566 1476 2621 καὶ
1506 2571 1808 2638 προσήκον-

254 2703 279 2742 2
310 2698 391 2742 τὸν
435 2704 527 2741 τῶν
550 2697 584 2739 Ρ
703 2702 730 2740 4
764 2696 844 2740 καὶ
875 2694 976 2740 οὐδ’
1014 2693 1148 2749 οὗτος
1177 2696 1286 2741 libri
1415 2703 1440 2742 8
1471 2698 1637 2755 μόναις
1667 2699 1805 2743 MPf:

138 2770 240 2802 corr
269 2756 403 2801 Kiess
425 2755 579 2812 ingius
716 2760 741 2798 9
774 2754 1119 2811 ἀναφεραίτους
1142 2756 1178 2799 Ρ
1301 2763 1355 2800 14
1387 2757 1517 2801 hiare
1550 2757 1808 2802 orationem

138 2815 352 2860 Reiskius
391 2813 639 2871 perspexi&
703 2813 797 2858 alio
835 2813 1066 2870 pertinere
1114 2815 1258 2860 uerba
1298 2812 1612 2874 ὦν-ἰσχυράς
1650 2816 1803 2860 Kiess-

138 2873 311 2930 lingius
334 2873 534 2930 putabat
561 2875 568 2929 Ι
595 2872 826 2931 ἰσχρὸιςΡ1
903 2878 955 2917 17
984 2874 1125 2918 εἰπὼν
1141 2874 1255 2918 MP:
1282 2875 1429 2919 εἰπεῖν
1453 2875 1477 2917 f
1563 2878 1616 2918 18
1641 2876 1801 2932 πᾶσιν]

6 2932 65 2964 ‘⁴⁸⁸'
139 2933 255 2977 τισὶν
284 2932 410 2976 MPf
527 2937 578 2975 19
611 2929 971 2989 πεφυλαγμένως
1000 2948 1056 2990 pr
1079 2933 1115 2976 P
1236 2938 1290 2976 27
1323 2931 1368 2976 δ’
1398 2948 1420 2976 r

1828 641 1851 674 5

1832 1085 1873 1117 10

1835 1526 1876 1558 15

1832 1969 1874 2000 20

1835 2409 1878 2442 25
