2004 3202
174 189 281 242 184
588 189 930 233 ΔΙοΝΤΣῙοΤ
959 186 1427 230 ΑΜΚΑΡΝΑΣΕΩΣ

170 328 248 379 ἔα.
308 323 399 378 καὶ
438 334 551 387 πῶς
591 326 674 378 ἔνι
705 322 855 377 ταῦτ’
887 324 1081 386 εἰπεῖν;
1119 320 1448 374 τούναντίον
1479 323 1583 392 γὰρ
1617 321 1849 383 ἅπαντες

173 419 375 482 ἴσασιν,
414 414 497 466 ὅτι
536 414 750 465 πλειόνι
782 410 1044 518 κέχρηται
1083 412 1371 481 φιλοτιμίᾳ
1399 408 1525 480 περὶ
1556 410 1657 478 τὴν
1689 407 1849 479 ἑρμη-

173 506 329 556 νείαν
360 502 388 556 ὁ
423 503 729 571 φιλόσοφος
759 499 793 567 ἢ
824 497 949 568 περὶ
980 499 1047 551 τὰ
1084 498 1386 568 πράγματα.
1447 501 1616 568 μυριά
1648 498 1849 550 τούτου

173 593 435 662 τεκμήρια
481 588 672 659 φέρειν
718 589 831 657 ε”χοι
878 606 960 649 τις
1007 588 1099 655 άν,
1150 585 1267 639 ἀλλ’
1307 586 1516 657 ἀπόχρη
1564 588 1727 654 λόγος
1773 578 1851 648 εἷς

129 696 151 729 5
176 676 336 741 οὗτος
383 677 759 741 ἐπιδείξασθαι
805 676 907 743 τὴν
951 676 1355 728 κενοσπουδίαν
1398 683 1498 728 τοῦ
1545 675 1852 744 ἀνδρός,ἡ
1817 695 1852 744 ῃ

174 766 428 837 κέχρηται
469 764 593 836 περὶ
631 765 729 817 τὸν
766 764 1023 834 περιττὸν
1060 765 1448 832 καλλωπισμὸν
1485 770 1579 831 τῆς
1619 763 1852 830 ἀπαγγε-

177 860 311 918 λίας.
372 855 565 908 αὐτίκα
604 873 666 921 γε
698 848 801 906 οὗν
831 861 946 915 τοῖς
983 851 1402 923 προειρημένοις
1437 849 1703 913 ἐπιτιθεὶς
1735 851 1865 903 διά-Ἰ

177 945 338 997 νοιάν
383 963 506 996 τινα
552 943 676 994 οὔτε
728 941 988 1012 περιττὴν
1035 942 1161 994 οὔτε
1213 941 1554 1010 θαυμαστὴν
1587 938 1706 992 ἀλλ’
1743 939 1851 992 ὑπὸ

176 1037 395 1085 πολλῶν
427 1029 719 1101 εἰρημένην
749 1029 840 1082 καὶ
878 1031 1141 1092 πολλάκις
1172 1027 1282 1101 (ὅτι
1320 1031 1425 1100 γὰρ
1465 1029 1495 1083 ὁ
1530 1038 1642 1082 τῶν
1671 1034 1855 1082 καλῶν
1993 1095 1999 1116 s

111 1138 154 1169 10
178 1123 355 1190 ἔργων
396 1120 401 1188 Ι
444 1122 666 1181 ἔπαινος
705 1118 1021 1181 ἀθανάτους
1058 1120 1153 1180 τὰς
1191 1119 1349 1187 τιμὰς
1392 1117 1484 1171 καὶ
1522 1120 1616 1180 τὰς
1662 1120 1796 1187 μνη·
1830 1131 1942 1170 1033
1995 1127 1997 1190 j

177 1230 279 1278 μας
317 1209 549 1261 δύναται
585 1216 768 1261 ποιεῖν
804 1217 919 1270 τοῖς
958 1207 1215 1276 ἀγαθοῖς,
1254 1210 1474 1278 μυρίοις
1512 1217 1624 1260 τῶν
1659 1209 1856 1276 ἔμπρο-

179 1303 316 1350 σθεν
341 1294 595 1368 εἴρηται),
628 1297 874 1349 συνιδὼν
899 1293 1073 1349 οὐθὲν
1098 1297 1223 1349 οὔτε
1248 1297 1427 1365 σοφὸν
1451 1296 1576 1348 οὔτε
1599 1297 1857 1366 περιττὸν

177 1387 278 1454 τὴν
301 1387 527 1454 γνώμην
551 1387 803 1454 ἔχουσαν,
829 1386 961 1455 ὅπερ
989 1380 1139 1453 οἶμαι
1163 1385 1360 1438 λοιπὸν
1383 1381 1469 1453 ἦν,
1498 1384 1610 1456 <τῷ
1636 1385 1858 1453 κάλλει)

178 1481 271 1542 τῆς
311 1472 596 1544 ἑρμηνείας
643 1473 816 1542 αὐτὴν
853 1473 1083 1542 ἡδύνειν
1121 1474 1392 1541 βούλεται.
1461 1471 1636 1525 ἔπειθ’
1675 1473 1856 1541 ὥσπερ

112 1577 154 1609 15
179 1564 244 1614 τὰ
290 1563 542 1631 μειράκια
588 1564 825 1631 καταβὰς
872 1561 976 1615 ἀπὸ
1023 1571 1134 1614 τῶν
1175 1564 1448 1628 γενναίων
1492 1559 1583 1613 καὶ
1629 1564 1859 1629 μεγαλο-

178 1659 403 1720 πρεπῶν
442 1650 728 1719 ὀνομάτων
770 1670 827 1703 τε
872 1649 962 1703 καὶ
1011 1651 1300 1720 σχημάτων
1347 1649 1435 1703 ἐπὶ
1481 1652 1547 1703 τὰ
1593 1635 1859 1719 θεατρικὰ

180 1741 246 1791 τὰ
279 1741 538 1808 Γοργίεια
570 1736 725 1790 ταυτὶ
757 1741 1132 1808 παραγίνεται,
1171 1740 1266 1801 τὰς
1297 1736 1607 1800 ἀντιθέσεις
1643 1735 1734 1789 καὶ
1765 1738 1860 1798 τὰς

181 1827 511 1896 παρισώσεις
558 1825 722 1894 λέγω,
768 1825 858 1878 καὶ
906 1828 998 1879 διὰ
1044 1837 1155 1880 τῶν
1193 1829 1378 1897 λήρων
1416 1826 1630 1879 τούτων
1671 1834 1862 1894 κοσμεῖ

182 1916 283 1983 τὴν
322 1916 542 1984 φράσιν.

95 2003 166 2054 26
295 2002 616 2071 ἀκούσωμεν
655 2000 716 2055 δὲ
759 2002 954 2070 αὐτοῦ,
1000 2012 1113 2065 πῶς
1151 2001 1321 2071 λέγει·
1374 2001 1617 2074 υἘργων
1654 2004 1758 2072 γὰρ
1799 1997 1860 2054 εὗ

118 2110 161 2140 21
183 2090 547 2162 πραχθέντων
593 2093 737 2162 λόγῳ
783 2095 961 2153 καλῶς
1008 2089 1237 2162 ῥηθέντι
1282 2093 1465 2160 μνήμη
1518 2089 1608 2143 καὶ
1661 2092 1862 2159 κόσμος

185 2189 300 2242 τοῖς
359 2179 593 2250 πράξασι
662 2182 872 2246 γίνεται
931 2181 1078 2250 παρὰ
1138 2189 1249 2232 τῶν
1303 2179 1693 2232 ἀκουσάντων.’
1777 2177 1863 2230 ε’ν-

186 2274 369 2322 ταῦθα
421 2277 535 2330 τοῖς
596 2265 696 2336 μὲν
750 2270 933 2338 ἔργοις
987 2268 1015 2321 ὁ
1073 2270 1236 2335 λόγος
1289 2267 1611 2336 ἀντίκειται,
1673 2274 1748 2338 τῷ
1802 2265 1864 2319 δὲ

186 2363 502 2426 πραχθῆναι
542 2357 600 2408 τὸ
643 2357 906 2426 ῥηθῆναι,
952 2359 1363 2426 μετωνόμασται
1401 2354 1463 2409 δὲ
1501 2355 1625 2409 ἀντὶ
1662 2365 1762 2409 τοῦ
1801 2352 1863 2408 εὖ

308 2505 364 2543 20
395 2500 640 2544 Menexeni
672 2505 784 2544 2360
817 2501 866 2543 ef
891 2501 1081 2557 Dionys
1113 2501 1170 2546 de
1202 2515 1348 2557 comp.
1381 2516 1412 2557 p
1435 2505 1492 2544 49
1517 2501 1558 2544 R

309 2637 332 2674 1
366 2647 452 2675 ταυ
575 2639 702 2676 επεῖν
734 2632 783 2675 in
813 2648 893 2689 mg
937 2650 1107 2678 ταυτον
1140 2632 1189 2677 εἴ
1211 2634 1248 2676 Β
1341 2638 1366 2676 2
1397 2630 1587 2677 πλείωνι
1609 2632 1645 2675 Ρ
1688 2631 1693 2690 Ι
1738 2631 1865 2687 ἑρμε-

190 2688 324 2735 νείαν
347 2691 406 2733 Ρ1
518 2695 546 2732 4
579 2688 662 2747 εἷς]
705 2690 769 2740 εἴς
799 2707 851 2734 το
883 2692 919 2734 Β
1012 2698 1037 2736 6
1070 2692 1282 2748 περιττὸν
1314 2692 1382 2736 M:
1421 2691 1527 2746 περὶ
1557 2691 1638 2735 τὸν
1671 2691 1707 2733 Ρ
1760 2692 1867 2746 περὶ

189 2750 271 2794 τὸν
294 2748 507 2804 περιττὸν
531 2749 567 2791 Β
605 2751 609 2806 Ι
643 2756 697 2805 τῆ
703 2766 724 2799 ς
747 2749 819 2792 bis
845 2751 880 2792 P
983 2755 1037 2795 13
1069 2751 1144 2795 lac
1167 2751 1230 2795 IV
1258 2750 1338 2794 libb
1360 2750 1430 2806 M,
1455 2750 1620 2793 V—VI
1644 2749 1694 2805 B,
1719 2749 1784 2792 VI
1806 2751 1865 2795 P:

192 2807 429 2865 suppleuit
461 2807 666 2851 Sadaeus
760 2814 812 2852 17
842 2808 1059 2865 Γοργίεια
1081 2809 1320 2854 Reiskius:
1353 2807 1539 2866 γόργεια
1628 2812 1682 2851 18
1715 2823 1866 2864 παρα-

192 2869 349 2918 σώσεις
379 2867 415 2910 Ρ
458 2868 463 2923 Ι
506 2866 622 2923 λόγω
654 2866 736 2909 ΒΡ
858 2872 914 2910 20
948 2867 1091 2925 ἔργων
1117 2871 1186 2913 H:
1217 2876 1308 2913 τῶν
1331 2867 1424 2910 ΜΡ
1475 2875 1567 2912 τῶν
1595 2874 1688 2911 τῶν
1711 2867 1748 2910 Β

191 2932 245 3029 (231
266 2926 395 3029 Ιλόγῳ
421 2939 494 2968 om
518 2926 553 2968 P
646 2930 700 2967 22
732 2924 950 2984 πράξασι]
983 2942 1124 2982 πρασι
1154 2927 1192 2970 Β
1294 2931 1349 2970 24
1381 2925 1729 2982 μετονόμασθαι
1759 2926 1830 2968 Μ1
1857 2926 1864 2985 Ι

309 3000 339 3029 v
