2004 3202
192 166 219 216 1
231 164 298 217 72
614 166 954 210 ΔΙΟΝΥΣΙΟΤ
983 165 1453 208 ΑΛΙΚΑΡΝΑΣΕῼΣ

187 300 506 354 κεκύκλωκε.
583 298 781 370 τροπαὶ
837 297 897 352 δὲ
949 298 1040 351 καὶ
1101 297 1396 368 μεταβολαὶ
1456 298 1547 352 καὶ
1599 303 1867 357 ποικιλίαι

190 387 509 460 σχημάξτων,
551 388 583 441 ἃ
621 387 829 457 πέφυκε
868 387 1023 440 λύειν
1061 388 1159 440 τὸν
1197 395 1291 455 τῆς
1329 389 1579 451 διανοίας
1616 391 1807 458 κόπον,
1841 402 1954 459 1015
1998 391 2004 446 ἰ

190 476 453 546 οὐδαμοῦ.
526 478 703 530 πολλὰ
750 478 819 528 ἄν
863 495 946 538 τις
991 477 1107 544 ἔχοι
1159 483 1386 529 τοιαῦτα
1441 476 1694 546 ἐπιτιμᾶν
1731 475 1867 531 Ἰσο-Δ
2000 487 2004 494 “

189 566 374 634 κράτει
412 574 523 618 τῶν
552 564 677 635 περὶ
715 565 815 632 τὴν
848 563 1135 617 διάλεκτον
1175 552 1560 634 ἐλλειμμάτων,
1600 564 1738 618 ἀλλὰ
1776 563 1868 618 καὶ

146 674 166 706 5
190 652 355 706 ταῦθ’
389 654 561 706 ἱκανοί.

102 745 168 798 21
206 728 208 732 ,
300 741 603 809 εἰσαγέσθω
637 742 704 809 δὴ
737 743 871 810 μετὰ
900 748 1101 802 τοῦτον
1133 740 1161 794 ὁ
1190 740 1576 810 Δημοσθένης,
1615 740 1704 794 καὶ
1737 747 1868 811 λαμ-

190 830 445 899 βανέσθω
493 829 748 882 κάκείνου
788 828 929 893 λέξις
976 828 1033 882 ἐκ
1083 837 1210 898 μιᾶς
1255 839 1367 882 τῶν
1410 832 1546 883 κατὰ
1589 833 1869 883 Φιλίππου

191 920 550 988 δημηγορίας,
598 916 669 970 δι’
707 914 772 985 ἧς
816 917 908 970 καὶ
956 917 1120 980 αὐτὸς
1160 919 1444 988 συγκρίνει
1482 920 1549 971 τὰ
1587 918 1712 972 καθ’
1747 918 1869 971 ἑαυ-

190 1008 287 1060 τὸν
318 1010 450 1077 ἔργα
480 1015 596 1068 τοῖς
629 1004 716 1058 ἐπὶ
749 1015 859 1059 τῶν
889 1009 1182 1076 προγόνων
1216 1005 1306 1059 καὶ
1342 1009 1471 1069 τοὺς
1509 1006 1669 1069 νεόυς
1701 1007 1869 1076 δημα-

123 1116 166 1148 10
191 1098 404 1163 γωγοὺς
441 1104 555 1157 τοῖς
601 1100 879 1163 παλαιοῖς,
927 1096 994 1148 οὐ
1036 1094 1162 1149 καθ’
1203 1096 1264 1148 ἓν
1303 1098 1468 1166 ἔργον
1506 1095 1736 1148 ἕκαστον
1774 1094 1869 1164 ἆρ-

188 1193 348 1252 χαῖον
383 1186 523 1255 ἔργῳ
563 1190 736 1255 καινῷ
774 1183 1100 1255 παρατιθεὶς
1139 1181 1270 1237 οὐδὲ
1308 1186 1485 1237 πάντα
1524 1188 1870 1253 μικρολογῶν

190 1275 495 1341 συγκρίσει,
540 1271 679 1325 ἀλλὰ
719 1273 818 1342 ὅλῃ
858 1273 958 1343 <W
997 1271 1189 1342 θέσει>
1226 1274 1556 1342 ποιούμενος
1596 1273 1732 1341 ὅλην
1769 1273 1870 1339 τὴν

190 1360 478 1413 ἀντίθεσιν
510 1360 823 1430 διεξοδικὴν
854 1361 1053 1424 οὕτως·
1102 1362 1317 1414 ςΚαίτοι
1358 1361 1654 1430 σκέψασθε,
1693 1358 1735 1414 ὦ
1776 1362 1870 1413 ἄν·

172 1451 317 1519 «δρες
345 1448 652 1518 Ἀθηναῖοι,
691 1450 725 1502 ἅ
763 1469 846 1511 τις
884 1449 954 1502 ἂν
991 1451 1261 1518 κεφάλαια
1301 1451 1475 1503 εἰπεῖν
1514 1452 1629 1518 ἔχοι
1666 1458 1778 1501 τῶν
1811 1468 1870 1501 τε

121 1556 163 1588 15
191 1536 277 1590 ἐπὶ
323 1547 434 1590 τῶν
479 1540 772 1607 προγόνων
818 1540 996 1608 ἔργων
1047 1536 1139 1590 καὶ
1192 1547 1304 1590 τῶν
1350 1537 1437 1607 ἐφ’
1478 1538 1648 1607 ὑμῶν.
1718 1539 1869 1589 ἔσται

190 1623 250 1678 δὲ
289 1627 497 1695 βραχὺς
534 1623 625 1677 καὶ
665 1625 942 1695 γνώριμος
979 1626 1114 1694 ὑμῖν
1146 1625 1174 1678 ὁ
1214 1627 1391 1692 λόγος.
1457 1625 1524 1678 οὐ
1563 1627 1667 1695 γὰρ
1708 1625 1868 1678 ἀλλο-

189 1716 360 1783 τρίοις
399 1712 700 1783 χρωμένοις
737 1713 871 1782 ὑμῖν
904 1714 1342 1783 παραδείγμασιν
1376 1712 1492 1766 ἀλλ’
1536 1714 1541 1782 Ι
1578 1715 1817 1781 οἰκείοις,
1844 1727 1958 1767 1016

189 1799 231 1854 ὦ
265 1803 461 1871 ἄνδρες
484 1800 792 1869 Ἀθηναῖοι,
824 1800 1147 1870 εὐδαίμοσιν
1178 1801 1350 1865 ἔξεστι
1381 1805 1687 1869 γίγνεσθαι.
1735 1801 1869 1855 ἐκεῖ-

190 1910 278 1942 νοι
316 1893 525 1957 τοίνυν,
566 1882 648 1951 οἷς
688 1889 789 1942 οὐκ
828 1888 1138 1959 ἐχαρίζοντο
1179 1891 1232 1942 οἱ
1270 1888 1547 1958 λέγοντες,
1595 1889 1714 1943 οὐδ’
1751 1889 1868 1959 ἐφί-

123 1995 167 2027 20
191 1982 329 2030 λουν
367 1977 592 2045 αὐτούς,
639 1979 820 2047 ὥσπερ
868 1978 1009 2046 ὑμᾶς
1056 1974 1210 2031 οὗτοι
1256 1986 1387 2046 νῦν,
1433 1977 1594 2031 πέντε
1639 1975 1740 2048 μὲν
1777 1977 1868 2031 καὶ

190 2066 586 2135 τετταράκοντα
618 2067 709 2133 ἔτη
741 2074 852 2118 τῶν
883 2065 1163 2133 Ἑλλήνων
1193 2061 1366 2136 ἧρξαν
1397 2065 1660 2119 ἑκόντων·
1699 2069 1867 2119 πλείω

191 2153 238 2206 δ’
283 2153 317 2222 ἢ
375 2155 545 2225 μύρια
598 2155 837 2206 τάλαντα
895 2156 971 2216 εἰς
1025 2155 1126 2222 τὴν
1172 2154 1474 2224 ἀκρόπολιν
1528 2157 1867 2223 συνήγαγον·

311 2333 365 2372 13
397 2328 732 2372 Demosthenes
767 2327 955 2384 Olynth.
987 2328 1053 2371 III
1085 2333 1258 2372 23—32

311 2495 333 2532 1
368 2490 666 2546 κεκύκλωκε·]
703 2490 872 2533 κύκλω·
906 2490 986 2533 καὶ
1016 2490 1194 2534 MBPv
1301 2495 1325 2533 2
1358 2487 1566 2546 πέφυκεν
1590 2490 1626 2534 Ρ
1669 2492 1675 2547 Ι
1717 2489 1866 2534 κόπον

190 2547 431 2592 Reiskius:
478 2549 651 2592 σκοπὸν
771 2553 796 2591 3
831 2547 960 2606 ἔχ[ει]
1001 2563 1106 2592 cum
1136 2563 1211 2592 ras
1242 2549 1292 2591 M
1334 2550 1339 2606 Ι
1380 2555 1573 2592 τοιαῦτα
1602 2548 1671 2605 Μ,
1695 2547 1734 2591 Β
1765 2563 1863 2605 mg:

191 2605 336 2651 πολλὰ
367 2607 404 2648 Β
436 2606 485 2649 in
516 2609 669 2662 textu,
701 2607 737 2649 P
826 2613 854 2650 4
887 2606 1193 2664 ἐλλειμμάτων
1217 2607 1311 2650 ΜΒ
1342 2606 1581 2651 Reiskius:
1614 2605 1803 2663 μμάτων
1830 2609 1867 2651 Ρ

193 2664 404 2722 ἐμμάτων
428 2680 458 2709 v
550 2670 575 2708 6
598 2663 1040 2723 δὴ-λαμβανέσθω
1070 2680 1314 2723 perperam
1344 2666 1516 2710 iterata
1538 2665 1589 2708 in
1612 2665 1648 2707 B
1680 2666 1866 2722 punctis

194 2724 407 2768 delentur
497 2727 522 2766 8
556 2722 630 2779 δη’
650 2720 704 2778 ἧς
726 2725 763 2767 Ρ
855 2730 907 2767 11
941 2725 1164 2783 ἀρχαῖ[ον
1191 2724 1325 2792 ἔρ]γῳ
1348 2739 1453 2769 cum
1475 2738 1550 2767 ras
1574 2724 1623 2767 M
1658 2726 1663 2781 Ι
1698 2725 1865 2783 καινῷ]

193 2788 257 2842 νῷ
287 2785 453 2839 postea
485 2783 579 2825 add
610 2782 658 2824 M
756 2787 810 2824 12
842 2790 896 2840 τῇ
927 2781 1058 2827 θέσει
1088 2783 1305 2828 Reiskms
1336 2783 1534 2827 inseruit
1633 2788 1685 2826 15
1723 2782 1865 2839 ἔργων

193 2857 269 2886 om
291 2843 327 2885 P
355 2843 360 2897 1
387 2841 517 2897 ἡμῶν
541 2856 570 2883 v
662 2845 714 2884 16
748 2841 827 2884 καὶ
859 2855 934 2884 om
961 2842 1042 2885 BP
1135 2847 1188 2886 17
1220 2840 1461 2900 χρομένοις
1483 2842 1566 2885 ΒΡ
1611 2842 1720 2898 ὑμῖν
1751 2859 1866 2900 χρω-

193 2899 349 2957 μένοις
371 2900 410 2943 D
447 2903 452 2956 Ι
488 2898 648 2943 ἀλλ’-
665 2897 933 2955 εὐδαίμοσιν
957 2901 1051 2943 add
1075 2901 1137 2944 13²
1227 2906 1280 2944 18
1314 2897 1348 2944 ὦ
1373 2899 1616 2957 Ἀθηναῖοι
1646 2901 1695 2943 in
1722 2900 1866 2945 litura

191 2961 229 3004 B
266 2963 271 3017 Ι
309 2957 582 3016 γίγναισθαι
606 2959 642 3001 Ρ
688 2955 908 3014 γενέσθαι
932 2958 972 3001 D
1067 2965 1120 3004 19
1154 2959 1217 3017 οἱ]
1250 2975 1292 3004 σι
1315 2960 1352 3003 Ρ
1443 2964 1497 3003 22
1530 2958 1578 3017 ἢ]
1613 2959 1654 3003 εἰ
1683 2961 1719 3003 Ρ
