2004 3202
818 120 1242 164 ΔΗΜΟΣΘΕΝΗΣ
1760 120 1864 173 133

99 267 184 308 960
205 255 368 324 ἡνίκα
409 257 415 324 Ι
458 264 672 309 σιωπᾶν
711 255 916 326 ἀπέχρη
963 264 1078 318 τοῖς
1124 254 1434 326 νεωτέροις,
1481 265 1591 308 τῶν
1629 276 1685 308 τε
1730 275 1866 326 πρα-

186 345 408 412 γμάτων
438 343 539 397 οὐκ
578 343 995 411 ἀναγκαζόντων
1026 344 1316 414 ἀγορεύειν
1353 342 1443 396 καὶ
1483 353 1594 397 τῶν
1631 348 1866 413 πρεσβυ-

186 431 361 501 τέρων
406 432 591 503 ὀρθῶς
643 432 745 500 τὴν
797 434 963 486 πόλιν
1009 431 1495 502 ἐπιτροπευόντων.
1574 431 1759 500 ἐπειδὴ
1808 431 1859 484 δ’

187 522 264 582 εἰς
302 528 557 573 τοιοῦτον
594 519 734 589 ἡμᾶς
772 519 1004 574 ἀνέθετο
1042 522 1247 590 χρόνον
1286 520 1315 574 ὁ
1355 522 1593 590 δαίμων,
1644 522 1780 574 ὥστε
1856 562 1866 572 .

363 650 374 661 .
452 616 547 677 τῆς
591 611 798 671 πόλεως
849 609 1098 678 ἀκούειν,
1153 611 1248 672 τὰς
1295 606 1356 662 δὲ
1403 611 1692 679 συμφορὰς
1768 650 1779 661 .
1857 650 1867 661 .
1914 624 1934 656 ⁵

187 697 388 760 αὐτοὺς
441 695 531 749 καὶ
587 698 799 750 τούτων
844 699 909 750 τὰ
955 696 1183 767 μέγιστα
1228 698 1301 766 μὴ
1346 703 1498 751 θεῶν
1547 700 1680 768 ἔργα
1728 693 1868 751 εἶναι

186 783 323 855 μηδὲ
363 794 457 854 τῆς
495 786 661 854 τύχης
700 786 838 839 ἀλλὰ
869 796 980 839 τῶν
1013 785 1474 855 ἐπιμεληθέντων,
1514 786 1724 855 ἀνάγκη
1759 784 1869 855 [δὲ]

187 874 383 943 λέγειν.
422 874 455 943 ἢ
485 876 589 945 γὰρ
615 875 950 943 ἀναίσθητος
976 874 1009 943 ἢ
1038 876 1498 946 καρτερικώτατός
1524 875 1691 943 ε’στιν,
1723 876 1871 938 ὅστις

188 963 642 1033 ἐνεξαμαρτάνειν
674 962 871 1016 ἑαυτὸν
902 966 982 1016 ἔτι
1011 962 1230 1034 παρέξει
1259 973 1374 1027 τοῖς
1397 964 1758 1034 βουλομένοις
1780 962 1870 1016 καὶ

188 1061 282 1121 τῆς
322 1051 523 1123 ἑτέρων
563 1052 856 1121 ἐπιβουλῆς
894 1073 950 1105 τε
999 1051 1090 1105 καὶ
1129 1055 1319 1115 κακίας
1365 1053 1529 1116 αὐτὸς
1572 1054 1872 1122 ὑποσχήσει
1897 1069 1938 1100 10

188 1143 284 1204 τὰς
330 1143 519 1204 αἰτίας.
597 1143 717 1204 ἅλις
770 1143 873 1211 γὰρ
924 1141 1057 1210 ἡμῖν
1104 1141 1132 1194 ὁ
1178 1143 1478 1212 παρελθὼν
1531 1145 1729 1212 χρόνος
1781 1140 1871 1195 καὶ

189 1230 312 1283 ἀντὶ
362 1227 464 1299 μὲν
510 1231 730 1300 εἰρήνης
776 1229 836 1282 ἐν
881 1228 1098 1302 πολέμῳ
1153 1229 1414 1298 γενέσθαι
1467 1230 1555 1284 καὶ
1611 1231 1873 1302 κινδύνῳ,

190 1321 267 1382 εἰς
314 1320 475 1372 τόνδε
523 1320 620 1371 τὸν
666 1321 870 1388 χρόνον
924 1320 1025 1387 τὴν
1071 1316 1173 1387 μὲν
1218 1324 1613 1389 παρελθοῦσαν
1664 1318 1875 1389 ἡμέραν

190 1409 464 1476 ἀγαπῶσι,
503 1408 605 1475 τὴν
643 1406 695 1460 δ’
737 1406 1002 1461 ἐπιοῦσαν
1041 1409 1311 1477 δεδιόσιν,
1363 1407 1484 1461 ἀντὶ
1526 1408 1576 1461 δ’
1616 1408 1876 1477 ὁμονοίας

190 1499 268 1559 εἰς
299 1499 510 1567 ἔχθραν
540 1494 631 1549 καὶ
663 1497 900 1565 ταραχὰς
929 1497 1067 1566 πρὸς
1099 1496 1372 1565 ἀλλήλους
1406 1495 1721 1566 ἀφικέσθαι.
1783 1494 1873 1548 καὶ
1900 1511 1941 1544 15

103 1600 183 1638 961
212 1588 342 1648 τοὺς
379 1582 482 1655 μὲν
520 1587 723 1648 ἄλλους
758 1586 763 1653 1
799 1586 860 1638 τὸ
891 1590 1107 1653 πλῆθος
1138 1595 1250 1638 τῶν
1281 1585 1512 1653 ἀγαθῶν
1542 1586 1787 1655 ὑβρίζειν
1818 1604 1876 1637 τε

190 1685 336 1728 ποιεῖ
374 1673 463 1727 καὶ
504 1674 834 1739 στασιάζειν,
884 1673 1039 1742 ἡμεῖς
1078 1670 1138 1726 δὲ
1177 1675 1310 1742 μετὰ
1349 1670 1451 1742 μὲν
1488 1683 1599 1726 τῶν
1646 1673 1877 1740 ἀγαθῶν

193 1763 643 1834 ἐσωφρονοῦμεν,
699 1762 759 1814 ἐν
806 1759 866 1815 δὲ
914 1770 1029 1824 τοῖς
1074 1771 1260 1824 κακοῖς
1315 1761 1612 1831 ἐμάνημεν,
1668 1762 1701 1814 ἃ
1746 1763 1876 1823 τοὺς

193 1854 394 1914 ἄλλους
449 1854 812 1921 σωφρονίζειν
865 1856 1080 1904 εἴωθεν.
1156 1852 1214 1903 τί
1256 1851 1392 1919 δῆτα
1442 1849 1629 1919 μέλλοι
1680 1871 1762 1914 τις
1808 1849 1878 1903 ἂν

192 1942 549 2008 γεγωνίσκειν
589 1939 836 2008 [εἰπεῖν],
884 1940 989 2012 ὅτῳ
1037 1959 1099 2007 γε
1139 1981 1149 1992 .
1183 1980 1194 1992 .
1228 1981 1239 1992 .
1279 1944 1577 1993 λυπεῖσθαι
1630 1939 1715 1993 ἐπὶ
1763 1948 1877 2002 τοῖς
1901 1955 1943 1987 20

313 2104 339 2142 3
373 2098 534 2155 ἐπειδὴ
566 2096 611 2142 δ’
640 2101 806 2156 postea
845 2099 940 2142 add
970 2099 1039 2154 M,
1084 2100 1112 2155 ὴ
1144 2099 1195 2142 111
1225 2113 1322 2143 ras:
1363 2100 1442 2143 καὶ
1482 2099 1642 2156 ἐπειδὴ
1675 2099 1758 2143 ΒΡ

192 2164 221 2202 4
252 2165 473 2203 τοσοῦτον
505 2158 588 2201 ΒΡ
627 2160 633 2215 Ι
674 2158 811 2214 ἡμοῖς
841 2157 878 2201 Ρ
969 2163 996 2201 4
1029 2161 1076 2202 et
1108 2164 1133 2202 5
1166 2158 1241 2202 lac
1271 2158 1357 2201 XX
1387 2158 1467 2202 litt
1498 2159 1566 2214 M,
1598 2158 1683 2202 XV
1715 2158 1795 2202 litt
1826 2158 1876 2215 B,

194 2218 301 2262 XVI
326 2218 414 2262 -litt
445 2219 493 2262 et
523 2230 684 2260 uersus
715 2217 862 2261 totius
887 2217 923 2260 P
1016 2223 1042 2260 5
1074 2217 1146 2261 lac
1176 2217 1283 2260 XIX
1314 2217 1393 2261 litt
1416 2217 1479 2273 M,
1511 2217 1592 2273 qui
1616 2232 1709 2261 non
1732 2217 1878 2261 habet

195 2277 286 2321 nini
328 2292 504 2334 συμφο,
552 2282 794 2332 συμφορᾶς
834 2276 1000 2320 deinde
1041 2276 1115 2319 lac
1146 2276 1253 2319 XIII
1291 2275 1387 2320 fere
1420 2233 1588 2331 118th
1636 2276 1878 2349 συμφορὰς

195 2351 299 2380 cum
330 2336 405 2380 lac
428 2311 516 2379 V1'1
547 2335 626 2379 litt
657 2335 693 2379 P
817 2340 840 2378 7
873 2335 1030 2393 τύχης]
1062 2333 1225 2393 τέχνης
1257 2335 1318 2392 μὴ
1350 2333 1402 2379 δε
1434 2342 1514 2391 τῆς
1544 2352 1598 2379 τυ
1601 2353 1684 2394 χης
1707 2337 1744 2379 Β
1780 2338 1785 2393 Ι
1825 2333 1877 2379 δε

196 2395 352 2440 deleui
410 2395 469 2451 δὴ
510 2394 786 2451 Sylburgius
908 2398 934 2437 8
974 2395 1319 2451 καρτερώτατος
1357 2395 1664 2439 MBP=cor1
1702 2395 1879 2439 Usener

314 2460 339 2498 9
374 2452 763 2509 ἐνεξαμαρτάνειν
795 2453 1033 2499 Reiskius:
1075 2452 1412 2510 ἐξαμαρτάνειν
1579 2459 1633 2498 10
1665 2453 1877 2524 ὑποσχεί-

196 2529 263 2557 σει
295 2514 331 2557 Ρ
476 2518 528 2557 11
570 2513 650 2557 καὶ
691 2512 766 2556 del
807 2511 1039 2569 Sauppius
1079 2512 1172 2557 fort
1210 2513 1406 2558 uerbum
1443 2513 1563 2557 latet
1712 2519 1765 2558 12
1807 2511 1878 2570 γε’-

196 2575 394 2617 ναισθαι
424 2573 460 2616 Ρ
504 2574 509 2629 Ι
552 2572 775 2631 κινδύνῳ]
816 2570 896 2615 διὰ
935 2572 1169 2617 κινδύνων
1199 2572 1294 2616 ΜΒ
1349 2571 1431 2617 διὰ
1470 2570 1692 2617 κίνδυνον
1725 2573 1760 2616 Ρ

198 2636 252 2675 13
284 2639 427 2689 τῆςμ
395 2629 480 2688 μὲν
503 2632 540 2675 Ρ
649 2636 703 2674 14
728 2618 929 2686 ὁμονίας
959 2631 996 2675 Ρ
1104 2637 1157 2676 16
1189 2630 1459 2704 ὑβρίζειν-
1471 2637 1523 2675 17
1549 2627 1747 2706 ἀγαθῶν
1779 2631 1878 2675 sine

195 2690 392 2735 lacunae
425 2690 600 2734 indicio
634 2704 710 2734 om
739 2690 814 2733 Pv
931 2694 984 2734 18
1024 2689 1273 2748 ἐμάνημεν,
1306 2689 1337 2734 ἃ
1369 2691 1438 2735 M:
1485 2690 1630 2747 ἐμάνν
1663 2707 1747 2747 μεν
1780 2690 1808 2734 ἃ
1842 2690 1878 2732 Β

198 2748 344 2806 ἐμάνη
385 2748 483 2805 μέν,
525 2748 649 2800 ὃςΡ
800 2753 855 2791 20
896 2747 1208 2816 γεγωνίσκειν]
1257 2751 1527 2807 γιγνώσκειν
1561 2750 1708 2795 εἰπεῖν
1740 2749 1878 2793 ΜΒΡ

197 2807 1678 2939 {22:²⁶⁰{²522u1322⁸‘33313'u3053}33¹3st{²312⁰2⁶;2'305522⁸‘3&?2¹355
1700 2810 1879 2920 fldffif

197 2929 304 2980 post
336 2925 536 2983 νομίζειν
569 2926 702 2970 Blass
