2004 3202
179 143 288 196 230
595 144 935 187 ΔΙοΝΤΣΙοΤ
964 142 1428 186 ΑΜΚΑΡΝΑΣΕΩΣ

175 286 376 349 μοῖραν
416 278 667 348 ἐχούσας,
706 286 799 347 τῆς
841 275 901 330 δὲ
936 275 941 347 Ι
977 276 1249 346 αὐστηρᾶς
1284 275 1375 329 καὶ
1419 275 1799 359 πεπινωμένης
1825 290 1936 330 1097

175 369 358 420 πλείω.
436 367 496 419 ἐν
535 361 620 430 αἷς
657 365 757 436 μὲν
795 367 898 435 γὰρ
947 366 1032 418 δεῖ
1072 366 1479 433 ’κολακευθῆναι
1517 366 1615 418 τὸν
1653 364 1850 435 ἀκροα-

175 456 278 524 τὴν
315 454 404 508 καὶ
446 461 933 526 παρακολουθῆσαι
979 462 1094 516 τοῖς
1142 454 1422 524 πράγμασι
1469 463 1651 506 κακῶν
1690 452 1851 506 ἀλλο-

175 547 345 614 τρίων
382 546 658 613 διηγήσεις
698 543 977 612 αὐχμηρὰς
1009 542 1182 595 ἐνίοτε
1220 541 1311 595 καὶ
1350 542 1534 611 ἀηδεῖς
1560 541 1850 610 ἀκούοντα,

129 650 153 683 5
177 634 318 685 ἔνθα
371 634 418 685 εἰ
470 633 541 701 μὴ
596 632 655 683 τὸ
708 631 1031 701 παρηδῦνον
1082 629 1115 698 ἡ
1171 630 1433 693 σύνθεσις
1486 628 1765 698 ἐπενέγκοι
1814 630 1848 698 ἢ

173 723 629 791 παραμυθήσαιτο
675 721 773 772 τὸν
816 726 914 787 τῆς
957 720 1205 781 διανοίας
1249 721 1446 788 κόπον,
1494 719 1593 788 οὐχ
1631 717 1852 783 ἕξουσιν

174 811 232 862 αἱ
284 813 492 871 πίστεις
545 809 709 877 βάσιν
764 807 1007 877 ἀσφαλῆ·
1069 807 1130 860 ἐν
1184 801 1267 870 οἷς
1322 804 1383 860 δὲ
1443 809 1509 861 τὰ
1559 809 1695 878 πρὸς
1748 809 1850 877 τὴν

174 897 442 966 ἀλήθειαν
508 896 598 949 καὶ
666 897 727 949 τὸ
799 895 1083 967 συμφέρον
1151 899 1508 950 συντείνοντα
1568 895 1847 964 λέγεσθαι·

173 993 342 1038 ταῦτα
389 982 449 1037 δὲ
496 985 766 1047 ἁπλοϊκῶς
812 1003 927 1047 πως
971 984 1062 1037 καὶ
1107 987 1373 1052 γενναίως
1418 983 1509 1037 καὶ
1554 986 1687 1054 μετὰ
1726 999 1849 1054 σεμ-

107 1091 151 1124 10
174 1076 398 1141 νότητος
439 1073 709 1144 αὐστηρᾶς
747 1072 1076 1126 ἀπαιτοῦσιν
1114 1075 1166 1127 οἱ
1197 1071 1393 1127 πολλοὶ
1424 1074 1748 1142 μανθάνειν,
1787 1075 1847 1127 τὸ

173 1159 234 1214 δὲ
279 1165 512 1214 κωτίλον
560 1161 619 1214 ἐν
665 1163 880 1224 τούτοις
925 1161 1015 1215 καὶ
1061 1162 1340 1230 ἀπατηλὸν
1385 1163 1536 1233 ὥραν
1589 1162 1690 1215 οὐκ
1739 1164 1849 1231 ἔχει

173 1247 260 1301 ε’πὶ
300 1259 410 1301 τῶν
450 1249 765 1317 ἐναγωνίων
804 1253 998 1319 λόγων.
1061 1250 1127 1303 οὐ
1165 1251 1266 1319 τὴν
1297 1249 1470 1318 αὐτὴν
1501 1246 1604 1303 οὗν
1634 1250 1848 1304 ἐπιστά-

172 1357 335 1405 μενος
390 1338 646 1392 ἁπάντων
701 1340 874 1408 φύσιν
928 1337 1058 1392 οὐδὲ
1110 1341 1239 1402 τοὺς
1286 1338 1486 1401 αὐτοὺς
1542 1338 1674 1410 ᾤετο
1729 1341 1849 1393 δεῖν

170 1433 303 1478 πᾶσι
363 1430 660 1496 προσήκειν
720 1431 989 1497 κόσμους,
1060 1427 1198 1481 ἀλλὰ
1265 1437 1380 1490 τοῖς
1440 1425 1541 1496 μὲν
1610 1429 1847 1496 δημηγο-

107 1531 149 1564 15
174 1523 348 1583 ρικοῖς
393 1517 453 1567 τὸ
501 1515 710 1586 ἀξίωμα
755 1515 845 1569 καὶ
891 1517 992 1584 τὴν
1037 1518 1440 1585 μεγαληγορίαν
1494 1519 1705 1584 μᾶλλον
1751 1516 1845 1586 ἀρ-

171 1604 415 1671 μόττειν,
455 1613 569 1666 τοῖς
611 1606 615 1675 Ι
663 1602 723 1657 δὲ
762 1606 1085 1672 δικανικοῖς,
1140 1606 1279 1657 ἔνθα
1324 1614 1436 1657 τῶν
1488 1603 1795 1674 ἀλλοτρίων
1820 1619 1933 1659 1098

171 1690 439 1759 ἀκουστὴς
477 1695 685 1759 γίνεται
724 1702 905 1746 κακῶν
936 1693 964 1746 ὁ
997 1694 1278 1761 δικαστής,
1317 1699 1494 1762 ψυχῆς
1524 1712 1583 1745 τε
1612 1692 1703 1746 καὶ
1735 1703 1846 1747 τῶν
1988 1725 1994 1773 4

172 1779 377 1847 ἄλλων,
433 1781 533 1833 ὅσα
585 1783 878 1850 τιμιώτατά
925 1782 1074 1835 ἐστιν
1121 1782 1462 1852 ἀνθρώποις,
1518 1781 1691 1850 ἀγών,
1744 1782 1846 1850 τὴν

170 1867 334 1935 χάριν
378 1867 467 1920 καὶ
513 1871 614 1938 τὴν
658 1870 866 1939 ἡδονὴν
910 1870 1000 1923 καὶ
1046 1871 1147 1938 τὴν
1193 1870 1405 1938 ἀπάτην
1441 1867 1532 1922 καὶ
1571 1871 1636 1922 τὰ
1673 1888 1846 1940 παρα-

104 1973 149 2005 20
170 1956 373 2022 πλήσια
418 1958 645 2020 τούτοις.
722 1960 813 2011 διὰ
859 1968 1020 2012 τοῦτο
1077 1958 1136 2011 ἐν
1189 1955 1289 2027 μὲν
1338 1967 1456 2021 ταῖς
1509 1961 1845 2027 συμβουλαῖς

170 2041 259 2094 καὶ
284 2045 517 2111 μάλιστα
539 2056 656 2108 ταῖς
678 2049 812 2100 κατὰ
841 2051 1120 2101 Φιλίππου
1151 2045 1632 2117 κατακορεστέραις
1655 2045 1845 2117 κέχρη-

169 2149 257 2183 ται
312 2141 428 2194 ταῖς
482 2133 776 2205 αὐστηραῖς
831 2136 1139 2205 ἁρμονίαις,
1195 2134 1256 2187 ἐν
1309 2131 1370 2187 δὲ
1423 2143 1538 2197 τοῖς
1589 2135 1726 2205 πρὸς
1778 2136 1844 2187 τὰ

171 2220 491 2291 δικαστήρια
538 2231 892 2294 συνταχθεῖσι
949 2233 1066 2287 ταῖς
1111 2228 1433 2293 γλαφυραῖς.
1515 2221 1606 2276 καὶ
1661 2223 1845 2276 αὐτῶν

169 2304 230 2358 δὲ
270 2318 379 2361 τῶν
419 2311 715 2365 δικανικῶν
753 2315 919 2366 πάλιν
959 2312 1019 2365 έν
1057 2309 1158 2381 μὲν
1202 2320 1317 2374 τοῖς
1357 2313 1664 2380 δημοσίοις,
1703 2314 1843 2364 ἔνθα

1983 1990 1991 2147 Α-νλ-η-

292 2471 313 2508 1
347 2468 638 2525 πεπιωμένης
669 2471 705 2513 Β
864 2477 888 2515 2
923 2471 973 2517 ἐν
1006 2468 1080 2523 αἶς
1111 2471 1196 2515 scil
1227 2470 1492 2527 διηγήσεσιν
1633 2475 1659 2513 3
1691 2484 1842 2523 παρα-

169 2527 457 2581 κολουθῆσαι
482 2529 593 2583 (add
618 2547 645 2573 ν
670 2544 806 2585 super
830 2533 871 2587 σ)
894 2531 976 2575 τὸν
1000 2531 1235 2587 ἀκροατὴν
1259 2530 1340 2574 καὶ
1362 2531 1781 2584 παρακολουθῆναι
1805 2528 1841 2570 Ρ

288 2589 315 2626 4
347 2586 578 2641 διηγήσεις
610 2590 657 2630 eb
688 2589 922 2633 ἀκούοντα
945 2605 1024 2647 mg
1046 2589 1186 2633 Bodl:
1221 2588 1485 2646 διηγήσεσιν
1510 2590 1557 2631 et
1580 2587 1842 2637 ἀκούοντας

170 2641 280 2684 libri
372 2650 396 2687 6
430 2643 615 2696 διανίας
647 2647 683 2688 Β
712 2649 717 2703 Ι
745 2647 892 2693 κόπον
917 2648 1154 2693 Reiskius:
1191 2647 1366 2692 σκοπὸν
1487 2650 1511 2689 7
1542 2643 1691 2695 πίσεις
1721 2645 1758 2687 Β

172 2705 223 2743 11
259 2700 403 2760 ὥραν]
435 2703 589 2760 χώραν
613 2704 849 2762 Kiessling
877 2709 881 2763 Ι
913 2707 1003 2765 ἔχει
1033 2707 1084 2750 in
1112 2722 1193 2763 mg
1215 2707 1252 2749 B
1337 2710 1390 2749 12
1424 2704 1522 2748 ἐπεὶ
1546 2705 1584 2747 Β
1613 2706 1620 2761 Ι
1648 2705 1702 2748 οὐ
1734 2703 1839 2761 τὴν]

170 2760 316 2816 αὐτὴν
340 2760 378 2803 Β
471 2767 524 2804 13
557 2765 655 2807 δεῖν
687 2767 838 2820 uacat,
873 2765 930 2822 δὴ
964 2766 1006 2809 ci
1030 2767 1206 2810 Usener
1306 2769 1360 2808 14
1391 2763 1590 2819 κόσμους
1619 2762 1670 2805 in
1701 2777 1779 2818 mg
1803 2763 1840 2804 B

291 2825 343 2862 16
375 2819 599 2875 ἀλοτρίων
631 2822 667 2863 Β
758 2827 812 2865 17
844 2822 1019 2879 γίνεται
1045 2851 1096 2857 -—
1123 2822 1341 2878 δικαστής
1373 2836 1448 2866 om
1477 2822 1513 2864 B
1601 2827 1655 2865 18
1687 2837 1842 2876 τιμιω-

168 2875 311 2934 τάτην
336 2892 436 2922 corr
459 2879 509 2923 in
531 2882 779 2936 τιμιώτατα
803 2882 838 2924 Ρ
866 2884 872 2938 Ι
900 2884 1025 2938 ἀγών
1048 2883 1286 2927 Reiskius:
1311 2882 1507 2938 ἀχρειῶν
1613 2885 1666 2923 21
1701 2896 1841 2924 κατα-

164 2935 432 2994 κορεστέραι
463 2939 533 2981 M¹
654 2944 708 2983 22
734 2941 984 2997 αὐστηραῖς
1014 2941 1250 2986 Reiskius:
1283 2939 1517 2990 τοιαύταις
