2004 3202
687 105 830 146 ΠΕΡΙ
862 102 1263 146 ΘΟΤΚΤΔΙΔΟΤ
1707 102 1814 155 343

140 248 254 303 τοῖς
295 242 766 307 Πελοποννησίοις
813 239 905 292 διὰ
954 238 1056 307 τὴν
1102 238 1290 306 φυγὴν
1326 235 1452 290 καθ’
1491 237 1726 306 ἡσυχίαν
1762 257 1814 290 τι

139 327 324 381 αὐτῶν
360 331 571 396 μᾶλλον
610 325 922 380 αἰσθέσθαι.
998 327 1099 394 τὴν
1138 321 1243 378 οὖν
1279 326 1413 394 μετὰ
1450 327 1516 378 τα
1556 324 1686 378 δέκα
1724 328 1814 394 ἔτη

140 416 417 486 διαφοράν
454 434 511 468 τε
548 413 639 468 καὶ
672 414 936 485 ξύγχυσιν
967 424 1078 468 τῶν
1109 415 1366 468 σπονδῶν
1397 413 1486 467 καὶ
1518 416 1584 467 τὰ
1616 417 1815 482 ἔπειτα,

141 505 213 568 ὡς
253 504 582 573 ἐπολεμήθη,
623 502 985 573 ἐξηγήσομαιῖ
1432 565 1442 569 ⁴

25 605 137 646 {839
236 591 353 646 Ὅτι
399 589 460 645 δὲ
506 591 596 645 καὶ
649 591 773 661 περὶ
827 594 923 655 τὰς
977 591 1288 662 ἐξεργασίας
1341 601 1451 645 τῶν
1503 595 1818 659 κεφαλαίων
1838 590 1905 642 13

138 676 303 750 ἦττον
343 679 596 749 ἐπιμελής
636 679 808 748 ἐστιν,
855 680 887 749 ἢ
926 683 1184 743 πλείονας
1221 688 1320 734 τοῦ
1359 679 1582 743 δέοντος
1620 683 1820 748 λόγους
1865 699 1884 729 e

140 768 441 831 ἀποδιδοὺς
486 778 601 832 τοῖς
653 768 958 823 ἐλαττόνων
1013 768 1294 838 δεομένοις
1346 768 1378 838 ἢ
1434 769 1819 840 ῥᾳθυμότερον

140 856 438 928 ἐπιτρέχων
491 859 556 910 τὰ
610 859 842 927 δεόμενα
895 860 1150 920 πλείονος
1203 855 1540 926 ἐξεργασίας,
1592 861 1819 920 πολλοῖς

138 949 448 1015 τεκμηρίοις
479 949 775 1015 βεβαιῶσαι
809 947 1115 1016 δυνάμενος
1146 946 1354 1014 ὀλίγοις
1385 948 1672 1016 χρήσομαι·
1724 948 1819 1009 τὰς

138 1031 239 1103 μὲν
276 1036 494 1103 πρώτας
533 1035 842 1103 Ἀθηναίων
879 1033 969 1087 καὶ
1011 1037 1478 1103 Πελοποννησίων
1515 1038 1819 1103 ναυμαχίας
1844 1051 1884 1083 10

138 1122 450 1193 ἀμφοτέρας
501 1122 627 1193 περὶ
683 1124 783 1191 τὴν
836 1124 1095 1191 τελευτὴν
1147 1131 1242 1191 τῆς
1295 1122 1553 1192 δευτέρας
1606 1123 1819 1192 βύβλου

137 1212 375 1282 γράφειν
406 1211 723 1282 ἀρξάμενος,
756 1210 816 1264 ἐν
846 1203 934 1274 αἶς
965 1212 1101 1281 πρὸς
1133 1209 1265 1264 ἑπτὰ
1295 1210 1384 1264 καὶ
1417 1211 1819 1281 τεσσαράκοντα

138 1309 276 1363 ναῦς
294 1302 764 1369 Πελοποννησίων
788 1305 960 1353 εἴκοσι
985 1298 1186 1352 ναυσὶν
1201 1299 1490 1368 Ἀθηναῖοι
1514 1302 1819 1369 μόνοι****

136 1390 274 1459 πρὸς
311 1391 755 1451 πολλαπλασίους
792 1398 903 1442 τῶν
941 1389 1237 1459 βαρβάρων
1275 1390 1718 1458 ναυμαχήσαντες
1757 1390 1820 1453 ἃς

137 1474 240 1546 μὲν
284 1475 635 1547 διέφθειρον,
683 1476 746 1539 ἃς
785 1475 837 1529 δ’
885 1476 1229 1546 αὐτάνδρους
1275 1479 1476 1546 ε”λαβον
1523 1477 1624 1531 οὐκ
1670 1478 1821 1532 ἐλάτ-
1847 1494 1888 1526 15

49 1579 136 1621 840
151 1586 281 1628 τους
311 1565 343 1634 ἢ
380 1564 386 1636 Ι
422 1566 552 1628 ὅσας
590 1567 839 1619 ἔστειλαν
878 1564 966 1618 ἐπὶ
1003 1566 1101 1618 τὸν
1138 1567 1394 1635 πόλεμον.
1448 1569 1605 1636 θήσω
1639 1564 1700 1620 δὲ
1731 1567 1821 1621 καὶ

137 1655 239 1724 τὴν
276 1653 425 1719 λέξιν
464 1653 650 1707 αὐτοῦ.
720 1651 985 1721 (Ἐγένετο
1025 1654 1164 1723 μετὰ.
1195 1661 1364 1707 ταῦτα
1395 1652 1486 1707 καὶ
1527 1654 1606 1708 ἐπ’
1638 1656 1821 1726 Εὐρυ-
1858 1719 1863 1724 ,

137 1742 361 1813 μέδοντι
399 1749 624 1815 ποταμῷ
665 1741 724 1795 ἐν
757 1745 1066 1813 Παμφυλίᾳ
1096 1745 1391 1812 πεζομαχία
1420 1741 1511 1796 καὶ
1545 1749 1821 1814 ναυμαχία

129 1833 445 1900 Ἀθηναίων
475 1830 565 1884 καὶ
597 1840 708 1884 τῶν
740 1830 1033 1901 ξυμμάχων
1056 1831 1195 1901 πρὸς
1218 1832 1468 1899 Μήδους,
1500 1830 1591 1885 καὶ
1624 1832 1821 1886 ἐνίκων

136 1928 200 1990 τῇ
242 1919 378 1990 αὐτῇ
418 1918 590 1990 ἡμέρᾳ
621 1919 904 1989 ἀμφότερα
938 1917 1224 1988 Ἀθηναῖοι
1255 1922 1514 1989 Κίμωνος
1544 1929 1643 1974 τοῦ
1675 1925 1821 1975 Μιλ-
1845 1938 1887 1970 20

137 2009 334 2062 τιάδου
364 2016 817 2077 στρατηγοῦντος,
848 2006 939 2060 καὶ
972 2000 1122 2060 εἷλον
1151 2010 1393 2077 τριήρεις
1420 2012 1700 2062 Φοινίκων
1729 2009 1820 2063 καὶ

258 2173 310 2211 11
344 2167 474 2211 Thuc
497 2167 539 2210 Π
563 2171 750 2211 83-84.
784 2171 957 2211 85--92
1023 2171 1075 2210 17
1109 2166 1129 2209 I
1159 2171 1243 2210 100

259 2320 281 2358 1
317 2312 708 2371 Πελοποννησίοις
739 2313 882 2358 etiam
904 2312 1193 2369 Thucydidis
1217 2313 1317 2368 AF,
1347 2314 1725 2373 πελοποννησίων
1749 2331 1820 2361 re-

137 2374 257 2431 liqui
376 2379 401 2418 ‘2
434 2372 690 2418 αἴσθεσθαι
721 2373 757 2416 Ρ
788 2375 841 2416 ut
871 2371 1157 2428 Thucydidis
1180 2372 1311 2416 ΑΒΕ
1343 2372 1572 2419 αἰΐθεσθαι
1596 2375 1645 2419 Μ
1671 2377 1677 2432 Ι
1706 2375 1819 2431 μετὰ

136 2432 196 2478 τὰ
226 2433 328 2479 ΜΘ
359 2432 473 2489 μετὰ
504 2431 600 2491 [τὰ]
626 2431 664 2476 f:
698 2431 810 2488 μετὰ
841 2431 876 2474 Ρ
997 2435 1023 2474 3
1056 2439 1264 2476 σποντῶν
1296 2431 1332 2475 Ρ
1443 2438 1468 2477 8
1499 2437 1605 2490 post
1636 2437 1820 2486 πολλοῖς

12 2520 16 2528 v
138 2492 396 2550 interponit
422 2509 443 2535 8
469 2492 505 2535 Ρ
583 2495 637 2534 10
661 2490 754 2535 fort
777 2487 861 2546 μέν
886 2505 935 2547 γε
958 2491 1142 2545 πρώτας
1165 2490 1214 2534 cf
1234 2495 1334 2546 344,
1351 2496 1379 2535 4
1443 2498 1494 2536 11
1522 2491 1681 2553 βίβλου
1699 2494 1825 2537 MPf

42 2549 47 2557 ’
261 2557 314 2595 12
346 2557 447 2602 ταῖς
479 2549 743 2605 σαράκοντα
774 2564 829 2606 pr
851 2549 887 2592 P
1032 2554 1084 2593 13
1117 2548 1252 2593 hiatu
1284 2549 1432 2595 oratio
1464 2551 1651 2597 laborat
1682 2553 1818 2610 longe

138 2610 313 2655 maiore
369 2624 511 2666 quam
565 2608 813 2666 Sylburgio
861 2607 1034 2663 uisum,
1088 2608 1170 2664 qui
1224 2608 1474 2666 supplebat
1523 2610 1818 2670 ἐμαχέσαντο,

139 2673 295 2725 μακρᾶ
325 2670 405 2714 καὶ
437 2669 671 2726 διεξοδικῇ
702 2674 865 2725 χρῆται
898 2666 1124 2724 διηγήσει·
1164 2667 1440 2714 τούναντίον
1469 2668 1520 2715 δὲ
1545 2670 1596 2715 ἐν
1619 2678 1673 2729 τῇ
1706 2687 1818 2726 προ-

16 2742 30 2785 ss
138 2726 247 2789 τέρᾳ
270 2715 418 2802 ’βίβλῳ
450 2725 655 2804 βραχέως
692 2726 819 2772 πάνυ
857 2724 1080 2784 ἐπιτρέχει
1111 2725 1195 2782 τήν
1226 2742 1274 2770 τε
1304 2727 1591 2787 πεζομαχίαν
1623 2730 1703 2774 καὶ
1734 2730 1819 2786 τὴν

18 2807 34 2883 ἶ
139 2786 561 2891 ἵζ”ἕὲῖξῖῗέὶέἔωῃ
573 2786 639 2888 13²1i
665 2783 1402 2904 ἈθἏνταὲοᾷένεωῙῗὸέῗέῗῖἕῗῖ
1422 2786 1650 2891 ἶίιᾶᾔὶἶὲ
1679 2789 1758 2891 ‚swa
1790 2846 1817 2902 ἡ

23 2909 31 2922 ·“
139 2902 212 2949 f&
304 2910 358 2949 18
390 2906 469 2949 καὶ
502 2902 737 2961 ναυμαχία
771 2917 845 2947 om
877 2904 934 2947 P¹
