2004 3202
370 141 517 182 ΠΕΡΙ
546 139 672 183 ΤΩΝ
701 139 1106 184 ΘΟΤΚΤΔΙΔΟΤ
1136 141 1474 185 ῙΔΙῼΜΑΤΩΝ
1663 141 1779 194 425

54 328 57 330 ,
92 273 243 328 ἐστιν
280 275 456 345 ὥςπερ
496 276 707 344 ὄργανα
743 282 839 344 τῆς
873 275 1227 328 Θουκυδίδου
1265 274 1476 345 λέξεως,
1515 277 1576 330 τὸ
1615 295 1778 346 ποιη-

54 347 57 349 ’
90 363 247 416 τικὸν
283 372 395 416 τῶν
432 363 748 432 ὀνομάτων,
786 364 848 416 τὸ
887 360 1175 426 πολυειδὲς
1211 373 1324 416 τῶν
1363 365 1670 433 σχημάτων,
1709 367 1772 418 τὸ

90 453 262 521 τραχὺ
300 459 396 520 τῆς
433 451 715 522 ἁρμονίας,
754 452 816 505 τὸ
855 452 1017 521 τάχος
1055 458 1151 520 τῆς
1189 455 1476 521 σημασίας·
1516 454 1773 523 χρώματα

91 536 153 592 δὲ
191 539 360 608 αὐτῆς
395 542 458 593 τό
489 560 546 593 τε
579 541 850 611 στριφνὸν
879 539 971 593 καὶ
1010 541 1072 594 τὸ
1103 541 1305 611 πικρὸν
1342 539 1526 594 καὶ·“τὸ
1558 543 1774 595 πυκνὸν

89 627 182 681 καὶ
219 629 281 682 τὸ
329 627 607 699 αὐστηρὸν
651 627 740 682 καὶ
779 630 840 682 τὸ
889 626 1151 699 ἐμβριθὲς
1195 627 1287 682 καὶ
1333 630 1396 682 τὸ
1442 630 1631 682 δεινὸν
1679 629 1770 683 καὶ
1818 647 1845 680 5

91 719 352 787 φοβερόν,
390 714 528 788 ὑπὲρ
569 719 784 771 ἅπαντα
821 715 883 771 δὲ
922 718 1094 771 αὐτοῦ
1137 725 1309 771 ταῦτα
1346 719 1408 771 τὸ
1446 721 1771 787 παθητικόν.

89 804 367 859 τοιουτοσὶ
414 803 517 875 μὲν
563 807 630 875 δὴ
676 809 759 869 τίς
814 806 964 859 ἐστιν
1011 807 1040 860 ὁ
1092 807 1440 876 Θουκυδίδης
1492 809 1628 860 κατὰ
1674 809 1774 861 τὸν

89 901 185 962 τῆς
214 893 407 958 λέξεως
444 902 775 965 χαρακτῆρα,
816 888 858 967 ᾧ
888 897 1036 965 παρὰ
1067 897 1197 958 τοὺς
1236 896 1439 958 ἄλλους
1471 897 1772 964 διήνεγκεν.

202 985 634 1052 Γλωσσηματικὰ
664 981 766 1053 μὲν
797 980 902 1037 οὗν
931 982 1022 1036 καὶ
1055 983 1480 1054 ἀπηρχαιωμένα
1510 983 1600 1037 καὶ
1640 985 1826 1040 δυσ-3

91 1073 312 1124 είκαστα
334 1081 449 1134 τοῖς
470 1077 697 1135 πολλοῖς
729 1071 842 1125 ἐστι
874 1074 936 1125 τό
967 1092 1026 1125 τε
1066 1072 1427 1142 ἀκραιφνές
1457 1071 1548 1125 καὶ
1573 1073 1602 1126 ὁ
1637 1072 1773 1126 ἐπι-
1798 1091 1847 1123 ιο

61 1163 424 1229 4λογισμός
461 1159 552 1214 καὶ
590 1160 623 1229 ἡ
665 1163 958 1231 περιωπή
995 1160 1085 1214 καὶ
1124 1161 1157 1230 ἡ
1194 1160 1200 1233 Ι
1236 1161 1535 1231 ἀνακωχή
1571 1161 1663 1215 καὶ
1708 1164 1776 1215 τὰ

90 1248 254 1317 ὅμοια
295 1250 524 1312 τούτοις.
586 1251 842 1318 ποιητικὰ
874 1247 935 1302 δὲ
967 1250 1000 1318 ἥ
1031 1270 1090 1303 τε
1119 1250 1382 1320 κωλύμη
1421 1249 1512 1303 καὶ
1550 1250 1583 1319 ἡ
1623 1251 1774 1322 πρέ-

91 1339 359 1405 σβευσις
396 1336 487 1390 καὶ
526 1337 559 1406 ἡ
599 1340 886 1407 καταβοή
924 1337 1014 1391 καὶ
1054 1338 1087 1406 ἡ
1128 1338 1439 1408 ἀχθηδών
1476 1338 1566 1392 καὶ
1605 1339 1638 1408 ἡ
1679 1341 1775 1393 δι-

90 1428 357 1488 καίωσις
387 1425 479 1479 καὶ
511 1428 576 1480 τὰ
614 1429 980 1497 παραπλήσια.

122 1558 128 1565 .
201 1514 235 1582 ἡ
275 1513 324 1567 δ’
364 1514 424 1567 ἐν
462 1525 577 1578 τοῖς
624 1525 1018 1585 σχηματισμοῖς
1063 1519 1319 1585 καινότης
1364 1537 1421 1570 τε
1466 1515 1556 1570 καὶ
1603 1522 1773 1570 πολυ-
1798 1532 1846 1566 15

47 1615 49 1618 ’
90 1606 290 1672 τροπιά
328 1602 419 1656 καὶ
458 1603 491 1672 ἡ
539 1603 804 1672 ἐξαλλαγὴ
852 1612 947 1673 τῆς
994 1607 1278 1673 συνήθους
1323 1607 1592 1675 χρήσεως,
1642 1605 1703 1659 ἐν
1741 1599 1776 1678 ᾗ

90 1691 342 1765 μάλιστα,
379 1691 666 1762 διαφέρειν
713 1693 884 1746 αὐτὸν
929 1693 1218 1762 ἡγούμεθα
1267 1703 1378 1747 τῶν
1423 1696 1631 1763 ἄλλων,
1687 1694 1775 1748 ἐπὶ

91 1780 307 1832 τούτων
344 1783 590 1848 γίγνεται
629 1791 741 1834 τῶν
778 1784 957 1852 ἔργων
996 1784 1231 1852 φανερά·

205 1869 339 1922 ὅταν
376 1865 479 1937 μὲν
517 1866 620 1923 οὖν
656 1874 789 1939 μιάν
827 1869 976 1934 λέξιν
1015 1876 1122 1924 εἴτε
1161 1871 1495 1940 ὀνοματικὴν
1534 1877 1641 1925 εἴτε
1681 1873 1830 1942 εἵη-4

216 2033 270 2072 10
302 2028 566 2084 ἀκραιφνής
598 2029 726 2073 Thuc
750 2030 771 2072 I
798 2035 850 2073 19
883 2032 996 2075 extr.
1021 2031 1042 2073 I
1067 2035 1122 2074 52
1319 2036 1370 2073 11
1405 2030 1614 2087 περιωπή
1643 2031 1773 2076 Thue

93 2087 157 2131 IV
182 2092 236 2131 87
295 2088 302 2146 Ι
374 2087 594 2145 ἀνακωχή
626 2088 756 2132 Thuc
780 2089 801 2132 I
824 2094 895 2133 40.
929 2089 1072 2133 66‘111
1095 2095 1123 2133 4
1154 2089 1218 2133 IV
1244 2095 1312 2134 38.
1342 2094 1424 2133 117
1450 2090 1493 2134 V
1517 2095 1586 2135 25.
1614 2096 1683 2136 26.
1717 2096 1773 2134 32

93 2146 202 2190 VIII
226 2151 280 2190 87
391 2151 444 2189 12
477 2147 659 2204 κωλύμη
693 2147 821 2191 Thuc
846 2147 867 2190 I
891 2153 946 2192 92
980 2148 1043 2192 [V
1067 2153 1135 2193 27.
1171 2153 1224 2191 63
1354 2154 1406 2192 13
1439 2149 1649 2209 καταβοή
1671 2150 1693 2194 Ι
1719 2155 1774 2194 73

93 2205 202 2248 VIII
226 2210 295 2249 85.
330 2210 384 2249 87
447 2207 452 2264 Ι
523 2206 816 2263 ἀχθηδώνΙΙ
841 2211 895 2251 37
942 2207 1006 2250 IV
1029 2212 1086 2250 40
1144 2210 1149 2263 Ι
1201 2205 1440 2258 δικαίωσις
1462 2208 1482 2251 Ι
1508 2214 1590 2251 141
1627 2209 1693 2252 ΙΠ
1717 2214 1774 2253 82

93 2264 159 2308 IV
183 2269 238 2308 86
271 2265 311 2308 V
338 2269 391 2307 17
424 2264 531 2308 VIII
555 2270 610 2308 66

215 2416 239 2454 3
272 2418 353 2469 τῆς
385 2410 630 2470 σημασίας]
663 2420 755 2456 τῶν
785 2411 1026 2470 σχημάτων
1050 2419 1092 2458 Δ
1117 2416 1386 2470 corruptum
1418 2427 1475 2458 ex
1505 2422 1598 2459 τῶν
1631 2429 1776 2472 σημα-

95 2478 206 2515 σιῶν
385 2476 412 2513 4
444 2472 679 2527 στρϋφνὸν
711 2471 825 2516 Ges
854 2483 859 2522 t
886 2472 937 2516 τὸ
969 2473 1150 2517 πυκνὸν
1181 2473 1282 2530 (sed
1312 2473 1480 2529 πικρὸν
1503 2474 1581 2531 ΡΙ)
1612 2475 1692 2518 καὶ
1722 2475 1779 2519 τὸ

93 2530 264 2585 πικρὸν
296 2529 456 2574 ordine
489 2544 600 2574 uero
624 2537 666 2574 A
698 2531 779 2574 καὶ
808 2531 859 2575 τὸ
898 2532 1078 2576 πυκνὸν
1108 2532 1300 2576 Reiskio
1333 2547 1519 2577 suasore
1552 2534 1778 2591 expunxit

94 2589 430 2633 Herwerdenus
581 2595 606 2633 5
638 2589 718 2634 καὶ
747 2590 799 2634 τὸ
831 2591 1033 2650 φοβερόν
1066 2596 1107 2635 A
1256 2596 1281 2634 6
1314 2593 1459 2636 αὐτοῦ
1483 2606 1559 2636 om
1586 2598 1629 2637 A

97 2653 120 2691 7
154 2655 363 2698 τοιοῦτος
393 2653 435 2692 A
644 2653 669 2692 8
702 2649 914 2706 διήνεγκε
946 2664 974 2694 a
1178 2656 1234 2694 10
1266 2650 1553 2708 ἐπιλογισμὸς
1583 2653 1621 2695 Ρ
1650 2668 1776 2707 περι-

95 2707 306 2763 λογισμὸς
332 2721 370 2751 a.
412 2721 503 2750 uox
535 2710 766 2764 corrupta,
799 2707 890 2752 fuit
921 2709 1015 2753 fort
1047 2710 1448 2767 επηλύτης(Τ11υο.
1474 2711 1495 2753 Ι
1520 2715 1545 2754 9
1578 2711 1628 2754 cf
1653 2712 1778 2755 Mar-

97 2765 293 2810 cellinus
319 2768 394 2822 52)
489 2771 542 2809 12
575 2767 772 2825 πρεσβεύ
805 2783 871 2818 εις
892 2768 929 2812 Ρ
960 2766 1230 2827 πρέσβευσις
1260 2768 1415 2814 GCD:
1447 2769 1724 2829 πρεσβευσία
1747 2784 1779 2813 a

241 2829 294 2868 13
327 2825 558 2884 καταβολὴ
591 2825 685 2869 Pa:
720 2825 969 2884 Sylburgio
1001 2830 1190 2872 auctore
1222 2842 1325 2872 corr
1361 2828 1627 2884 Kruegerus

99 2889 153 2927 15
186 2885 253 2942 τε]
286 2881 337 2928 δὲ
363 2884 437 2927 Pa
560 2889 614 2928 18
646 2883 823 2941 γίνεται
848 2900 876 2930 a
977 2891 1030 2930 19
1064 2886 1374 2944 ὀνομαστικὴν
1406 2888 1634 2931 edebatur
1665 2889 1777 2931 ante

97 2942 387 2998 Kruegerum
