1958 3192
1880 0 1943 150 ¹]

1914 146 1939 188 «ε

1932 253 1943 288 1

156 294 242 348 ἐπὶ
283 295 686 365 Συρακουσίων
725 295 1061 363 αἰχμάλωτος
1101 293 1202 361 ὤν,
1250 293 1322 355 ὡς
1360 293 1468 345 ὑπὸ
1508 293 1709 346 τούτου
1748 313 1834 361 γε-

153 382 468 454 γραμμένον
491 391 591 436 τοῦ
617 383 846 453 ῥήτορος
876 380 878 452 ἱ
904 380 1243 451 παρατιθείς.
1293 381 1527 434 κωλύσει
1560 379 1611 433 δ’
1645 378 1811 434 οὐδὲν
1833 393 1944 448 484³

154 477 284 534 ἴσως
314 470 404 524 καὶ
435 472 536 540 τὴν
567 470 714 535 λέξιν
745 471 918 538 αὐτὴν
948 475 1134 522 θεῖναι
1165 469 1267 537 τὴν
1294 470 1666 539 Θεοφράστου.
1717 471 1832 523 ἔστι
1934 418 1945 541 ᾗ

153 557 214 613 δὲ
252 546 390 629 ἥδε(
422 560 723 621 (ἀντίθεσις
763 558 813 611 δ’
855 557 966 611 ἐστὶ
1005 567 1255 628 τριττῶς,
1295 558 1427 610 ὅταν
1466 564 1541 629 τῷ
1580 557 1727 629 αὐτῷ
1765 559 1830 610 τὰ
1865 582 1868 584 ·

107 672 128 704 5
154 648 376 702 ἐναντία
407 648 439 717 ἢ
472 656 547 719 τῷ
579 648 806 718 ἐναντίῳ
839 648 904 699 τὰ
937 645 1074 698 αὐτὰ
1105 645 1277 714 ἣτοῖς
1309 645 1578 708 ἐναντίοις
1611 645 1831 698 ἐναντία

150 743 661 807 προσκατηγορηθῇ.
701 743 1046 807 τοσαυταχῶς
1069 735 1173 805 γὰρ
1200 734 1425 805 ἐγχωρεῖ
1449 738 1830 803 συζευχθῆναι.

151 826 364 879 τούτων
403 821 463 876 δὲ
502 826 562 877 τὸ
603 821 703 892 μὲν
743 828 867 875 ἴσον
912 821 1003 875 καὶ
1049 823 1110 875 τὸ
1159 823 1353 892 ὅμοιον
1397 824 1693 885 παιδιῶδες
1738 821 1831 875 καὶ
1938 834 1947 895 1

150 912 451 984 καθαπερεὶ
489 915 721 980 ποίημα·
761 912 847 964 διὸ
887 910 978 964 καὶ
1015 907 1182 979 ἧττον
1218 911 1470 981 ἁρμόττει
1498 919 1566 981 τῇ
1600 912 1830 981 σπουδῇ.

152 1006 403 1072 φαίνεται
442 1003 545 1071 γὰρ
586 997 821 1070 ἀπρεπὲς
852 1000 1230 1064 σπουδάζοντα
1261 1008 1376 1061 τοῖς
1405 1000 1684 1070 πράγμασι
1715 1008 1831 1061 τοῖς

85 1114 127 1146 10
151 1092 381 1160 ὀνόμασι
430 1092 640 1154 παίζειν
692 1087 782 1140 καὶ
837 1090 897 1141 τὸ
951 1089 1133 1150 πάθος
1186 1096 1249 1159 τῇ
1305 1087 1444 1152 λέξει
1496 1097 1830 1159 περιαιρεῖν·

151 1180 328 1233 ἐκλύει
374 1180 478 1249 γὰρ
525 1179 623 1230 τὸν
672 1177 960 1248 ἀκροατήν.
1042 1170 1163 1230 οἷον
1210 1178 1282 1240 ὡς
1329 1177 1357 1230 ὁ
1399 1180 1610 1239 Λυσίας
1660 1176 1719 1230 ἐν
1765 1185 1829 1247 τῇ

147 1275 247 1320 τοῦ
263 1270 468 1320 Νικίου
492 1266 763 1337 ἀπολογίᾳ
786 1269 1121 1335 βουλόμενος
1146 1268 1301 1319 ἔλεον
1323 1275 1529 1319 ποιεῖν·
1551 1265 1831 1334 Ἑλλήνων

147 1357 315 1408 κλαίω
364 1354 642 1424 ἀμάχητον
687 1353 778 1407 καὶ
825 1354 1211 1423 ἀναυμάχητον
1257 1356 1496 1425 ὄλεθρον
1535 1396 1545 1407 .
1573 1396 1583 1406 .
1609 1396 1620 1406 .
1660 1354 1830 1407 ἱκέται

147 1441 249 1512 μὲν
272 1442 428 1496 αὐτοὶ
453 1453 564 1496 τῶν
586 1449 738 1496 θεῶν
761 1446 1096 1511 καθίζοντες,
1127 1444 1400 1514 προδότας
1428 1440 1489 1496 δὲ
1513 1453 1624 1496 τῶν
1649 1445 1882 1514 ὄρκων.””
1956 1437 1958 1492 Ξ

82 1554 124 1587 15
146 1532 288 1601 ὑμᾶς
341 1531 742 1600 ἀποφαίνοντες
782 1573 793 1584 .
826 1573 837 1584 .
871 1573 881 1584 .
922 1531 1325 1594 ἀνακαλοῦντές
1377 1552 1435 1584 τε
1486 1531 1829 1601 συγγένειαν,
1956 1520 1958 1529 ¹

148 1619 467 1689 εὐμε’νειαν.’
528 1628 698 1673 ταῦτα
729 1622 833 1691 γὰρ
865 1619 868 1692 Ι
897 1622 945 1673 εἰ
973 1618 1074 1690 μὲν
1097 1627 1172 1692 τῷ
1196 1622 1315 1673 ὄντι
1341 1624 1552 1684 Λυσίας
1585 1623 1805 1691 ἔγραψε,
1829 1642 1916 1682 485
1956 1630 1958 1677 ἓ

149 1710 372 1771 δικαίως
411 1708 480 1761 ἂν
520 1708 874 1778 ἐπιτιμήσεως
913 1708 1118 1773 ἀξιοῖτο
1157 1712 1624 1779 χαριεντιζόμενος
1665 1710 1726 1764 ἐν
1761 1711 1827 1764 οὐ
1924 1712 1926 1715 ”
1957 1703 1958 1709 ¹

147 1800 390 1866 χαρίεντι
443 1805 629 1869 καιρῷ.
710 1799 756 1850 εἰ
812 1795 872 1850 δὲ
927 1796 1116 1868 ἑτέρου
1169 1800 1319 1859 τινός
1374 1797 1523 1851 ἐστιν
1569 1798 1597 1852 ὁ
1646 1802 1827 1868 λόγος,

148 1886 221 1947 ὥς
250 1903 351 1955 περ
384 1887 548 1954 ἔστιν,
588 1885 616 1939 ὁ
649 1896 985 1956 κατηγορῶν,
1026 1886 1058 1938 ἃ
1090 1886 1161 1954 μὴ
1193 1893 1448 1956 προσῆκε,
1488 1895 1587 1940 τοῦ
1623 1887 1826 1959 ἀνδρὸς

83 1995 125 2028 20
148 1975 526 2044 μεμπτότερος.
612 1975 693 2027 ὅτι
749 1972 808 2027 δὲ
863 1974 964 2028 οὐκ
1018 1976 1220 2044 ἔγραψε
1271 1978 1481 2038 Λυσίας
1534 1977 1632 2029 τὸν
1685 1974 1824 2047 ὑπὲρ

148 2064 353 2114 Νικίου
408 2065 575 2130 λόγον
625 2062 744 2115 οὐδ’
793 2065 943 2116 ἔστιν
997 2064 1123 2116 οὔτε
1175 2069 1268 2131 τῆς
1322 2071 1498 2132 ψυχῆς
1553 2065 1678 2118 οὔτε
1731 2072 1826 2133 τῆς

157 159 228 212 24
579 159 922 203 ΔΙΟΝΤΣΙΟΤ
951 158 1422 202 ΑΛΙΚΑΡΝΑΣΕΩΣ

269 2226 322 2264 12
353 2222 443 2278 Lys
476 2222 517 2264 fr
540 2222 687 2290 XCIX.
707 2223 735 2266 S

267 2373 291 2410 2
333 2366 479 2412 οὐθὲν
518 2369 565 2411 Μ
686 2375 711 2411 3
751 2378 831 2413 τοῦ
875 2368 1177 2427 Θεοφράστου
1209 2368 1333 2413 FGv
1453 2374 1480 2412 4
1519 2370 1569 2413 in
1599 2386 1679 2428 mg
1710 2372 1745 2414 F
1775 2387 1823 2415 m

149 2440 252 2469 saec
277 2426 382 2470 XIV
409 2426 477 2470 ὅτι
494 2430 548 2484 (Ῥ)
571 2436 755 2482 τριττῶς
780 2429 808 2485 ἡ
834 2428 1073 2480 ἀντίθεσις
1165 2434 1189 2472 5
1221 2427 1278 2471 τὰ
1303 2427 1492 2473 ἐναντίοι
1516 2429 1821 2474 Marklandus

266 2490 290 2527 6
323 2490 743 2544 προσκατηγορηθῇ
785 2488 1078 2545 Sylburgius:
1118 2486 1579 2544 προσκατηγορηθείη
1620 2489 1655 2532 F
1709 2505 1822 2544 προ-

147 2543 491 2600 κατηγορηθείη
533 2545 610 2588 GV
663 2546 1087 2604 προκατηγοριθείη
1128 2547 1177 2590 Μ
1229 2544 1572 2603 κατηγορηθείη
1619 2547 1701 2590 ΡΒ

148 2607 172 2645 7
206 2602 284 2646 καὶ
310 2606 417 2646 ante
443 2604 705 2658 καθαπερεὶ
731 2618 805 2647 om
829 2605 951 2650 FGv
1039 2612 1091 2650 10
1122 2606 1202 2650 καὶ
1226 2619 1300 2649 0111
1323 2606 1359 2649 P
1445 2610 1495 2648 11
1524 2604 1626 2650 οἷον
1652 2607 1712 2656 ὡς
1737 2607 1760 2650 ὁ
1785 2607 1821 2650 F

147 2674 203 2704 ex
221 2658 318 2711 οἶος
335 2661 358 2705 ὁ
438 2668 490 2704 12
509 2661 740 2717 Ἑλλήνων
758 2677 832 2706 om
849 2663 927 2708 Gv
959 2668 1091 2722 ελλῆν
1107 2665 1166 2708 F¹
1197 2678 1334 2720 supra
1351 2664 1523 2707 lineam
1602 2669 1655 2707 13
1677 2663 1820 2709 κλαίω

146 2720 227 2764 τὸν
261 2719 337 2763 Gv
431 2726 484 2763 14
516 2719 791 2773 καθέζονται
825 2722 864 2765 G
964 2729 1017 2766 15
1049 2725 1168 2780 ὑμᾶς
1199 2723 1416 2767 Turm'er:
1455 2723 1575 2779 ἡμᾶς
1618 2725 1623 2779 Ι
1665 2739 1713 2767 τε
1745 2738 1821 2767 0111
1940 2754 1949 2805 1

146 2778 232 2822 Mv
265 2781 458 2835 excepta
482 2779 792 2823 Holwelliana
878 2787 931 2825 16
967 2781 1170 2838 ἔγραψεν
1194 2782 1230 2825 Β
1311 2786 1361 2824 17
1389 2781 1517 2826 ἐπιτ.
1534 2781 1790 2838 ἰ’μήσεωςΜ
1813 2783 1822 2841 ξ
1942 2805 1947 2830 ι

145 2838 319 2890 ἀξιοῖτο
361 2853 408 2882 a:
449 2839 634 2890 ἀξιοῦτο
666 2838 704 2882 G
750 2840 962 2892 ἀξιοῦται
992 2842 1175 2885 FMBP
1304 2845 1357 2883 18
1398 2838 1449 2884 δὲ
1491 2839 1646 2895 ἑτέρου
1677 2841 1726 2884 Μ
1764 2855 1820 2885 ex

147 2894 334 2951 δετέρου
458 2903 508 2940 19
549 2902 609 2955 τῷ
649 2898 785 2953 ἀνδρὶ
817 2899 1023 2942 MPBF¹
1137 2905 1191 2943 20
1227 2897 1507 2955 μεμπτότερος
1538 2899 1573 2942 F
1621 2899 1820 2956 μεμπτό-

145 2971 282 3011 μενος
312 2955 359 2998 Μ
458 2961 509 2999 21
546 2954 653 3000 οὐδὲ
685 2957 742 2999 F¹
1820 2980 1825 2984 ·
