<?xml version="1.0" encoding="UTF-8"?>
<!DOCTYPE html PUBLIC "-//W3C//DTD XHTML 1.0 Transitional//EN"
    "http://www.w3.org/TR/xhtml1/DTD/xhtml1-transitional.dtd">
<html xmlns="http://www.w3.org/1999/xhtml" xml:lang="en" lang="en">
 <head>
  <title>
</title>
<meta http-equiv="Content-Type" content="text/html;charset=utf-8" />
  <meta name='ocr-system' content='tesseract 3.04.00' />
  <meta name='ocr-capabilities' content='ocr_page ocr_carea ocr_par ocr_line ocrx_word'/>
</head>
<body>
  <div class='ocr_page' id='page_1' title='image "./quaeexstant05dionuoft_0283.png"; bbox 0 0 2004 3202; ppageno 0'>
   <div class='ocr_carea' id='block_1_1' title="bbox 775 141 1820 194">
    <p class='ocr_par' dir='ltr' id='par_1_1' title="bbox 775 141 1820 194">
     <span class='ocr_line' id='line_1_1' title="bbox 775 141 1820 194; baseline 0.011 -11"><span class='ocrx_word' id='word_1_1' title='bbox 775 141 1198 186; x_wconf 76' lang='grc' dir='ltr'><strong>ΔΗΜΟΣΘΕΝΗΣ</strong></span> <span class='ocrx_word' id='word_1_2' title='bbox 1711 141 1820 194; x_wconf 85' lang='grc'><strong><em>233</em></strong></span> 
     </span>
    </p>
   </div>
   <div class='ocr_carea' id='block_1_2' title="bbox 62 273 1897 2296">
    <p class='ocr_par' dir='ltr' id='par_1_2' title="bbox 62 273 1897 2296">
     <span class='ocr_line' id='line_1_2' title="bbox 149 273 1823 345; baseline -0.001 -14"><span class='ocrx_word' id='word_1_3' title='bbox 149 279 423 345; x_wconf 90' lang='grc' dir='ltr'><strong><em>Στωικόν,</em></strong></span> <span class='ocrx_word' id='word_1_4' title='bbox 463 282 571 330; x_wconf 78' lang='grc' dir='ltr'><strong><em>εἴτε</em></strong></span> <span class='ocrx_word' id='word_1_5' title='bbox 608 279 802 345; x_wconf 99' lang='grc' dir='ltr'><strong><em>πλείω,</em></strong></span> <span class='ocrx_word' id='word_1_6' title='bbox 849 277 951 330; x_wconf 90' lang='grc' dir='ltr'><strong><em>δύο</em></strong></span> <span class='ocrx_word' id='word_1_7' title='bbox 990 283 1159 329; x_wconf 90' lang='grc' dir='ltr'><strong><em>ταῦτα</em></strong></span> <span class='ocrx_word' id='word_1_8' title='bbox 1198 275 1497 329; x_wconf 83' lang='grc' dir='ltr'><strong><em>ἀκολουθεῖ</em></strong></span> <span class='ocrx_word' id='word_1_9' title='bbox 1533 273 1695 345; x_wconf 81' lang='grc' dir='ltr'><em>μέλος</em></span> <span class='ocrx_word' id='word_1_10' title='bbox 1732 275 1823 329; x_wconf 82' lang='grc' dir='ltr'><strong><em>καὶ</em></strong></span> 
     </span>
     <span class='ocr_line' id='line_1_3' title="bbox 144 362 1823 437; baseline -0.002 -18"><span class='ocrx_word' id='word_1_11' title='bbox 144 369 340 437; x_wconf 81' lang='grc' dir='ltr'><strong><em>χρόνος</em></strong></span> <span class='ocrx_word' id='word_1_12' title='bbox 378 371 482 418; x_wconf 81' lang='grc' dir='ltr'><strong><em>ἴσα.</em></strong></span> <span class='ocrx_word' id='word_1_13' title='bbox 557 366 692 418; x_wconf 82' lang='grc' dir='ltr'><strong><em>κατὰ</em></strong></span> <span class='ocrx_word' id='word_1_14' title='bbox 738 362 839 434; x_wconf 75' lang='grc' dir='ltr'><strong><em>μὲν</em></strong></span> <span class='ocrx_word' id='word_1_15' title='bbox 885 365 952 433; x_wconf 89' lang='grc' dir='ltr'><strong><em>δὴ</em></strong></span> <span class='ocrx_word' id='word_1_16' title='bbox 991 366 1088 427; x_wconf 82' lang='grc' dir='ltr'><strong><em>τὰς</em></strong></span> <span class='ocrx_word' id='word_1_17' title='bbox 1125 363 1386 433; x_wconf 79' lang='grc' dir='ltr'><strong><em>ὀξύτητάς</em></strong></span> <span class='ocrx_word' id='word_1_18' title='bbox 1430 384 1487 417; x_wconf 89' lang='grc' dir='ltr'><strong><em>τε</em></strong></span> <span class='ocrx_word' id='word_1_19' title='bbox 1525 363 1615 417; x_wconf 84' lang='grc' dir='ltr'><strong><em>καὶ</em></strong></span> <span class='ocrx_word' id='word_1_20' title='bbox 1655 366 1823 434; x_wconf 86' lang='grc' dir='ltr'><strong><em>βαρύ-</em></strong></span> 
     </span>
     <span class='ocr_line' id='line_1_4' title="bbox 143 449 1824 523; baseline -0.001 -16"><span class='ocrx_word' id='word_1_21' title='bbox 143 474 305 523; x_wconf 85' lang='grc' dir='ltr'><strong><em>τητας</em></strong></span> <span class='ocrx_word' id='word_1_22' title='bbox 343 453 525 506; x_wconf 87' lang='grc' dir='ltr'><strong><em>αὐτῶν</em></strong></span> <span class='ocrx_word' id='word_1_23' title='bbox 562 454 807 506; x_wconf 83' lang='grc' dir='ltr'><strong><em>τάττεται</em></strong></span> <span class='ocrx_word' id='word_1_24' title='bbox 846 454 907 506; x_wconf 90' lang='grc' dir='ltr'><strong><em>τὸ</em></strong></span> <span class='ocrx_word' id='word_1_25' title='bbox 947 451 1132 522; x_wconf 82' lang='grc' dir='ltr'><em>μέλος,</em></span> <span class='ocrx_word' id='word_1_26' title='bbox 1175 454 1311 506; x_wconf 78' lang='grc' dir='ltr'><strong><em>κατὰ</em></strong></span> <span class='ocrx_word' id='word_1_27' title='bbox 1350 449 1411 506; x_wconf 76' lang='grc' dir='ltr'><strong><em>δὲ</em></strong></span> <span class='ocrx_word' id='word_1_28' title='bbox 1448 454 1514 505; x_wconf 84' lang='grc' dir='ltr'><strong><em>τὰ</em></strong></span> <span class='ocrx_word' id='word_1_29' title='bbox 1552 454 1693 522; x_wconf 85' lang='grc' dir='ltr'><strong><em>μήκη</em></strong></span> <span class='ocrx_word' id='word_1_30' title='bbox 1733 452 1824 505; x_wconf 89' lang='grc' dir='ltr'><strong><em>καὶ</em></strong></span> 
     </span>
     <span class='ocr_line' id='line_1_5' title="bbox 145 531 1824 611; baseline -0.002 -15"><span class='ocrx_word' id='word_1_31' title='bbox 145 544 239 605; x_wconf 84' lang='grc' dir='ltr'><strong><em>τὰς</em></strong></span> <span class='ocrx_word' id='word_1_32' title='bbox 277 542 616 611; x_wconf 81' lang='grc' dir='ltr'><strong><em>βραχύτητας</em></strong></span> <span class='ocrx_word' id='word_1_33' title='bbox 655 542 684 596; x_wconf 90' lang='grc' dir='ltr'>ὁ</span> <span class='ocrx_word' id='word_1_34' title='bbox 725 544 937 611; x_wconf 87' lang='grc' dir='ltr'><strong><em>χρόνος.</em></strong></span> <span class='ocrx_word' id='word_1_35' title='bbox 1007 537 1168 604; x_wconf 88' lang='grc' dir='ltr'><strong><em>οὗτος</em></strong></span> <span class='ocrx_word' id='word_1_36' title='bbox 1207 538 1268 594; x_wconf 76' lang='grc' dir='ltr'><strong><em>δὲ</em></strong></span> <span class='ocrx_word' id='word_1_37' title='bbox 1306 531 1551 610; x_wconf 71' lang='grc' dir='ltr'><strong><em>γίγνεται</em></strong></span> <span class='ocrx_word' id='word_1_38' title='bbox 1592 541 1824 611; x_wconf 80' lang='grc' dir='ltr'><strong><em>ῥυθμός,</em></strong></span> 
     </span>
     <span class='ocr_line' id='line_1_6' title="bbox 145 629 1891 701; baseline -0.002 -17"><span class='ocrx_word' id='word_1_39' title='bbox 145 636 252 684; x_wconf 81' lang='grc' dir='ltr'><strong><em>εἴτε</em></strong></span> <span class='ocrx_word' id='word_1_40' title='bbox 275 629 380 683; x_wconf 83' lang='grc' dir='ltr'><strong><em>ἀπὸ</em></strong></span> <span class='ocrx_word' id='word_1_41' title='bbox 414 632 572 684; x_wconf 80' lang='grc' dir='ltr'><em>δυεῖν</em></span> <span class='ocrx_word' id='word_1_42' title='bbox 603 630 901 701; x_wconf 82' lang='grc' dir='ltr'><strong><em>ἀρξάμενος</em></strong></span> <span class='ocrx_word' id='word_1_43' title='bbox 933 634 1299 684; x_wconf 80' lang='grc' dir='ltr'><strong><em>συνίστασθαι</em></strong></span> <span class='ocrx_word' id='word_1_44' title='bbox 1323 633 1610 700; x_wconf 81' lang='grc' dir='ltr'><strong><em>βραχειῶν,</em></strong></span> <span class='ocrx_word' id='word_1_45' title='bbox 1643 631 1823 699; x_wconf 82' lang='grc' dir='ltr'><strong><em>ὥσπερ</em></strong></span> <span class='ocrx_word' id='word_1_46' title='bbox 1869 648 1891 680; x_wconf 86' lang='lat'>5</span> 
     </span>
     <span class='ocr_line' id='line_1_7' title="bbox 146 717 1826 781; baseline -0.001 -9"><span class='ocrx_word' id='word_1_47' title='bbox 146 722 363 772; x_wconf 90' lang='grc' dir='ltr'><strong><em>οἱόνταί</em></strong></span> <span class='ocrx_word' id='word_1_48' title='bbox 394 739 540 781; x_wconf 85' lang='grc' dir='ltr'><strong><em>τινες</em></strong></span> <span class='ocrx_word' id='word_1_49' title='bbox 578 718 669 772; x_wconf 81' lang='grc' dir='ltr'><strong><em>καὶ</em></strong></span> <span class='ocrx_word' id='word_1_50' title='bbox 707 725 938 773; x_wconf 83' lang='grc' dir='ltr'><strong><em>καλοῦσι</em></strong></span> <span class='ocrx_word' id='word_1_51' title='bbox 972 720 1070 772; x_wconf 91' lang='grc' dir='ltr'><strong><em>τὸν</em></strong></span> <span class='ocrx_word' id='word_1_52' title='bbox 1102 718 1274 781; x_wconf 80' lang='grc' dir='ltr'><strong><em>οὕτως</em></strong></span> <span class='ocrx_word' id='word_1_53' title='bbox 1313 717 1826 772; x_wconf 82' lang='grc' dir='ltr'><strong><em>κατασκευασθέντα</em></strong></span> 
     </span>
     <span class='ocr_line' id='line_1_8' title="bbox 146 807 1827 878; baseline -0.001 -17"><span class='ocrx_word' id='word_1_54' title='bbox 146 808 367 877; x_wconf 81' lang='grc' dir='ltr'><strong><em>ῥυθμὸν</em></strong></span> <span class='ocrx_word' id='word_1_55' title='bbox 396 807 654 877; x_wconf 76' lang='grc' dir='ltr'><strong><em>ἡγεμόνα,</em></strong></span> <span class='ocrx_word' id='word_1_56' title='bbox 685 818 905 878; x_wconf 90' lang='grc' dir='ltr'><strong><em>πρῶτον</em></strong></span> <span class='ocrx_word' id='word_1_57' title='bbox 936 810 1129 877; x_wconf 86' lang='grc' dir='ltr'><strong><em>ἔχοντα</em></strong></span> <span class='ocrx_word' id='word_1_58' title='bbox 1160 809 1330 875; x_wconf 91' lang='grc' dir='ltr'><strong><em>λόγον</em></strong></span> <span class='ocrx_word' id='word_1_59' title='bbox 1360 816 1471 860; x_wconf 91' lang='grc' dir='ltr'><strong><em>τῶν</em></strong></span> <span class='ocrx_word' id='word_1_60' title='bbox 1502 812 1639 860; x_wconf 76' lang='grc' dir='ltr'><strong><em>ἴσων</em></strong></span> <span class='ocrx_word' id='word_1_61' title='bbox 1671 808 1827 877; x_wconf 76' lang='grc' dir='ltr'><strong><em>ἄρσει</em></strong></span> 
     </span>
     <span class='ocr_line' id='line_1_9' title="bbox 145 895 1826 966; baseline -0.001 -17"><span class='ocrx_word' id='word_1_62' title='bbox 145 917 202 950; x_wconf 92' lang='grc' dir='ltr'><strong><em>τε</em></strong></span> <span class='ocrx_word' id='word_1_63' title='bbox 248 895 338 949; x_wconf 81' lang='grc' dir='ltr'><strong><em>καὶ</em></strong></span> <span class='ocrx_word' id='word_1_64' title='bbox 383 895 540 950; x_wconf 81' lang='grc' dir='ltr'><strong><em>θέσει</em></strong></span> <span class='ocrx_word' id='word_1_65' title='bbox 586 898 827 966; x_wconf 78' lang='grc' dir='ltr'><strong><em>χρόνων,</em></strong></span> <span class='ocrx_word' id='word_1_66' title='bbox 882 901 988 949; x_wconf 80' lang='grc' dir='ltr'><strong><em>εἴτε</em></strong></span> <span class='ocrx_word' id='word_1_67' title='bbox 1034 895 1140 948; x_wconf 81' lang='grc' dir='ltr'><strong><em>ἀπὸ</em></strong></span> <span class='ocrx_word' id='word_1_68' title='bbox 1195 905 1366 966; x_wconf 87' lang='grc' dir='ltr'><strong><em>τριῶν</em></strong></span> <span class='ocrx_word' id='word_1_69' title='bbox 1410 899 1706 966; x_wconf 83' lang='grc' dir='ltr'><strong><em>βραχειῶν,</em></strong></span> <span class='ocrx_word' id='word_1_70' title='bbox 1754 896 1826 958; x_wconf 83' lang='grc' dir='ltr'><strong><em>ὡς</em></strong></span> 
     </span>
     <span class='ocr_line' id='line_1_10' title="bbox 147 983 1826 1056; baseline -0.002 -17"><span class='ocrx_word' id='word_1_71' title='bbox 147 995 261 1048; x_wconf 90' lang='grc' dir='ltr'><strong><em>τοῖς</em></strong></span> <span class='ocrx_word' id='word_1_72' title='bbox 314 983 439 1054; x_wconf 86' lang='grc' dir='ltr'><strong><em>περὶ</em></strong></span> <span class='ocrx_word' id='word_1_73' title='bbox 485 983 865 1054; x_wconf 83' lang='grc' dir='ltr'><strong><em>Ἀριστόξενον</em></strong></span> <span class='ocrx_word' id='word_1_74' title='bbox 918 983 1134 1052; x_wconf 83' lang='grc' dir='ltr'><strong><em>ἔδοξεν,</em></strong></span> <span class='ocrx_word' id='word_1_75' title='bbox 1197 983 1258 1047; x_wconf 85' lang='grc' dir='ltr'><strong><em>ὃς</em></strong></span> <span class='ocrx_word' id='word_1_76' title='bbox 1312 983 1372 1037; x_wconf 84' lang='grc' dir='ltr'><strong><em>ἐν</em></strong></span> <span class='ocrx_word' id='word_1_77' title='bbox 1425 991 1501 1056; x_wconf 79' lang='grc' dir='ltr'><strong><em>τῷ</em></strong></span> <span class='ocrx_word' id='word_1_78' title='bbox 1556 985 1826 1055; x_wconf 78' lang='grc' dir='ltr'><strong><em>διπλασίῳ</em></strong></span> 
     </span>
     <span class='ocr_line' id='line_1_11' title="bbox 147 1070 1893 1145; baseline -0.002 -18"><span class='ocrx_word' id='word_1_79' title='bbox 147 1074 567 1127; x_wconf 86' lang='grc' dir='ltr'><strong><em>κατεσκεύασται</em></strong></span> <span class='ocrx_word' id='word_1_80' title='bbox 605 1075 750 1145; x_wconf 76' lang='grc' dir='ltr'><strong><em>λόγῳ</em></strong></span> <span class='ocrx_word' id='word_1_81' title='bbox 788 1082 1022 1142; x_wconf 90' lang='grc' dir='ltr'><strong><em>πρῶτον.</em></strong></span> <span class='ocrx_word' id='word_1_82' title='bbox 1097 1081 1213 1135; x_wconf 86' lang='grc' dir='ltr'><strong><em>τοῖς</em></strong></span> <span class='ocrx_word' id='word_1_83' title='bbox 1252 1070 1303 1125; x_wconf 89' lang='grc' dir='ltr'><strong><em>δ’</em></strong></span> <span class='ocrx_word' id='word_1_84' title='bbox 1350 1071 1409 1125; x_wconf 84' lang='grc' dir='ltr'><strong><em>ἐκ</em></strong></span> <span class='ocrx_word' id='word_1_85' title='bbox 1446 1082 1558 1126; x_wconf 88' lang='grc' dir='ltr'><strong><em>τῶν</em></strong></span> <span class='ocrx_word' id='word_1_86' title='bbox 1594 1074 1828 1142; x_wconf 82' lang='grc' dir='ltr'><strong><em>πρώτων</em></strong></span> <span class='ocrx_word' id='word_1_87' title='bbox 1850 1091 1893 1124; x_wconf 90' lang='lat'><strong><em>10</em></strong></span> 
     </span>
     <span class='ocr_line' id='line_1_12' title="bbox 148 1159 1825 1232; baseline -0.001 -18"><span class='ocrx_word' id='word_1_88' title='bbox 148 1165 360 1232; x_wconf 90' lang='grc' dir='ltr'><strong><em>μορίων</em></strong></span> <span class='ocrx_word' id='word_1_89' title='bbox 415 1169 509 1229; x_wconf 82' lang='grc' dir='ltr'><strong><em>τῆς</em></strong></span> <span class='ocrx_word' id='word_1_90' title='bbox 560 1160 751 1226; x_wconf 82' lang='grc' dir='ltr'><strong><em>λέξεως</em></strong></span> <span class='ocrx_word' id='word_1_91' title='bbox 802 1160 1221 1230; x_wconf 80' lang='grc' dir='ltr'><strong><em>συντιθεμένοις</em></strong></span> <span class='ocrx_word' id='word_1_92' title='bbox 1269 1163 1331 1214; x_wconf 92' lang='grc' dir='ltr'><strong><em>τό</em></strong></span> <span class='ocrx_word' id='word_1_93' title='bbox 1380 1180 1439 1214; x_wconf 91' lang='grc' dir='ltr'><strong><em>τε</em></strong></span> <span class='ocrx_word' id='word_1_94' title='bbox 1484 1159 1646 1230; x_wconf 82' lang='grc' dir='ltr'><strong><em>μέλος</em></strong></span> <span class='ocrx_word' id='word_1_95' title='bbox 1699 1162 1777 1223; x_wconf 86' lang='grc' dir='ltr'><strong><em>εἰς</em></strong></span> <span class='ocrx_word' id='word_1_96' title='bbox 1821 1159 1825 1230; x_wconf 61' lang='grc'><strong><em>’,</em></strong></span> 
     </span>
     <span class='ocr_line' id='line_1_13' title="bbox 62 1248 1830 1319; baseline -0.002 -14"><span class='ocrx_word' id='word_1_97' title='bbox 62 1266 174 1306; x_wconf 78' lang='grc'>1102</span> <span class='ocrx_word' id='word_1_98' title='bbox 200 1250 430 1319; x_wconf 81' lang='grc' dir='ltr'><strong><em>αὔξησιν</em></strong></span> <span class='ocrx_word' id='word_1_99' title='bbox 459 1251 564 1318; x_wconf 75' lang='grc' dir='ltr'><strong><em>ἤδη</em></strong></span> <span class='ocrx_word' id='word_1_100' title='bbox 597 1251 937 1319; x_wconf 77' lang='grc' dir='ltr'><strong><em>συμπροάγει</em></strong></span> <span class='ocrx_word' id='word_1_101' title='bbox 967 1248 1058 1302; x_wconf 89' lang='grc' dir='ltr'><strong><em>καὶ</em></strong></span> <span class='ocrx_word' id='word_1_102' title='bbox 1090 1251 1143 1303; x_wconf 79' lang='grc' dir='ltr'><strong><em>οἱ</em></strong></span> <span class='ocrx_word' id='word_1_103' title='bbox 1182 1248 1390 1319; x_wconf 77' lang='grc' dir='ltr'><strong><em>ῥυθμοὶ</em></strong></span> <span class='ocrx_word' id='word_1_104' title='bbox 1428 1252 1830 1319; x_wconf 89' lang='grc' dir='ltr'><strong><em>προβαίνουσιν</em></strong></span> 
     </span>
     <span class='ocr_line' id='line_1_14' title="bbox 149 1335 1829 1409; baseline -0.001 -17"><span class='ocrx_word' id='word_1_105' title='bbox 149 1341 226 1402; x_wconf 85' lang='grc' dir='ltr'><strong><em>εἰς</em></strong></span> <span class='ocrx_word' id='word_1_106' title='bbox 264 1341 329 1392; x_wconf 82' lang='grc' dir='ltr'><strong><em>τὰ</em></strong></span> <span class='ocrx_word' id='word_1_107' title='bbox 367 1339 678 1407; x_wconf 89' lang='grc' dir='ltr'><strong><em>καλούμενα</em></strong></span> <span class='ocrx_word' id='word_1_108' title='bbox 715 1337 897 1408; x_wconf 91' lang='grc' dir='ltr'><strong><em>μέτρα.</em></strong></span> <span class='ocrx_word' id='word_1_109' title='bbox 974 1339 1107 1391; x_wconf 84' lang='grc' dir='ltr'><strong><em>ὅταν</em></strong></span> <span class='ocrx_word' id='word_1_110' title='bbox 1145 1335 1206 1390; x_wconf 75' lang='grc' dir='ltr'><strong><em>δὲ</em></strong></span> <span class='ocrx_word' id='word_1_111' title='bbox 1251 1337 1420 1409; x_wconf 84' lang='grc' dir='ltr'><strong><em>μέλλῃ</em></strong></span> <span class='ocrx_word' id='word_1_112' title='bbox 1459 1338 1671 1391; x_wconf 88' lang='grc' dir='ltr'><strong><em>τούτων</em></strong></span> <span class='ocrx_word' id='word_1_113' title='bbox 1711 1335 1829 1390; x_wconf 80' lang='grc' dir='ltr'><strong><em>ἑκά-</em></strong></span> 
     </span>
     <span class='ocr_line' id='line_1_15' title="bbox 148 1426 1830 1498; baseline -0.002 -17"><span class='ocrx_word' id='word_1_114' title='bbox 148 1448 310 1498; x_wconf 89' lang='grc' dir='ltr'><strong><em>τερον</em></strong></span> <span class='ocrx_word' id='word_1_115' title='bbox 353 1427 676 1497; x_wconf 87' lang='grc' dir='ltr'><strong><em>ὑπεραίρειν</em></strong></span> <span class='ocrx_word' id='word_1_116' title='bbox 719 1428 781 1479; x_wconf 89' lang='grc' dir='ltr'><strong><em>τὸ</em></strong></span> <span class='ocrx_word' id='word_1_117' title='bbox 828 1426 1053 1497; x_wconf 88' lang='grc' dir='ltr'><strong><em>μέτρον,</em></strong></span> <span class='ocrx_word' id='word_1_118' title='bbox 1099 1426 1132 1494; x_wconf 80' lang='grc' dir='ltr'>ἡ</span> <span class='ocrx_word' id='word_1_119' title='bbox 1179 1427 1450 1495; x_wconf 85' lang='grc' dir='ltr'><strong><em>μεταβολὴ</em></strong></span> <span class='ocrx_word' id='word_1_120' title='bbox 1497 1429 1618 1479; x_wconf 91' lang='grc' dir='ltr'><strong><em>τότε</em></strong></span> <span class='ocrx_word' id='word_1_121' title='bbox 1661 1427 1830 1478; x_wconf 83' lang='grc' dir='ltr'><strong><em>εἰσελ-</em></strong></span> 
     </span>
     <span class='ocr_line' id='line_1_16' title="bbox 147 1513 1896 1585; baseline -0.002 -15"><span class='ocrx_word' id='word_1_122' title='bbox 147 1523 331 1570; x_wconf 90' lang='grc' dir='ltr'><strong><em>θοῦσα</em></strong></span> <span class='ocrx_word' id='word_1_123' title='bbox 370 1516 681 1585; x_wconf 88' lang='grc' dir='ltr'><strong><em>ταμιεύεται</em></strong></span> <span class='ocrx_word' id='word_1_124' title='bbox 720 1516 780 1568; x_wconf 93' lang='grc' dir='ltr'><strong><em>τὸ</em></strong></span> <span class='ocrx_word' id='word_1_125' title='bbox 822 1517 1028 1568; x_wconf 80' lang='grc' dir='ltr'><strong><em>οἰκεῖον</em></strong></span> <span class='ocrx_word' id='word_1_126' title='bbox 1067 1514 1251 1568; x_wconf 86' lang='grc' dir='ltr'><strong><em>αὐτῶν</em></strong></span> <span class='ocrx_word' id='word_1_127' title='bbox 1298 1515 1515 1583; x_wconf 87' lang='grc' dir='ltr'><strong><em>ἀγαθὸν</em></strong></span> <span class='ocrx_word' id='word_1_128' title='bbox 1556 1513 1827 1584; x_wconf 77' lang='grc' dir='ltr'><strong><em>ἑκατέρου.</em></strong></span> <span class='ocrx_word' id='word_1_129' title='bbox 1853 1533 1896 1566; x_wconf 88' lang='lat'><strong><em>15</em></strong></span> 
     </span>
     <span class='ocr_line' id='line_1_17' title="bbox 150 1602 1831 1674; baseline -0.002 -16"><span class='ocrx_word' id='word_1_130' title='bbox 150 1605 373 1658; x_wconf 82' lang='grc' dir='ltr'><strong><em>ἐπειδὰν</em></strong></span> <span class='ocrx_word' id='word_1_131' title='bbox 411 1602 472 1657; x_wconf 76' lang='grc' dir='ltr'><strong><em>δὲ</em></strong></span> <span class='ocrx_word' id='word_1_132' title='bbox 509 1605 611 1672; x_wconf 87' lang='grc' dir='ltr'><strong><em>τὴν</em></strong></span> <span class='ocrx_word' id='word_1_133' title='bbox 657 1603 1038 1674; x_wconf 84' lang='grc' dir='ltr'><strong><em>ἁρμόττουσαν</em></strong></span> <span class='ocrx_word' id='word_1_134' title='bbox 1076 1611 1246 1656; x_wconf 86' lang='grc' dir='ltr'><strong><em>ταῦτα</em></strong></span> <span class='ocrx_word' id='word_1_135' title='bbox 1284 1605 1469 1674; x_wconf 85' lang='grc' dir='ltr'><strong><em>χώραν</em></strong></span> <span class='ocrx_word' id='word_1_136' title='bbox 1507 1604 1672 1673; x_wconf 83' lang='grc' dir='ltr'><strong><em>λάβῃ,</em></strong></span> <span class='ocrx_word' id='word_1_137' title='bbox 1711 1605 1831 1655; x_wconf 91' lang='grc' dir='ltr'><strong><em>τότε</em></strong></span> 
     </span>
     <span class='ocr_line' id='line_1_18' title="bbox 150 1691 1830 1762; baseline -0.001 -16"><span class='ocrx_word' id='word_1_138' title='bbox 150 1693 492 1747; x_wconf 83' lang='grc' dir='ltr'><strong><em>ἀποδίδωσιν</em></strong></span> <span class='ocrx_word' id='word_1_139' title='bbox 530 1692 717 1755; x_wconf 81' lang='grc' dir='ltr'><strong><em>αὐτοῖς</em></strong></span> <span class='ocrx_word' id='word_1_140' title='bbox 755 1693 856 1761; x_wconf 86' lang='grc' dir='ltr'><strong><em>τὴν</em></strong></span> <span class='ocrx_word' id='word_1_141' title='bbox 894 1695 1284 1762; x_wconf 84' lang='grc' dir='ltr'><strong><em>προσήκουσαν</em></strong></span> <span class='ocrx_word' id='word_1_142' title='bbox 1316 1693 1468 1762; x_wconf 80' lang='grc' dir='ltr'><strong><em>ὥραν</em></strong></span> <span class='ocrx_word' id='word_1_143' title='bbox 1505 1693 1566 1745; x_wconf 92' lang='grc' dir='ltr'><strong><em>τὸ</em></strong></span> <span class='ocrx_word' id='word_1_144' title='bbox 1605 1691 1830 1761; x_wconf 90' lang='grc' dir='ltr'><strong><em>πρέπον.</em></strong></span> 
     </span>
     <span class='ocr_line' id='line_1_19' title="bbox 150 1780 1833 1851; baseline -0.001 -16"><span class='ocrx_word' id='word_1_145' title='bbox 150 1781 241 1835; x_wconf 82' lang='grc' dir='ltr'><strong><em>καὶ</em></strong></span> <span class='ocrx_word' id='word_1_146' title='bbox 289 1790 452 1835; x_wconf 86' lang='grc' dir='ltr'><strong><em>τοῦτο</em></strong></span> <span class='ocrx_word' id='word_1_147' title='bbox 503 1781 569 1834; x_wconf 86' lang='grc' dir='ltr'><strong><em>οὐ</em></strong></span> <span class='ocrx_word' id='word_1_148' title='bbox 620 1782 857 1850; x_wconf 88' lang='grc' dir='ltr'><strong><em>χαλεπὸν</em></strong></span> <span class='ocrx_word' id='word_1_149' title='bbox 907 1780 994 1833; x_wconf 84' lang='grc' dir='ltr'><strong><em>ἐπὶ</em></strong></span> <span class='ocrx_word' id='word_1_150' title='bbox 1044 1791 1155 1834; x_wconf 89' lang='grc' dir='ltr'><strong><em>τῶν</em></strong></span> <span class='ocrx_word' id='word_1_151' title='bbox 1203 1788 1298 1849; x_wconf 87' lang='grc' dir='ltr'><strong><em>τῆς</em></strong></span> <span class='ocrx_word' id='word_1_152' title='bbox 1343 1788 1608 1851; x_wconf 82' lang='grc' dir='ltr'><strong><em>μουσικῆς</em></strong></span> <span class='ocrx_word' id='word_1_153' title='bbox 1654 1783 1833 1850; x_wconf 81' lang='grc' dir='ltr'><strong><em>ἔργων</em></strong></span> 
     </span>
     <span class='ocr_line' id='line_1_20' title="bbox 151 1868 1830 1941; baseline -0.001 -18"><span class='ocrx_word' id='word_1_154' title='bbox 151 1876 504 1940; x_wconf 87' lang='grc' dir='ltr'><strong><em>καταμαθεῖν.</em></strong></span> <span class='ocrx_word' id='word_1_155' title='bbox 574 1868 707 1939; x_wconf 85' lang='grc' dir='ltr'><strong><em>φέρε</em></strong></span> <span class='ocrx_word' id='word_1_156' title='bbox 746 1870 868 1939; x_wconf 88' lang='grc' dir='ltr'><strong><em>γάρ,</em></strong></span> <span class='ocrx_word' id='word_1_157' title='bbox 908 1874 963 1922; x_wconf 82' lang='grc' dir='ltr'><strong><em>εἴ</em></strong></span> <span class='ocrx_word' id='word_1_158' title='bbox 994 1889 1077 1932; x_wconf 90' lang='grc' dir='ltr'><strong><em>τις</em></strong></span> <span class='ocrx_word' id='word_1_159' title='bbox 1117 1868 1284 1941; x_wconf 76' lang='grc' dir='ltr'><strong><em>ᾠδαῖς</em></strong></span> <span class='ocrx_word' id='word_1_160' title='bbox 1321 1869 1355 1938; x_wconf 80' lang='grc' dir='ltr'>ἢ</span> <span class='ocrx_word' id='word_1_161' title='bbox 1394 1870 1702 1939; x_wconf 90' lang='grc' dir='ltr'><strong><em>κρούμασιν</em></strong></span> <span class='ocrx_word' id='word_1_162' title='bbox 1741 1869 1830 1938; x_wconf 88' lang='grc' dir='ltr'><strong><em>ὀρ-</em></strong></span> 
     </span>
     <span class='ocr_line' id='line_1_21' title="bbox 152 1956 1897 2028; baseline -0.001 -17"><span class='ocrx_word' id='word_1_163' title='bbox 152 1961 339 2027; x_wconf 86' lang='grc' dir='ltr'><strong><em>γάνων</em></strong></span> <span class='ocrx_word' id='word_1_164' title='bbox 391 1960 452 2011; x_wconf 90' lang='grc' dir='ltr'><strong><em>τὸ</em></strong></span> <span class='ocrx_word' id='word_1_165' title='bbox 506 1959 800 2011; x_wconf 86' lang='grc' dir='ltr'><strong><em>κάλλιστον</em></strong></span> <span class='ocrx_word' id='word_1_166' title='bbox 848 1957 1091 2020; x_wconf 83' lang='grc' dir='ltr'><strong><em>ἐντείνας</em></strong></span> <span class='ocrx_word' id='word_1_167' title='bbox 1143 1957 1306 2027; x_wconf 89' lang='grc' dir='ltr'><strong><em>μέλος</em></strong></span> <span class='ocrx_word' id='word_1_168' title='bbox 1353 1959 1576 2028; x_wconf 76' lang='grc' dir='ltr'><strong><em>ῥυθμοῦ</em></strong></span> <span class='ocrx_word' id='word_1_169' title='bbox 1622 1956 1830 2027; x_wconf 84' lang='grc' dir='ltr'><strong><em>μηδένα</em></strong></span> <span class='ocrx_word' id='word_1_170' title='bbox 1854 1977 1897 2008; x_wconf 80' lang='lat'><strong><em>20</em></strong></span> 
     </span>
     <span class='ocr_line' id='line_1_22' title="bbox 151 2044 1832 2116; baseline -0.001 -15"><span class='ocrx_word' id='word_1_171' title='bbox 151 2057 366 2101; x_wconf 89' lang='grc' dir='ltr'><strong><em>ποιοῖτο</em></strong></span> <span class='ocrx_word' id='word_1_172' title='bbox 413 2048 606 2114; x_wconf 86' lang='grc' dir='ltr'><strong><em>λόγον,</em></strong></span> <span class='ocrx_word' id='word_1_173' title='bbox 653 2044 774 2099; x_wconf 84' lang='grc' dir='ltr'><strong><em>ἔσθ’</em></strong></span> <span class='ocrx_word' id='word_1_174' title='bbox 815 2046 960 2108; x_wconf 81' lang='grc' dir='ltr'><strong><em>ὅπως</em></strong></span> <span class='ocrx_word' id='word_1_175' title='bbox 1007 2048 1077 2098; x_wconf 79' lang='grc' dir='ltr'><strong><em>ἄν</em></strong></span> <span class='ocrx_word' id='word_1_176' title='bbox 1121 2067 1204 2109; x_wconf 91' lang='grc' dir='ltr'><strong><em>τις</em></strong></span> <span class='ocrx_word' id='word_1_177' title='bbox 1250 2047 1542 2116; x_wconf 80' lang='grc' dir='ltr'><strong><em>ἀνάσχοιτο</em></strong></span> <span class='ocrx_word' id='word_1_178' title='bbox 1589 2055 1683 2115; x_wconf 79' lang='grc' dir='ltr'><strong><em>τῆς</em></strong></span> <span class='ocrx_word' id='word_1_179' title='bbox 1722 2067 1832 2099; x_wconf 93' lang='grc' dir='ltr'><strong><em>τοι-</em></strong></span> 
     </span>
     <span class='ocr_line' id='line_1_23' title="bbox 153 2132 1833 2204; baseline -0.001 -16"><span class='ocrx_word' id='word_1_180' title='bbox 153 2137 320 2203; x_wconf 82' lang='grc' dir='ltr'><strong><em>αύτης</em></strong></span> <span class='ocrx_word' id='word_1_181' title='bbox 373 2142 660 2204; x_wconf 82' lang='grc' dir='ltr'><strong><em>μουσικῆς;</em></strong></span> <span class='ocrx_word' id='word_1_182' title='bbox 720 2137 778 2186; x_wconf 93' lang='grc' dir='ltr'><strong><em>τί</em></strong></span> <span class='ocrx_word' id='word_1_183' title='bbox 827 2133 910 2198; x_wconf 88' lang='grc' dir='ltr'><strong><em>δέ;</em></strong></span> <span class='ocrx_word' id='word_1_184' title='bbox 972 2136 1019 2187; x_wconf 85' lang='grc' dir='ltr'><strong><em>εἰ</em></strong></span> <span class='ocrx_word' id='word_1_185' title='bbox 1072 2136 1284 2188; x_wconf 90' lang='grc' dir='ltr'><strong><em>τούτων</em></strong></span> <span class='ocrx_word' id='word_1_186' title='bbox 1345 2132 1446 2204; x_wconf 76' lang='grc' dir='ltr'><strong><em>μὲν</em></strong></span> <span class='ocrx_word' id='word_1_187' title='bbox 1506 2134 1833 2203; x_wconf 80' lang='grc' dir='ltr'><strong><em>ἀμφοτέρων</em></strong></span> 
     </span>
     <span class='ocr_line' id='line_1_24' title="bbox 153 2221 1833 2296; baseline -0.001 -19"><span class='ocrx_word' id='word_1_188' title='bbox 153 2226 494 2294; x_wconf 84' lang='grc' dir='ltr'><strong><em>προνοηθείη</em></strong></span> <span class='ocrx_word' id='word_1_189' title='bbox 534 2225 781 2292; x_wconf 89' lang='grc' dir='ltr'><strong><em>μετρίως,</em></strong></span> <span class='ocrx_word' id='word_1_190' title='bbox 820 2221 977 2291; x_wconf 90' lang='grc' dir='ltr'><strong><em>μένοι</em></strong></span> <span class='ocrx_word' id='word_1_191' title='bbox 1016 2221 1068 2275; x_wconf 83' lang='grc' dir='ltr'><strong><em>δ’</em></strong></span> <span class='ocrx_word' id='word_1_192' title='bbox 1101 2221 1187 2275; x_wconf 81' lang='grc' dir='ltr'><strong><em>ἐπὶ</em></strong></span> <span class='ocrx_word' id='word_1_193' title='bbox 1227 2231 1321 2291; x_wconf 82' lang='grc' dir='ltr'><strong><em>τῆς</em></strong></span> <span class='ocrx_word' id='word_1_194' title='bbox 1360 2223 1526 2291; x_wconf 80' lang='grc' dir='ltr'><strong><em>αὐτῆς</em></strong></span> <span class='ocrx_word' id='word_1_195' title='bbox 1564 2226 1833 2296; x_wconf 78' lang='grc' dir='ltr'><strong><em>μελῳδίας</em></strong></span> 
     </span>
    </p>
   </div>
   <div class='ocr_carea' id='block_1_3' title="bbox 155 2409 1834 3000">
    <p class='ocr_par' dir='ltr' id='par_1_3' title="bbox 155 2409 1834 3000">
     <span class='ocr_line' id='line_1_25' title="bbox 273 2409 1834 2470; baseline 0.001 -14"><span class='ocrx_word' id='word_1_196' title='bbox 273 2418 301 2456; x_wconf 84' lang='grc'>4</span> <span class='ocrx_word' id='word_1_197' title='bbox 334 2411 507 2470; x_wconf 74' lang='grc' dir='ltr'><strong><em>γίνεται</em></strong></span> <span class='ocrx_word' id='word_1_198' title='bbox 540 2413 588 2455; x_wconf 88' lang='grc' dir='ltr'><strong>Μ</strong></span> <span class='ocrx_word' id='word_1_199' title='bbox 630 2412 636 2470; x_wconf 88' lang='grc' dir='ltr'>Ι</span> <span class='ocrx_word' id='word_1_200' title='bbox 680 2409 861 2468; x_wconf 84' lang='grc' dir='ltr'><strong><em>ρηθμὸς</em></strong></span> <span class='ocrx_word' id='word_1_201' title='bbox 892 2425 994 2455; x_wconf 82' lang='lat' dir='ltr'>corr</span> <span class='ocrx_word' id='word_1_202' title='bbox 1025 2411 1074 2454; x_wconf 92' lang='lat' dir='ltr'><strong><em>in</em></strong></span> <span class='ocrx_word' id='word_1_203' title='bbox 1105 2409 1287 2468; x_wconf 68' lang='grc' dir='ltr'><strong><em>ῥυθμὸς</em></strong></span> <span class='ocrx_word' id='word_1_204' title='bbox 1317 2412 1354 2455; x_wconf 93' lang='grc' dir='ltr'>Β</span> <span class='ocrx_word' id='word_1_205' title='bbox 1409 2410 1621 2470; x_wconf 82' lang='grc' dir='ltr'><strong><em>ῤἠθμοὺς</em></strong></span> <span class='ocrx_word' id='word_1_206' title='bbox 1653 2428 1754 2457; x_wconf 83' lang='lat' dir='ltr'><strong>con·</strong></span> <span class='ocrx_word' id='word_1_207' title='bbox 1783 2413 1834 2457; x_wconf 89' lang='lat' dir='ltr'><strong><em>in</em></strong></span> 
     </span>
     <span class='ocr_line' id='line_1_26' title="bbox 156 2469 1737 2530; baseline 0.001 -14"><span class='ocrx_word' id='word_1_208' title='bbox 156 2469 336 2529; x_wconf 74' lang='grc' dir='ltr'><strong><em>ῥυθμὸς</em></strong></span> <span class='ocrx_word' id='word_1_209' title='bbox 366 2473 403 2515; x_wconf 92' lang='grc' dir='ltr'>Ρ</span> <span class='ocrx_word' id='word_1_210' title='bbox 524 2477 550 2515; x_wconf 84' lang='lat'>5</span> <span class='ocrx_word' id='word_1_211' title='bbox 581 2472 809 2515; x_wconf 82' lang='grc' dir='ltr'><strong><em>ἀποδύειν</em></strong></span> <span class='ocrx_word' id='word_1_212' title='bbox 840 2470 878 2513; x_wconf 93' lang='grc' dir='ltr'>Β</span> <span class='ocrx_word' id='word_1_213' title='bbox 999 2475 1024 2514; x_wconf 87' lang='grc'><strong>6</strong></span> <span class='ocrx_word' id='word_1_214' title='bbox 1057 2473 1276 2515; x_wconf 88' lang='grc' dir='ltr'><strong><em>καλοῦσιν</em></strong></span> <span class='ocrx_word' id='word_1_215' title='bbox 1307 2471 1345 2514; x_wconf 93' lang='grc' dir='ltr'>Β</span> <span class='ocrx_word' id='word_1_216' title='bbox 1467 2477 1490 2515; x_wconf 87' lang='grc'><strong>7</strong></span> <span class='ocrx_word' id='word_1_217' title='bbox 1523 2472 1670 2530; x_wconf 81' lang='grc' dir='ltr'><strong><em>λόγων</em></strong></span> <span class='ocrx_word' id='word_1_218' title='bbox 1701 2473 1737 2516; x_wconf 88' lang='grc' dir='ltr'>Ρ</span> 
     </span>
     <span class='ocr_line' id='line_1_27' title="bbox 159 2526 1833 2588; baseline 0 -13"><span class='ocrx_word' id='word_1_219' title='bbox 159 2536 185 2575; x_wconf 85' lang='grc'>8</span> <span class='ocrx_word' id='word_1_220' title='bbox 247 2530 389 2586; x_wconf 89' lang='grc' dir='ltr'><strong><em>ρόνον</em></strong></span> <span class='ocrx_word' id='word_1_221' title='bbox 422 2531 471 2574; x_wconf 89' lang='lat' dir='ltr'><strong><em>in</em></strong></span> <span class='ocrx_word' id='word_1_222' title='bbox 503 2530 682 2588; x_wconf 84' lang='grc' dir='ltr'><strong><em>χρόνων</em></strong></span> <span class='ocrx_word' id='word_1_223' title='bbox 714 2543 816 2573; x_wconf 84' lang='lat' dir='ltr'>corr</span> <span class='ocrx_word' id='word_1_224' title='bbox 846 2530 882 2572; x_wconf 94' lang='lat' dir='ltr'>P</span> <span class='ocrx_word' id='word_1_225' title='bbox 1011 2534 1036 2573; x_wconf 89' lang='grc'><strong>9</strong></span> <span class='ocrx_word' id='word_1_226' title='bbox 1062 2526 1386 2585; x_wconf 81' lang='grc' dir='ltr'><strong><em>Ἀριστόξενοις</em></strong></span> <span class='ocrx_word' id='word_1_227' title='bbox 1418 2534 1612 2575; x_wconf 73' lang='lat' dir='ltr'>accentu</span> <span class='ocrx_word' id='word_1_228' title='bbox 1644 2546 1781 2588; x_wconf 86' lang='lat' dir='ltr'>super</span> <span class='ocrx_word' id='word_1_229' title='bbox 1812 2547 1833 2575; x_wconf 87' lang='grc' dir='ltr'><strong><em>ε</em></strong></span> 
     </span>
     <span class='ocr_line' id='line_1_28' title="bbox 158 2589 1832 2664; baseline 0.001 -31"><span class='ocrx_word' id='word_1_230' title='bbox 158 2590 215 2634; x_wconf 80' lang='lat' dir='ltr'><strong><em>de</em></strong></span> <span class='ocrx_word' id='word_1_231' title='bbox 236 2593 311 2634; x_wconf 78' lang='lat' dir='ltr'><strong><em>eto</em></strong></span> <span class='ocrx_word' id='word_1_232' title='bbox 343 2590 379 2633; x_wconf 93' lang='lat' dir='ltr'>P</span> <span class='ocrx_word' id='word_1_233' title='bbox 408 2592 413 2646; x_wconf 94' lang='grc' dir='ltr'>Ι</span> <span class='ocrx_word' id='word_1_234' title='bbox 443 2589 610 2643; x_wconf 77' lang='grc' dir='ltr'><strong><em>ἔδοξαν</em></strong></span> <span class='ocrx_word' id='word_1_235' title='bbox 642 2589 724 2632; x_wconf 90' lang='grc' dir='ltr'><strong><em>ΒΡ</em></strong></span> <span class='ocrx_word' id='word_1_236' title='bbox 838 2593 894 2631; x_wconf 90' lang='grc'><strong><em>10</em></strong></span> <span class='ocrx_word' id='word_1_237' title='bbox 923 2589 1295 2633; x_wconf 83' lang='grc' dir='ltr'><strong><em>κατεσκεύασθαι</em></strong></span> <span class='ocrx_word' id='word_1_238' title='bbox 1326 2590 1407 2634; x_wconf 89' lang='grc' dir='ltr'><strong><em>ΒΡ</em></strong></span> <span class='ocrx_word' id='word_1_239' title='bbox 1435 2593 1442 2646; x_wconf 82' lang='grc' dir='ltr'>Ι</span> <span class='ocrx_word' id='word_1_240' title='bbox 1469 2592 1679 2664; x_wconf 81' lang='grc' dir='ltr'><strong><em>πρώτων]</em></strong></span> <span class='ocrx_word' id='word_1_241' title='bbox 1711 2599 1832 2646; x_wconf 85' lang='grc' dir='ltr'><strong><em>πρῶ-</em></strong></span> 
     </span>
     <span class='ocr_line' id='line_1_29' title="bbox 155 2647 1832 2716; baseline 0 -24"><span class='ocrx_word' id='word_1_242' title='bbox 155 2665 237 2693; x_wconf 89' lang='grc' dir='ltr'><strong><em>τον</em></strong></span> <span class='ocrx_word' id='word_1_243' title='bbox 268 2649 306 2692; x_wconf 91' lang='grc' dir='ltr'>Β</span> <span class='ocrx_word' id='word_1_244' title='bbox 430 2654 480 2716; x_wconf 85' lang='grc'><strong><em>11</em></strong></span> <span class='ocrx_word' id='word_1_245' title='bbox 515 2647 652 2705; x_wconf 83' lang='grc' dir='ltr'><strong><em>μέρος</em></strong></span> <span class='ocrx_word' id='word_1_246' title='bbox 681 2648 803 2691; x_wconf 82' lang='lat' dir='ltr'><strong><em>BPv</em></strong></span> <span class='ocrx_word' id='word_1_247' title='bbox 924 2652 977 2690; x_wconf 82' lang='lat'><strong><em>12</em></strong></span> <span class='ocrx_word' id='word_1_248' title='bbox 1010 2648 1215 2702; x_wconf 79' lang='grc' dir='ltr'><strong><em>αὔξεισιν</em></strong></span> <span class='ocrx_word' id='word_1_249' title='bbox 1246 2648 1284 2691; x_wconf 93' lang='grc' dir='ltr'>Β</span> <span class='ocrx_word' id='word_1_250' title='bbox 1400 2654 1454 2693; x_wconf 85' lang='grc'>14</span> <span class='ocrx_word' id='word_1_251' title='bbox 1484 2650 1535 2694; x_wconf 90' lang='grc' dir='ltr'><strong><em>τὸ</em></strong></span> <span class='ocrx_word' id='word_1_252' title='bbox 1567 2648 1733 2706; x_wconf 86' lang='grc' dir='ltr'><strong><em>μέτρον</em></strong></span> <span class='ocrx_word' id='word_1_253' title='bbox 1765 2650 1832 2694; x_wconf 88' lang='lat' dir='ltr'><strong><em>M:</em></strong></span> 
     </span>
     <span class='ocr_line' id='line_1_30' title="bbox 157 2703 1759 2779; baseline 0 -28"><span class='ocrx_word' id='word_1_254' title='bbox 157 2708 238 2752; x_wconf 92' lang='grc' dir='ltr'><strong><em>τὸν</em></strong></span> <span class='ocrx_word' id='word_1_255' title='bbox 271 2705 436 2763; x_wconf 86' lang='grc' dir='ltr'><strong><em>μέτρον</em></strong></span> <span class='ocrx_word' id='word_1_256' title='bbox 460 2707 510 2751; x_wconf 89' lang='lat' dir='ltr'><strong><em>in</em></strong></span> <span class='ocrx_word' id='word_1_257' title='bbox 533 2723 613 2764; x_wconf 91' lang='lat' dir='ltr'><strong><em>mg</em></strong></span> <span class='ocrx_word' id='word_1_258' title='bbox 636 2707 673 2750; x_wconf 94' lang='lat' dir='ltr'>B</span> <span class='ocrx_word' id='word_1_259' title='bbox 726 2710 789 2765; x_wconf 80' lang='grc' dir='ltr'><strong><em>τῷ</em></strong></span> <span class='ocrx_word' id='word_1_260' title='bbox 804 2703 967 2779; x_wconf 82' lang='grc' dir='ltr'><strong><em>μέτρῳ</em></strong></span> <span class='ocrx_word' id='word_1_261' title='bbox 990 2706 1028 2750; x_wconf 94' lang='grc' dir='ltr'>Β</span> <span class='ocrx_word' id='word_1_262' title='bbox 1059 2707 1108 2750; x_wconf 90' lang='lat' dir='ltr'><strong><em>in</em></strong></span> <span class='ocrx_word' id='word_1_263' title='bbox 1138 2710 1286 2763; x_wconf 74' lang='lat' dir='ltr'><strong>textu,</strong></span> <span class='ocrx_word' id='word_1_264' title='bbox 1308 2708 1388 2751; x_wconf 88' lang='lat' dir='ltr'><strong><em>Pv</em></strong></span> <span class='ocrx_word' id='word_1_265' title='bbox 1451 2713 1504 2752; x_wconf 91' lang='lat'><strong><em>15</em></strong></span> <span class='ocrx_word' id='word_1_266' title='bbox 1538 2709 1759 2753; x_wconf 87' lang='grc' dir='ltr'><strong><em>εἰκεῖονΒ</em></strong></span> 
     </span>
     <span class='ocr_line' id='line_1_31' title="bbox 160 2752 1832 2824; baseline 0.001 -15"><span class='ocrx_word' id='word_1_267' title='bbox 160 2771 213 2810; x_wconf 88' lang='grc'><strong><em>16</em></strong></span> <span class='ocrx_word' id='word_1_268' title='bbox 245 2773 391 2810; x_wconf 84' lang='grc' dir='ltr'><strong><em>ταῦτα</em></strong></span> <span class='ocrx_word' id='word_1_269' title='bbox 422 2768 650 2824; x_wconf 83' lang='grc' dir='ltr'><strong><em>χώραν-</em></strong></span> <span class='ocrx_word' id='word_1_270' title='bbox 667 2752 992 2820; x_wconf 80' lang='grc' dir='ltr'><strong><em>προσήκουσαν</em></strong></span> <span class='ocrx_word' id='word_1_271' title='bbox 1023 2765 1096 2810; x_wconf 89' lang='lat' dir='ltr'><strong><em>bis</em></strong></span> <span class='ocrx_word' id='word_1_272' title='bbox 1129 2766 1395 2811; x_wconf 75' lang='lat' dir='ltr'><strong>scribuntur</strong></span> <span class='ocrx_word' id='word_1_273' title='bbox 1425 2767 1474 2810; x_wconf 89' lang='lat' dir='ltr'><strong><em>in</em></strong></span> <span class='ocrx_word' id='word_1_274' title='bbox 1498 2768 1534 2811; x_wconf 93' lang='lat' dir='ltr'>P</span> <span class='ocrx_word' id='word_1_275' title='bbox 1630 2773 1685 2811; x_wconf 88' lang='grc'><strong><em>20</em></strong></span> <span class='ocrx_word' id='word_1_276' title='bbox 1717 2766 1832 2822; x_wconf 83' lang='grc' dir='ltr'><strong><em>ῥύθ-</em></strong></span> 
     </span>
     <span class='ocr_line' id='line_1_32' title="bbox 160 2825 1834 2881; baseline -0.001 -13"><span class='ocrx_word' id='word_1_277' title='bbox 160 2831 247 2880; x_wconf 86' lang='grc' dir='ltr'><strong><em>μοῦ</em></strong></span> <span class='ocrx_word' id='word_1_278' title='bbox 286 2826 374 2881; x_wconf 83' lang='grc' dir='ltr'><strong><em>μοὺ</em></strong></span> <span class='ocrx_word' id='word_1_279' title='bbox 405 2826 442 2868; x_wconf 92' lang='grc' dir='ltr'>Β</span> <span class='ocrx_word' id='word_1_280' title='bbox 490 2826 572 2870; x_wconf 84' lang='lat' dir='ltr'><strong><em>sed</em></strong></span> <span class='ocrx_word' id='word_1_281' title='bbox 611 2826 700 2881; x_wconf 89' lang='grc' dir='ltr'><strong><em>μοὺ</em></strong></span> <span class='ocrx_word' id='word_1_282' title='bbox 740 2827 969 2868; x_wconf 80' lang='lat' dir='ltr'>corrector</span> <span class='ocrx_word' id='word_1_283' title='bbox 1007 2825 1198 2869; x_wconf 75' lang='lat' dir='ltr'><strong>sustulit</strong></span> <span class='ocrx_word' id='word_1_284' title='bbox 1347 2830 1400 2869; x_wconf 82' lang='lat'><strong><em>21</em></strong></span> <span class='ocrx_word' id='word_1_285' title='bbox 1442 2834 1623 2871; x_wconf 86' lang='grc' dir='ltr'><strong><em>ποιοῖτο</em></strong></span> <span class='ocrx_word' id='word_1_286' title='bbox 1654 2826 1834 2881; x_wconf 83' lang='lat' dir='ltr'>Kruger</span> 
     </span>
     <span class='ocr_line' id='line_1_33' title="bbox 160 2883 1832 2958; baseline -0.001 -31"><span class='ocrx_word' id='word_1_287' title='bbox 160 2883 402 2939; x_wconf 87' lang='grc' dir='ltr'><strong><em>ποιήσαιτο</em></strong></span> <span class='ocrx_word' id='word_1_288' title='bbox 428 2884 656 2929; x_wconf 79' lang='lat' dir='ltr'>Sadaeus:</span> <span class='ocrx_word' id='word_1_289' title='bbox 690 2890 878 2938; x_wconf 84' lang='grc' dir='ltr'><strong><em>ποιῆται</em></strong></span> <span class='ocrx_word' id='word_1_290' title='bbox 907 2886 911 2938; x_wconf 93' lang='grc' dir='ltr'>Ι</span> <span class='ocrx_word' id='word_1_291' title='bbox 948 2883 1123 2934; x_wconf 85' lang='grc' dir='ltr'><strong><em>ὁπῶςΒ</em></strong></span> <span class='ocrx_word' id='word_1_292' title='bbox 1158 2887 1164 2941; x_wconf 89' lang='grc' dir='ltr'>Ι</span> <span class='ocrx_word' id='word_1_293' title='bbox 1198 2885 1469 2958; x_wconf 81' lang='grc' dir='ltr'><strong><em>ἀνσχοιτοΡ</em></strong></span> <span class='ocrx_word' id='word_1_294' title='bbox 1502 2902 1526 2929; x_wconf 95' lang='grc' dir='ltr'><strong><em>ο</em></strong></span> <span class='ocrx_word' id='word_1_295' title='bbox 1560 2888 1607 2929; x_wconf 71' lang='lat' dir='ltr'><strong><em>et</em></strong></span> <span class='ocrx_word' id='word_1_296' title='bbox 1639 2887 1832 2927; x_wconf 79' lang='lat' dir='ltr'>accentu</span> 
     </span>
     <span class='ocr_line' id='line_1_34' title="bbox 162 2939 1832 3000; baseline 0 -16"><span class='ocrx_word' id='word_1_297' title='bbox 162 2955 298 2999; x_wconf 84' lang='lat' dir='ltr'><strong>super</strong></span> <span class='ocrx_word' id='word_1_298' title='bbox 322 2958 376 2987; x_wconf 88' lang='grc' dir='ltr'><strong><em>νσ</em></strong></span> <span class='ocrx_word' id='word_1_299' title='bbox 408 2943 571 2987; x_wconf 81' lang='lat' dir='ltr'>addito</span> <span class='ocrx_word' id='word_1_300' title='bbox 667 2947 720 2986; x_wconf 89' lang='grc'><strong><em>22</em></strong></span> <span class='ocrx_word' id='word_1_301' title='bbox 754 2940 797 2985; x_wconf 84' lang='grc' dir='ltr'><strong><em>τί</em></strong></span> <span class='ocrx_word' id='word_1_302' title='bbox 829 2939 896 2999; x_wconf 82' lang='grc' dir='ltr'><strong><em>δ(ε</em></strong></span> <span class='ocrx_word' id='word_1_303' title='bbox 923 2968 977 2975; x_wconf 89' lang='lat'><em>-</em></span> <span class='ocrx_word' id='word_1_304' title='bbox 1004 2941 1134 2998; x_wconf 85' lang='grc' dir='ltr'><strong><em>μένοι</em></strong></span> <span class='ocrx_word' id='word_1_305' title='bbox 1166 2942 1233 3000; x_wconf 83' lang='grc' dir='ltr'><strong><em>δ’)</em></strong></span> <span class='ocrx_word' id='word_1_306' title='bbox 1265 2943 1446 2987; x_wconf 84' lang='lat' dir='ltr'><strong>inclusa</strong></span> <span class='ocrx_word' id='word_1_307' title='bbox 1476 2943 1549 2987; x_wconf 89' lang='lat' dir='ltr'><strong><em>bis</em></strong></span> <span class='ocrx_word' id='word_1_308' title='bbox 1583 2943 1725 2998; x_wconf 69' lang='lat' dir='ltr'>scrips</span> <span class='ocrx_word' id='word_1_309' title='bbox 1707 2942 1766 2985; x_wconf 78' lang='lat' dir='ltr'><strong><em>sit</em></strong></span> <span class='ocrx_word' id='word_1_310' title='bbox 1796 2942 1832 2984; x_wconf 92' lang='lat' dir='ltr'>P</span> 
     </span>
    </p>
   </div>
  </div>
 </body>
</html>
