2004 3202
199 141 305 194 152
508 119 510 121 ’
622 140 961 184 ΔΙοΝΤΣΙοΤ
991 139 1456 201 ΑΛΙΚΑΡΝΑΣΕΩΣ
1934 0 2000 334 ἦ

196 276 366 330 αὐτὸν
405 278 481 338 εἰς
519 277 580 328 τὸ
619 280 834 344 Δεῖγμα
882 274 941 327 ἐν
978 276 1138 343 κλίνη
1185 271 1275 325 καὶ
1325 272 1605 337 ἐπέδειξαν
1642 278 1869 337 πολλοῖς

195 362 296 434 μὲν
320 364 633 433 Ἀθηναίων
662 369 886 425 πολλοῖς
919 359 978 414 δὲ
1016 359 1106 413 καὶ
1137 370 1248 414 τῶν
1279 363 1462 415 ἄλλων
1493 361 1663 426 ξένων
1695 362 1870 426 οὕτως

197 455 560 522 διακείμενον,
607 454 743 505 ὥστε
789 453 917 512 τοὺς
958 451 1177 512 ἰδόντας
1223 451 1294 519 μὴ
1340 452 1515 519 μόνον
1552 460 1666 514 τοῖς
1711 454 1870 520 ποιή-

197 556 359 598 σασιν
389 541 702 611 ὀργίζεσθαι
735 539 872 592 ἄλλα
910 537 999 591 καὶ
1031 545 1126 606 τῆς
1158 540 1367 601 πόλεως
1404 548 1746 610 κατηγορεῖν,
1786 540 1871 592 ὅτι
1994 600 1997 610 ¹

153 648 174 678 5
199 630 264 682 οὐ
306 631 539 700 δημοσίᾳ
579 626 708 682 οὐδὲ
746 634 1071 698 παραχρῆμα
1110 629 1239 690 τοὺς
1277 628 1342 680 τὰ
1381 635 1606 680 τοιαῦτα
1646 627 1874 698 ἐξαμαρ-
1990 611 1999 696 Ι

196 720 462 780 τάνοντας
499 716 849 786 τιμωρεῖταιῖ
1991 700 1998 732 “’

111 804 180 855 12
309 807 442 875 αὕτη
492 803 592 875 μὲν
629 805 661 873 ἡ
703 799 918 857 Λυσίου
958 805 1208 872 διήγησις
1249 803 1306 857 ἐκ
1344 813 1443 858 τοῦ
1484 806 1619 858 κατὰ
1653 806 1874 868 Τίσιδος

198 879 380 963 λόγου.
449 895 518 962 ἣν
550 891 610 946 δὲ
649 901 755 946 νῦν
788 891 964 962 μέλλω
998 891 1196 961 λέγειν,
1236 892 1636 962 Δημοσθένους
1677 892 1734 946 ἐκ
1773 901 1872 946 τοῦ

195 985 331 1036 κατὰ
369 985 649 1050 Κόνωνος,
687 978 751 1050 ἧς
790 982 890 1049 τὴν
928 983 1310 1051 πραγματικὴν
1349 981 1641 1051 ὁμοιότητα
1682 981 1873 1034 ἐάσαν-

132 1090 174 1122 10
198 1092 283 1134 τες
357 1111 989 1128 ........
1009 1121 1012 1126 ,
1052 1112 1083 1125 ,..
1203 1069 1215 1085 ’
1243 1062 1254 1122 ζ
1331 1110 1696 1123 .....
1772 1071 1874 1138 τὴν

197 1161 256 1213 ἐν
294 1169 356 1230 τῇ
396 1159 535 1223 λέξει
576 1169 888 1228 σκοπῶμεν·
929 1158 1298 1228 (Ἐξήλθομεν
1337 1161 1456 1221 ἔτος
1493 1157 1647 1212 τουτὶ
1686 1161 1874 1228 τρίτον

196 1251 271 1311 εἰς
311 1250 609 1302 Πάνακτον
648 1255 897 1318 φρουρᾶς
935 1247 1068 1317 ἡμῖν
1104 1245 1544 1319 προγραΙφείσης.
1616 1246 1851 1315 ἐσκήνω-
1878 1261 1963 1300 987
1992 1266 1997 1308 ἰ

196 1351 298 1389 σαν
338 1333 440 1390 οὖν
472 1338 524 1390 οἱ
564 1338 702 1399 υἱεῖς
742 1337 794 1389 οἱ
824 1338 1089 1398 Κόνωνος
1127 1335 1351 1389 τουτουὶ
1391 1335 1554 1404 ἐγγὺς
1591 1335 1763 1405 ἡμῶν,
1803 1336 1874 1399 ὡς
1991 1344 1997 1389 'z

197 1425 297 1477 οὐκ
351 1425 421 1478 ἂν
469 1425 791 1494 ἐβουλόμην.
868 1424 1053 1495 ἡγὰρ
1111 1424 1163 1488 ἐξ
1219 1424 1386 1494 ἀρχῆς
1439 1427 1613 1494 ἔχθρα
1665 1423 1756 1478 καὶ
1808 1427 1874 1477 τὰ
1986 1461 1996 2047 ρ

1987 2163 1991 2229 Ι

1987 2236 1991 2301 ἒ

1986 2311 1991 2351 f

1991 393 1999 462 Ι

1991 1147 1997 1192 ἲ

129 1531 171 1563 15
194 1514 617 1583 προσκρούματα
651 1513 866 1566 ἐκεῖθεν
889 1513 1021 1581 ἡμῖν
1046 1512 1273 1581 συνέβη·
1309 1511 1426 1580 ἑξῆς
1459 1509 1520 1565 δὲ
1551 1512 1874 1566 ἀκούσεσθε.

196 1605 388 1655 ἔπινον
414 1601 666 1654 ἑκάστοτε
691 1597 844 1654 οὗτοι
875 1602 976 1669 τὴν
1006 1600 1214 1671 ἡμέραν
1246 1602 1397 1669 ὅλην,
1431 1600 1617 1669 ἐπειδὴ
1650 1603 1874 1670 τάχιστα

195 1690 565 1759 ἀριστήσειαν,
612 1688 702 1741 καὶ
750 1688 932 1757 τοῦθ’,
980 1688 1186 1759 ἕωσπερ
1235 1686 1372 1758 ἦμεν
1419 1689 1478 1742 ἐν
1524 1698 1588 1759 τῇ
1636 1697 1874 1760 φρουρᾷ,

197 1777 476 1831 διετέλουν
513 1786 826 1839 ποιοῦντες·
875 1778 1028 1846 ἡμεῖς
1075 1777 1147 1846 δ’,
1195 1779 1375 1847 ὥσπερ
1418 1777 1620 1831 ἐνθάδε
1659 1779 1873 1831 εἰώθει-

195 1885 312 1934 μεν,
359 1866 500 1918 οὕτω
541 1867 804 1935 διήγομεν
841 1865 930 1918 καὶ
979 1866 1093 1929 ἔξω.
1157 1865 1247 1918 καὶ
1286 1866 1356 1933 ἣν
1395 1867 1872 1919 δειπνοποιεῖσθαι

314 2031 335 2068 1
364 2025 573 2069 scholion
599 2026 622 2069 ὁ
647 2025 787 2076 τόπος
813 2025 863 2070 ἐν
883 2030 945 2083 τῷ
964 2028 1176 2081 Πειραιεῖ
1194 2028 1425 2082 (πειρακεῖ
1437 2026 1506 2083 Β),
1534 2025 1655 2070 ἔνθα
1677 2023 1800 2082 (ἔνθ’
1815 2026 1870 2082 Ρ)

196 2082 430 2128 ἐδείκνυτο
449 2082 754 2140 (ἐδεικαίνυτο
769 2084 806 2127 Β
836 2084 1059 2140 ἐδήκνυτο
1072 2085 1126 2141 Ρ)
1144 2092 1266 2136 σῖτος
1289 2085 1370 2129 καὶ
1394 2084 1508 2129 ἄλλα
1529 2084 1696 2140 ὄσπρια
1713 2083 1870 2140 (ὅσπερ

196 2143 292 2198 BP)
320 2141 634 2199 ὑποδείγματα
735 2148 785 2187 11
812 2143 1146 2188 Demosthenes
1179 2143 1299 2188 κατὰ
1324 2143 1544 2195 Κόνωνος
1568 2158 1620 2188 or
1637 2143 1737 2187 LIV
1755 2148 1869 2187 3-9

314 2296 338 2333 2
372 2289 489 2334 οὕτω
521 2291 714 2334 Ioannes
845 2296 868 2334 7
903 2289 1077 2336 Λυσίου
1105 2292 1153 2334 Μ
1194 2291 1490 2348 Sylburgius:
1531 2292 1679 2347 λώρου
1711 2291 1832 2334 BPv
1862 2295 1865 2342 Ι

196 2362 255 2391 an
286 2349 313 2404 ἡ
348 2349 426 2393 gn?
456 2352 460 2405 Ι
495 2347 667 2400 τίσιδος
697 2350 892 2406 posthae
925 2351 1018 2394 add
1042 2351 1090 2394 M
1182 2355 1207 2394 9
1240 2350 1445 2401 κόνωνος
1474 2349 1671 2406 posthae
1703 2351 1797 2394 add
1821 2350 1871 2393 M

315 2413 368 2450 10
400 2407 473 2450 lae
497 2409 580 2451 XII
612 2408 690 2451 litt
721 2409 789 2463 M,
830 2409 1001 2453 XXXII
1032 2409 1112 2453 litt
1135 2410 1193 2465 B,
1227 2409 1372 2453 totius
1405 2409 1500 2453 fere
1531 2423 1691 2453 uersus
1715 2410 1752 2452 P

199 2471 248 2508 11
285 2465 482 2522 ἐξῆλθον
515 2467 553 2508 D
598 2469 602 2522 Ι
645 2468 770 2511 τουτὶ
801 2466 954 2523 τρίτον
986 2469 1034 2511 Μ
1064 2484 1112 2511 m
1142 2482 1322 2513 reeens:
1362 2467 1436 2511 lac
1466 2468 1509 2511 X
1539 2467 1620 2511 litt
1649 2468 1701 2523 B,
1740 2468 1870 2511 XVII

196 2523 275 2567 libb
305 2525 341 2568 P
463 2530 516 2567 12
558 2533 770 2580 φρουρῶς
810 2525 879 2570 ὅλι
910 2527 1011 2583 (sie)
1042 2527 1079 2570 B
1123 2529 1128 2585 Ι
1172 2526 1436 2583 ἐσκήνωσαν
1470 2523 1555 2571 οὖν
1589 2525 1641 2570 οἷ
1670 2525 1784 2577 υἱεῖς
1822 2542 1870 2569 m

195 2576 369 2628 ree-ss:
409 2582 483 2626 lae
514 2583 620 2627 XIII
659 2583 738 2628 litt
768 2585 819 2640 B,
859 2586 1051 2629 XXXIII
1080 2586 1162 2630 libi:
1191 2586 1227 2629 P
1349 2590 1403 2629 13
1442 2585 1625 2629 τουτουὶ
1663 2584 1871 2636 κόνωνος

195 2631 355 2684 ΒΡΝΓ
375 2642 455 2684 sed
488 2642 632 2698 signis
667 2657 804 2699 supra
837 2644 1011 2688 additis
1037 2659 1138 2690 corr
1160 2645 1209 2688 M
1244 2646 1248 2702 Ι
1284 2645 1344 2694 ὡς
1375 2644 1470 2687 add
1493 2659 1540 2686 m
1562 2657 1637 2687 ree
1662 2644 1710 2686 M
1735 2658 1810 2686 om
1829 2645 1867 2687 P

315 2705 366 2743 15
401 2700 570 2773 ζυνήβη
595 2701 632 2743 Β
668 2704 672 2758 Ι
709 2700 830 2759 ἑξῆς]
864 2702 910 2755 ἐξ
935 2699 1055 2748 ὧνΙ)
1092 2706 1097 2761 Ι
1132 2703 1420 2748 ἀκούσεσθαι
1442 2702 1582 2745 ΜΒΡ
1612 2702 1706 2746 fort
1738 2702 1783 2754 ἐξ,
1813 2699 1867 2756 ἧς

194 2757 239 2803 δ’
269 2759 503 2803 ἀκούσεσθ
550 2757 700 2810 αἰτίας
737 2760 986 2817 Dionysius
1128 2768 1182 2806 16
1223 2760 1379 2812 ἔπινος
1409 2761 1446 2804 Β
1497 2763 1502 2818 Ι
1552 2761 1635 2817 τὴν
1674 2759 1866 2818 ἡμέραν,

196 2818 738 2875 ἐπειδὴ-ἀριστήσαιεν,
772 2818 880 2875 ὅλην
905 2821 944 2863 D
1045 2826 1098 2865 17
1132 2820 1279 2876 ὥσπερ
1304 2820 1442 2863 ΜΒΡ
1471 2821 1476 2876 Ι
1505 2819 1574 2877 ἐν]
1608 2819 1683 2863 ἐπὶ
1706 2819 1746 2862 D

197 2882 251 2921 18
286 2877 517 2934 εἰώθημεν
550 2877 689 2919 ΜΒΡ
747 2878 981 2934 εἰώθαμεν
1011 2880 1050 2923 D
1173 2885 1227 2923 19
1259 2879 1338 2924 καὶ
1370 2877 1447 2936 ἣν]
1488 2879 1567 2922 καὶ
1598 2895 1682 2922 nvo
1714 2879 1751 2921 B
1806 2877 1883 2933 ἣν

197 2933 281 2980 οὖν
313 2936 353 2979 D
