<?xml version="1.0" encoding="UTF-8"?>
<!DOCTYPE html PUBLIC "-//W3C//DTD XHTML 1.0 Transitional//EN"
    "http://www.w3.org/TR/xhtml1/DTD/xhtml1-transitional.dtd">
<html xmlns="http://www.w3.org/1999/xhtml" xml:lang="en" lang="en">
 <head>
  <title>
</title>
<meta http-equiv="Content-Type" content="text/html;charset=utf-8" />
  <meta name='ocr-system' content='tesseract 3.04.00' />
  <meta name='ocr-capabilities' content='ocr_page ocr_carea ocr_par ocr_line ocrx_word'/>
</head>
<body>
  <div class='ocr_page' id='page_1' title='image "./quaeexstant05dionuoft_0214.png"; bbox 0 0 2004 3202; ppageno 0'>
   <div class='ocr_carea' id='block_1_1' title="bbox 223 146 1478 198">
    <p class='ocr_par' dir='ltr' id='par_1_1' title="bbox 223 146 1478 198">
     <span class='ocr_line' id='line_1_1' title="bbox 223 146 1478 198; baseline -0.009 1"><span class='ocrx_word' id='word_1_1' title='bbox 223 146 328 198; x_wconf 84' lang='lat'><em>164</em></span> <span class='ocrx_word' id='word_1_2' title='bbox 641 147 980 190; x_wconf 74' lang='grc' dir='ltr'><em>ΔιοΝΤΣΙοΤ</em></span> <span class='ocrx_word' id='word_1_3' title='bbox 1011 146 1478 190; x_wconf 71' lang='grc' dir='ltr'><strong>ΑΛῙΚΑΡΝΑΣΕΩΣ</strong></span> 
     </span>
    </p>
   </div>
   <div class='ocr_carea' id='block_1_2' title="bbox 150 279 2001 2880">
    <p class='ocr_par' dir='ltr' id='par_1_2' title="bbox 215 279 1893 614">
     <span class='ocr_line' id='line_1_2' title="bbox 216 279 1893 351; baseline 0 -16"><span class='ocrx_word' id='word_1_4' title='bbox 216 289 414 335; x_wconf 87' lang='grc' dir='ltr'><em>τοῦτον</em></span> <span class='ocrx_word' id='word_1_5' title='bbox 465 281 565 350; x_wconf 87' lang='grc' dir='ltr'><em>οὐχ</em></span> <span class='ocrx_word' id='word_1_6' title='bbox 618 281 758 351; x_wconf 84' lang='grc' dir='ltr'><em>ἡμᾶς</em></span> <span class='ocrx_word' id='word_1_7' title='bbox 812 281 1011 342; x_wconf 84' lang='grc' dir='ltr'><em>αὐτοὺς</em></span> <span class='ocrx_word' id='word_1_8' title='bbox 1065 279 1339 349; x_wconf 81' lang='grc' dir='ltr'><em>ἀσκοῦμεν</em></span> <span class='ocrx_word' id='word_1_9' title='bbox 1392 279 1511 334; x_wconf 86' lang='grc' dir='ltr'><em>ἀλλ’</em></span> <span class='ocrx_word' id='word_1_10' title='bbox 1554 280 1893 351; x_wconf 68' lang='grc' dir='ltr'><em>«ἀνθρώπους</em></span> 
     </span>
     <span class='ocr_line' id='line_1_3' title="bbox 215 366 1893 439; baseline 0 -16"><span class='ocrx_word' id='word_1_11' title='bbox 215 373 344 432; x_wconf 90' lang='grc' dir='ltr'><em>τοὺς</em></span> <span class='ocrx_word' id='word_1_12' title='bbox 383 367 483 439; x_wconf 75' lang='grc' dir='ltr'><em>μὲν</em></span> <span class='ocrx_word' id='word_1_13' title='bbox 514 370 778 431; x_wconf 75' lang='grc' dir='ltr'><em>ἀπόλιδας</em></span> <span class='ocrx_word' id='word_1_14' title='bbox 815 371 945 430; x_wconf 87' lang='grc' dir='ltr'><em>τοὺς</em></span> <span class='ocrx_word' id='word_1_15' title='bbox 985 366 1032 420; x_wconf 85' lang='grc' dir='ltr'><em>δ’</em></span> <span class='ocrx_word' id='word_1_16' title='bbox 1059 367 1398 437; x_wconf 79' lang='grc' dir='ltr'><em>αὐτομόλους</em></span> <span class='ocrx_word' id='word_1_17' title='bbox 1435 370 1565 431; x_wconf 86' lang='grc' dir='ltr'><em>τοὺς</em></span> <span class='ocrx_word' id='word_1_18' title='bbox 1604 368 1652 421; x_wconf 87' lang='grc' dir='ltr'><em>δ’</em></span> <span class='ocrx_word' id='word_1_19' title='bbox 1683 369 1744 422; x_wconf 80' lang='grc' dir='ltr'><em>’ἐκ</em></span> <span class='ocrx_word' id='word_1_20' title='bbox 1778 379 1893 423; x_wconf 79' lang='grc' dir='ltr'><em>τῶν</em></span> 
     </span>
     <span class='ocr_line' id='line_1_4' title="bbox 216 450 1893 527; baseline -0.002 -14"><span class='ocrx_word' id='word_1_21' title='bbox 216 462 398 513; x_wconf 79' lang='grc' dir='ltr'><em>ἄλλων</em></span> <span class='ocrx_word' id='word_1_22' title='bbox 447 464 793 527; x_wconf 71' lang='grc' dir='ltr'><em>κακουργιῶν</em></span> <span class='ocrx_word' id='word_1_23' title='bbox 847 458 1306 526; x_wconf 78' lang='grc' dir='ltr'><em>συνερρυηκότας,</em></span> <span class='ocrx_word' id='word_1_24' title='bbox 1362 450 1444 519; x_wconf 82' lang='grc' dir='ltr'><em>οἷς</em></span> <span class='ocrx_word' id='word_1_25' title='bbox 1498 457 1704 510; x_wconf 85' lang='grc' dir='ltr'><em>ὁπόταν</em></span> <span class='ocrx_word' id='word_1_26' title='bbox 1748 455 1893 520; x_wconf 72' lang='grc' dir='ltr'><em>τινες</em></span> 
     </span>
     <span class='ocr_line' id='line_1_5' title="bbox 217 542 1893 614; baseline -0.002 -12"><span class='ocrx_word' id='word_1_27' title='bbox 217 550 411 602; x_wconf 84' lang='grc' dir='ltr'><em>διδῶσι</em></span> <span class='ocrx_word' id='word_1_28' title='bbox 455 549 622 600; x_wconf 91' lang='grc' dir='ltr'><em>πλείω</em></span> <span class='ocrx_word' id='word_1_29' title='bbox 669 547 893 614; x_wconf 91' lang='grc' dir='ltr'><em>μισθόν,</em></span> <span class='ocrx_word' id='word_1_30' title='bbox 940 542 1055 613; x_wconf 87' lang='grc' dir='ltr'><em>μετ’</em></span> <span class='ocrx_word' id='word_1_31' title='bbox 1089 543 1314 597; x_wconf 84' lang='grc' dir='ltr'><em>ἐκείνων</em></span> <span class='ocrx_word' id='word_1_32' title='bbox 1361 543 1447 614; x_wconf 83' lang='grc' dir='ltr'><em>ἐφ’</em></span> <span class='ocrx_word' id='word_1_33' title='bbox 1478 544 1618 614; x_wconf 81' lang='grc' dir='ltr'><em>ἡμᾶς</em></span> <span class='ocrx_word' id='word_1_34' title='bbox 1664 545 1893 600; x_wconf 85' lang='grc' dir='ltr'><em>ἀκολου-</em></span> 
     </span>
    </p>

    <p class='ocr_par' dir='ltr' id='par_1_3' title="bbox 173 631 1893 1064">
     <span class='ocr_line' id='line_1_6' title="bbox 173 631 1885 705; baseline 0.002 -19"><span class='ocrx_word' id='word_1_35' title='bbox 173 653 193 686; x_wconf 83' lang='grc'>5</span> <span class='ocrx_word' id='word_1_36' title='bbox 217 639 517 705; x_wconf 80' lang='grc' dir='ltr'><em>θήσουσιν·</em></span> <span class='ocrx_word' id='word_1_37' title='bbox 572 632 688 687; x_wconf 87' lang='grc' dir='ltr'><em>ἀλλ’</em></span> <span class='ocrx_word' id='word_1_38' title='bbox 729 634 872 702; x_wconf 83' lang='grc' dir='ltr'><em>ὅμως</em></span> <span class='ocrx_word' id='word_1_39' title='bbox 919 632 1092 695; x_wconf 78' lang='grc' dir='ltr'><em>οὕτως</em></span> <span class='ocrx_word' id='word_1_40' title='bbox 1139 631 1340 695; x_wconf 83' lang='grc' dir='ltr'><em>αὐτοὺς</em></span> <span class='ocrx_word' id='word_1_41' title='bbox 1387 632 1696 703; x_wconf 77' lang='grc' dir='ltr'><em>ἀγαπῶμεν,</em></span> <span class='ocrx_word' id='word_1_42' title='bbox 1748 634 1885 689; x_wconf 82' lang='grc' dir='ltr'><em>ὥσθ’</em></span> 
     </span>
     <span class='ocr_line' id='line_1_7' title="bbox 215 720 1893 794; baseline -0.001 -16"><span class='ocrx_word' id='word_1_43' title='bbox 215 722 354 794; x_wconf 77' lang='grc' dir='ltr'><em>ὑπὲρ</em></span> <span class='ocrx_word' id='word_1_44' title='bbox 417 721 517 793; x_wconf 76' lang='grc' dir='ltr'><em>μὲν</em></span> <span class='ocrx_word' id='word_1_45' title='bbox 577 732 687 775; x_wconf 85' lang='grc' dir='ltr'><em>τῶν</em></span> <span class='ocrx_word' id='word_1_46' title='bbox 739 722 954 774; x_wconf 88' lang='grc' dir='ltr'><em>παίδων</em></span> <span class='ocrx_word' id='word_1_47' title='bbox 1006 730 1117 774; x_wconf 86' lang='grc' dir='ltr'><em>τῶν</em></span> <span class='ocrx_word' id='word_1_48' title='bbox 1169 720 1470 791; x_wconf 77' lang='grc' dir='ltr'><em>ἡμετέρων,</em></span> <span class='ocrx_word' id='word_1_49' title='bbox 1533 727 1684 792; x_wconf 76' lang='grc' dir='ltr'><em>εἴπερ</em></span> <span class='ocrx_word' id='word_1_50' title='bbox 1747 721 1893 787; x_wconf 74' lang='grc' dir='ltr'><em>τινες</em></span> 
     </span>
     <span class='ocr_line' id='line_1_8' title="bbox 218 798 1892 882; baseline -0.001 -16"><span class='ocrx_word' id='word_1_51' title='bbox 218 813 660 882; x_wconf 75' lang='grc' dir='ltr'><em>ἐξαμαρτάνοιεν,</em></span> <span class='ocrx_word' id='word_1_52' title='bbox 716 809 816 863; x_wconf 86' lang='grc' dir='ltr'><em>οὐκ</em></span> <span class='ocrx_word' id='word_1_53' title='bbox 870 798 939 862; x_wconf 77' lang='grc' dir='ltr'><em>ἂν</em></span> <span class='ocrx_word' id='word_1_54' title='bbox 994 809 1356 878; x_wconf 80' lang='grc' dir='ltr'><em>ἐθελήσαιμεν</em></span> <span class='ocrx_word' id='word_1_55' title='bbox 1404 811 1558 872; x_wconf 90' lang='grc' dir='ltr'><em>δίκας</em></span> <span class='ocrx_word' id='word_1_56' title='bbox 1611 812 1892 881; x_wconf 83' lang='grc' dir='ltr'><em>ὑποσχεῖν,</em></span> 
     </span>
     <span class='ocr_line' id='line_1_9' title="bbox 215 896 1892 971; baseline -0.001 -16"><span class='ocrx_word' id='word_1_57' title='bbox 215 899 353 971; x_wconf 73' lang='grc' dir='ltr'><em>ὑπὲρ</em></span> <span class='ocrx_word' id='word_1_58' title='bbox 398 898 462 952; x_wconf 60' lang='grc' dir='ltr'><em>&gt;δὲ</em></span> <span class='ocrx_word' id='word_1_59' title='bbox 507 907 600 966; x_wconf 82' lang='grc' dir='ltr'><em>τῆς</em></span> <span class='ocrx_word' id='word_1_60' title='bbox 648 898 871 951; x_wconf 87' lang='grc' dir='ltr'><em>ἐκείνων</em></span> <span class='ocrx_word' id='word_1_61' title='bbox 919 898 1165 968; x_wconf 80' lang='grc' dir='ltr'><em>ἁρπαγῆς</em></span> <span class='ocrx_word' id='word_1_62' title='bbox 1211 896 1301 950; x_wconf 87' lang='grc' dir='ltr'><em>καὶ</em></span> <span class='ocrx_word' id='word_1_63' title='bbox 1349 901 1471 967; x_wconf 82' lang='grc' dir='ltr'><em>βίας</em></span> <span class='ocrx_word' id='word_1_64' title='bbox 1517 898 1607 952; x_wconf 88' lang='grc' dir='ltr'><em>καὶ</em></span> <span class='ocrx_word' id='word_1_65' title='bbox 1652 918 1892 970; x_wconf 91' lang='grc' dir='ltr'><em>παρανο-</em></span> 
     </span>
     <span class='ocr_line' id='line_1_10' title="bbox 217 976 1892 1064; baseline -0.001 -22"><span class='ocrx_word' id='word_1_66' title='bbox 217 994 341 1059; x_wconf 83' lang='grc' dir='ltr'><em>μίας</em></span> <span class='ocrx_word' id='word_1_67' title='bbox 387 990 697 1057; x_wconf 87' lang='grc' dir='ltr'><em>μελλόντων</em></span> <span class='ocrx_word' id='word_1_68' title='bbox 742 996 853 1039; x_wconf 84' lang='grc' dir='ltr'><em>τῶν</em></span> <span class='ocrx_word' id='word_1_69' title='bbox 892 986 1243 1064; x_wconf 74' lang='grc' dir='ltr'><em>ἐγκλημάτων</em></span> <span class='ocrx_word' id='word_1_70' title='bbox 1290 986 1376 1056; x_wconf 83' lang='grc' dir='ltr'><em>ἐφ’</em></span> <span class='ocrx_word' id='word_1_71' title='bbox 1415 987 1555 1056; x_wconf 79' lang='grc' dir='ltr'><em>ἡμᾶς</em></span> <span class='ocrx_word' id='word_1_72' title='bbox 1599 976 1892 1057; x_wconf 76' lang='grc' dir='ltr'><em>ἥκεινούχ</em></span> 
     </span>
    </p>

    <p class='ocr_par' dir='ltr' id='par_1_4' title="bbox 150 1073 2001 1500">
     <span class='ocr_line' id='line_1_11' title="bbox 150 1073 1893 1145; baseline 0.002 -18"><span class='ocrx_word' id='word_1_73' title='bbox 150 1096 193 1128; x_wconf 89' lang='lat'><em>10</em></span> <span class='ocrx_word' id='word_1_74' title='bbox 218 1079 361 1139; x_wconf 81' lang='grc' dir='ltr'><em>ὅπως</em></span> <span class='ocrx_word' id='word_1_75' title='bbox 399 1077 812 1144; x_wconf 83' lang='grc' dir='ltr'><em>ἀγανακτοῦμεν</em></span> <span class='ocrx_word' id='word_1_76' title='bbox 851 1074 990 1128; x_wconf 80' lang='grc' dir='ltr'><em>ἀλλὰ</em></span> <span class='ocrx_word' id='word_1_77' title='bbox 1027 1073 1117 1127; x_wconf 88' lang='grc' dir='ltr'><em>καὶ</em></span> <span class='ocrx_word' id='word_1_78' title='bbox 1156 1078 1435 1145; x_wconf 88' lang='grc' dir='ltr'><em>χαίρομεν,</em></span> <span class='ocrx_word' id='word_1_79' title='bbox 1480 1076 1613 1128; x_wconf 81' lang='grc' dir='ltr'><em>ὅταν</em></span> <span class='ocrx_word' id='word_1_80' title='bbox 1651 1076 1893 1130; x_wconf 87' lang='grc' dir='ltr'><em>ἀκούσω-</em></span> 
     </span>
     <span class='ocr_line' id='line_1_12' title="bbox 216 1162 1893 1235; baseline -0.001 -16"><span class='ocrx_word' id='word_1_81' title='bbox 216 1187 316 1235; x_wconf 89' lang='grc' dir='ltr'><em>μεν</em></span> <span class='ocrx_word' id='word_1_82' title='bbox 348 1165 547 1227; x_wconf 83' lang='grc' dir='ltr'><em>αὐτοὺς</em></span> <span class='ocrx_word' id='word_1_83' title='bbox 577 1165 832 1217; x_wconf 92' lang='grc' dir='ltr'><em>τοιοῦτόν</em></span> <span class='ocrx_word' id='word_1_84' title='bbox 863 1184 915 1216; x_wconf 95' lang='grc' dir='ltr'><em>τι</em></span> <span class='ocrx_word' id='word_1_85' title='bbox 948 1162 1471 1233; x_wconf 82' lang='grc' dir='ltr'><em>διαπεπραγμένους.</em></span> <span class='ocrx_word' id='word_1_86' title='bbox 1526 1165 1603 1227; x_wconf 83' lang='grc' dir='ltr'><em>εἰς</em></span> <span class='ocrx_word' id='word_1_87' title='bbox 1638 1173 1799 1219; x_wconf 87' lang='grc' dir='ltr'><em>τοῦτο</em></span> <span class='ocrx_word' id='word_1_88' title='bbox 1832 1163 1893 1218; x_wconf 74' lang='grc' dir='ltr'><em>δὲ</em></span> 
     </span>
     <span class='ocr_line' id='line_1_13' title="bbox 216 1244 2001 1325; baseline -0.001 -17"><span class='ocrx_word' id='word_1_89' title='bbox 216 1257 420 1325; x_wconf 81' lang='grc' dir='ltr'><em>μωρίας</em></span> <span class='ocrx_word' id='word_1_90' title='bbox 460 1253 823 1322; x_wconf 83' lang='grc' dir='ltr'><em>ἐληλύθαμεν,</em></span> <span class='ocrx_word' id='word_1_91' title='bbox 868 1251 994 1305; x_wconf 82' lang='grc' dir='ltr'><em>ὥστ’</em></span> <span class='ocrx_word' id='word_1_92' title='bbox 1038 1252 1043 1320; x_wconf 89' lang='grc' dir='ltr'>Ι</span> <span class='ocrx_word' id='word_1_93' title='bbox 1090 1251 1246 1305; x_wconf 85' lang='grc' dir='ltr'><em>αὐτοὶ</em></span> <span class='ocrx_word' id='word_1_94' title='bbox 1293 1249 1394 1321; x_wconf 74' lang='grc' dir='ltr'><em>μὲν</em></span> <span class='ocrx_word' id='word_1_95' title='bbox 1433 1252 1635 1315; x_wconf 84' lang='grc' dir='ltr'><em>ἐνδεεῖς</em></span> <span class='ocrx_word' id='word_1_96' title='bbox 1678 1253 1840 1323; x_wconf 88' lang='grc' dir='ltr'><em>ἐσμεν</em></span> <span class='ocrx_word' id='word_1_97' title='bbox 1867 1244 2001 1306; x_wconf 67' lang='lat'>10043.</span> 
     </span>
     <span class='ocr_line' id='line_1_14' title="bbox 215 1337 1890 1412; baseline -0.001 -16"><span class='ocrx_word' id='word_1_98' title='bbox 215 1354 326 1396; x_wconf 86' lang='grc' dir='ltr'><em>τῶν</em></span> <span class='ocrx_word' id='word_1_99' title='bbox 362 1341 487 1395; x_wconf 83' lang='grc' dir='ltr'><em>καθ’</em></span> <span class='ocrx_word' id='word_1_100' title='bbox 526 1340 752 1412; x_wconf 83' lang='grc' dir='ltr'><em>ἡμέραν,</em></span> <span class='ocrx_word' id='word_1_101' title='bbox 795 1341 1148 1411; x_wconf 83' lang='grc' dir='ltr'><em>ξενοτροφεῖν</em></span> <span class='ocrx_word' id='word_1_102' title='bbox 1187 1337 1248 1393; x_wconf 72' lang='grc' dir='ltr'><em>δὲ</em></span> <span class='ocrx_word' id='word_1_103' title='bbox 1287 1340 1764 1412; x_wconf 83' lang='grc' dir='ltr'><em>ἐπικεχειρήκαμεν</em></span> <span class='ocrx_word' id='word_1_104' title='bbox 1801 1340 1890 1394; x_wconf 82' lang='grc' dir='ltr'><em>καὶ</em></span> 
     </span>
     <span class='ocr_line' id='line_1_15' title="bbox 215 1427 1892 1500; baseline -0.001 -15"><span class='ocrx_word' id='word_1_105' title='bbox 215 1434 345 1494; x_wconf 87' lang='grc' dir='ltr'><em>τοὺς</em></span> <span class='ocrx_word' id='word_1_106' title='bbox 383 1431 700 1500; x_wconf 80' lang='grc' dir='ltr'><em>συμμάχους</em></span> <span class='ocrx_word' id='word_1_107' title='bbox 745 1431 873 1491; x_wconf 88' lang='grc' dir='ltr'><em>τοὺς</em></span> <span class='ocrx_word' id='word_1_108' title='bbox 918 1427 1214 1499; x_wconf 80' lang='grc' dir='ltr'><em>ἡμετέρους</em></span> <span class='ocrx_word' id='word_1_109' title='bbox 1253 1429 1436 1482; x_wconf 83' lang='grc' dir='ltr'><em>αὐτῶν</em></span> <span class='ocrx_word' id='word_1_110' title='bbox 1477 1431 1591 1500; x_wconf 80' lang='grc' dir='ltr'><em>ἰδίᾳ</em></span> <span class='ocrx_word' id='word_1_111' title='bbox 1633 1433 1892 1499; x_wconf 88' lang='grc' dir='ltr'><em>λυμαινό-</em></span> 
     </span>
    </p>

    <p class='ocr_par' dir='ltr' id='par_1_5' title="bbox 150 1517 1893 1940">
     <span class='ocr_line' id='line_1_16' title="bbox 150 1517 1893 1589; baseline 0.002 -21"><span class='ocrx_word' id='word_1_112' title='bbox 150 1537 193 1569; x_wconf 87' lang='lat'><em>15</em></span> <span class='ocrx_word' id='word_1_113' title='bbox 217 1526 362 1589; x_wconf 85' lang='grc' dir='ltr'><em>μεθα</em></span> <span class='ocrx_word' id='word_1_114' title='bbox 413 1517 504 1571; x_wconf 85' lang='grc' dir='ltr'><em>καὶ</em></span> <span class='ocrx_word' id='word_1_115' title='bbox 551 1519 1018 1586; x_wconf 86' lang='grc' dir='ltr'><em>δασμολογοῦμεν,</em></span> <span class='ocrx_word' id='word_1_116' title='bbox 1073 1518 1165 1569; x_wconf 83' lang='grc' dir='ltr'><em>ἵνα</em></span> <span class='ocrx_word' id='word_1_117' title='bbox 1219 1525 1333 1579; x_wconf 88' lang='grc' dir='ltr'><em>τοῖς</em></span> <span class='ocrx_word' id='word_1_118' title='bbox 1380 1517 1639 1570; x_wconf 78' lang='grc' dir='ltr'><em>ἁπάντων</em></span> <span class='ocrx_word' id='word_1_119' title='bbox 1682 1527 1893 1580; x_wconf 89' lang='grc' dir='ltr'><em>κοινοῖς</em></span> 
     </span>
     <span class='ocr_line' id='line_1_17' title="bbox 218 1605 1890 1678; baseline -0.002 -16"><span class='ocrx_word' id='word_1_120' title='bbox 218 1609 532 1677; x_wconf 85' lang='grc' dir='ltr'><em>ἀνθρώπων</em></span> <span class='ocrx_word' id='word_1_121' title='bbox 564 1606 786 1675; x_wconf 88' lang='grc' dir='ltr'><em>ἐχθροῖς</em></span> <span class='ocrx_word' id='word_1_122' title='bbox 822 1606 921 1658; x_wconf 88' lang='grc' dir='ltr'><em>τὸν</em></span> <span class='ocrx_word' id='word_1_123' title='bbox 959 1606 1169 1674; x_wconf 90' lang='grc' dir='ltr'><em>μισθὸν</em></span> <span class='ocrx_word' id='word_1_124' title='bbox 1200 1605 1579 1676; x_wconf 84' lang='grc' dir='ltr'><em>ἐκπορίζωμεν.</em></span> <span class='ocrx_word' id='word_1_125' title='bbox 1647 1608 1890 1678; x_wconf 78' lang='grc' dir='ltr'><em>τοσούτῳ</em></span> 
     </span>
     <span class='ocr_line' id='line_1_18' title="bbox 218 1690 1893 1765; baseline -0.001 -16"><span class='ocrx_word' id='word_1_126' title='bbox 218 1694 279 1749; x_wconf 74' lang='grc' dir='ltr'><em>δὲ</em></span> <span class='ocrx_word' id='word_1_127' title='bbox 318 1695 455 1765; x_wconf 87' lang='grc' dir='ltr'><em>[καὶ]</em></span> <span class='ocrx_word' id='word_1_128' title='bbox 494 1697 711 1764; x_wconf 88' lang='grc' dir='ltr'><em>χείρους</em></span> <span class='ocrx_word' id='word_1_129' title='bbox 750 1690 912 1762; x_wconf 75' lang='grc' dir='ltr'><em>ἐσμὲν</em></span> <span class='ocrx_word' id='word_1_130' title='bbox 950 1703 1061 1746; x_wconf 85' lang='grc' dir='ltr'><em>τῶν</em></span> <span class='ocrx_word' id='word_1_131' title='bbox 1098 1696 1407 1763; x_wconf 89' lang='grc' dir='ltr'><em>προγόνων,</em></span> <span class='ocrx_word' id='word_1_132' title='bbox 1456 1694 1521 1747; x_wconf 87' lang='grc' dir='ltr'><em>οὐ</em></span> <span class='ocrx_word' id='word_1_133' title='bbox 1569 1697 1744 1763; x_wconf 91' lang='grc' dir='ltr'><em>μόνον</em></span> <span class='ocrx_word' id='word_1_134' title='bbox 1782 1705 1893 1748; x_wconf 85' lang='grc' dir='ltr'><em>τῶν</em></span> 
     </span>
     <span class='ocr_line' id='line_1_19' title="bbox 219 1780 1893 1852; baseline 0 -16"><span class='ocrx_word' id='word_1_135' title='bbox 219 1783 697 1852; x_wconf 83' lang='grc' dir='ltr'><em>εὐδοκιμησάντων</em></span> <span class='ocrx_word' id='word_1_136' title='bbox 735 1781 873 1834; x_wconf 78' lang='grc' dir='ltr'><em>ἀλλὰ</em></span> <span class='ocrx_word' id='word_1_137' title='bbox 910 1780 1001 1834; x_wconf 86' lang='grc' dir='ltr'><em>καὶ</em></span> <span class='ocrx_word' id='word_1_138' title='bbox 1040 1791 1151 1834; x_wconf 85' lang='grc' dir='ltr'><em>τῶν</em></span> <span class='ocrx_word' id='word_1_139' title='bbox 1185 1781 1553 1850; x_wconf 79' lang='grc' dir='ltr'><em>μισηθέντων,</em></span> <span class='ocrx_word' id='word_1_140' title='bbox 1594 1783 1728 1836; x_wconf 81' lang='grc' dir='ltr'><em>ὅσον</em></span> <span class='ocrx_word' id='word_1_141' title='bbox 1747 1782 1893 1837; x_wconf 62' lang='grc' dir='ltr'><em>«ἐκεῖ-</em></span> 
     </span>
     <span class='ocr_line' id='line_1_20' title="bbox 218 1868 1893 1940; baseline 0 -16"><span class='ocrx_word' id='word_1_142' title='bbox 218 1892 306 1924; x_wconf 92' lang='grc' dir='ltr'><em>νοι</em></span> <span class='ocrx_word' id='word_1_143' title='bbox 354 1868 454 1940; x_wconf 67' lang='grc' dir='ltr'><em>μὲν</em></span> <span class='ocrx_word' id='word_1_144' title='bbox 499 1872 546 1923; x_wconf 82' lang='grc' dir='ltr'><em>εἰ</em></span> <span class='ocrx_word' id='word_1_145' title='bbox 597 1874 856 1939; x_wconf 89' lang='grc' dir='ltr'><em>πολεμεῖν</em></span> <span class='ocrx_word' id='word_1_146' title='bbox 900 1871 1038 1939; x_wconf 91' lang='grc' dir='ltr'><em>πρός</em></span> <span class='ocrx_word' id='word_1_147' title='bbox 1089 1889 1242 1932; x_wconf 90' lang='grc' dir='ltr'><em>τινας</em></span> <span class='ocrx_word' id='word_1_148' title='bbox 1287 1873 1642 1939; x_wconf 83' lang='grc' dir='ltr'><em>ψηφίσαιντο,</em></span> <span class='ocrx_word' id='word_1_149' title='bbox 1696 1880 1893 1940; x_wconf 78' lang='grc' dir='ltr'><em>μεστῆς</em></span> 
     </span>
    </p>

    <p class='ocr_par' dir='ltr' id='par_1_6' title="bbox 153 1957 1894 2382">
     <span class='ocr_line' id='line_1_21' title="bbox 153 1957 1891 2030; baseline 0.002 -21"><span class='ocrx_word' id='word_1_150' title='bbox 153 1978 196 2010; x_wconf 84' lang='lat'><em>20</em></span> <span class='ocrx_word' id='word_1_151' title='bbox 222 1961 386 2028; x_wconf 75' lang='grc' dir='ltr'><em>οὔσης</em></span> <span class='ocrx_word' id='word_1_152' title='bbox 439 1958 709 2028; x_wconf 90' lang='grc' dir='ltr'><em>ἀργυρίου</em></span> <span class='ocrx_word' id='word_1_153' title='bbox 762 1957 851 2010; x_wconf 82' lang='grc' dir='ltr'><em>καὶ</em></span> <span class='ocrx_word' id='word_1_154' title='bbox 913 1961 1145 2028; x_wconf 87' lang='grc' dir='ltr'><em>χρυσίου</em></span> <span class='ocrx_word' id='word_1_155' title='bbox 1198 1965 1292 2026; x_wconf 82' lang='grc' dir='ltr'><em>τῆς</em></span> <span class='ocrx_word' id='word_1_156' title='bbox 1345 1958 1692 2030; x_wconf 79' lang='grc' dir='ltr'><em>ἀκροπόλεως</em></span> <span class='ocrx_word' id='word_1_157' title='bbox 1727 1961 1891 2029; x_wconf 53' lang='grc' dir='ltr'><em>Δὅμως</em></span> 
     </span>
     <span class='ocr_line' id='line_1_22' title="bbox 218 2045 1894 2118; baseline 0 -16"><span class='ocrx_word' id='word_1_158' title='bbox 218 2045 356 2117; x_wconf 75' lang='grc' dir='ltr'><em>ὑπὲρ</em></span> <span class='ocrx_word' id='word_1_159' title='bbox 403 2057 513 2099; x_wconf 86' lang='grc' dir='ltr'><em>τῶν</em></span> <span class='ocrx_word' id='word_1_160' title='bbox 559 2046 838 2110; x_wconf 82' lang='grc' dir='ltr'><em>δοξάντων</em></span> <span class='ocrx_word' id='word_1_161' title='bbox 882 2056 996 2109; x_wconf 87' lang='grc' dir='ltr'><em>τοῖς</em></span> <span class='ocrx_word' id='word_1_162' title='bbox 1043 2047 1227 2099; x_wconf 84' lang='grc' dir='ltr'><em>αὑτῶν</em></span> <span class='ocrx_word' id='word_1_163' title='bbox 1274 2048 1521 2116; x_wconf 85' lang='grc' dir='ltr'><em>σώμασιν</em></span> <span class='ocrx_word' id='word_1_164' title='bbox 1561 2047 1734 2118; x_wconf 75' lang='grc' dir='ltr'><em>ᾤοντο</em></span> <span class='ocrx_word' id='word_1_165' title='bbox 1774 2050 1894 2102; x_wconf 86' lang='grc' dir='ltr'><em>δεῖν</em></span> 
     </span>
     <span class='ocr_line' id='line_1_23' title="bbox 210 2134 1893 2206; baseline 0.001 -17"><span class='ocrx_word' id='word_1_166' title='bbox 210 2137 582 2203; x_wconf 83' lang='grc' dir='ltr'><em>κινδυνεύειν,</em></span> <span class='ocrx_word' id='word_1_167' title='bbox 620 2135 773 2203; x_wconf 87' lang='grc' dir='ltr'><em>ἡμεῖς</em></span> <span class='ocrx_word' id='word_1_168' title='bbox 805 2134 855 2187; x_wconf 86' lang='grc' dir='ltr'><em>δ’</em></span> <span class='ocrx_word' id='word_1_169' title='bbox 881 2137 958 2198; x_wconf 81' lang='grc' dir='ltr'><em>εἰς</em></span> <span class='ocrx_word' id='word_1_170' title='bbox 989 2136 1261 2204; x_wconf 88' lang='grc' dir='ltr'><em>τοσαύτην</em></span> <span class='ocrx_word' id='word_1_171' title='bbox 1291 2135 1530 2206; x_wconf 89' lang='grc' dir='ltr'><em>ἀπορίαν</em></span> <span class='ocrx_word' id='word_1_172' title='bbox 1562 2136 1893 2205; x_wconf 88' lang='grc' dir='ltr'><em>ἐληλυθότες</em></span> 
     </span>
     <span class='ocr_line' id='line_1_24' title="bbox 219 2223 1892 2294; baseline 0.001 -18"><span class='ocrx_word' id='word_1_173' title='bbox 219 2223 309 2276; x_wconf 89' lang='grc' dir='ltr'><em>καὶ</em></span> <span class='ocrx_word' id='word_1_174' title='bbox 351 2231 602 2276; x_wconf 87' lang='grc' dir='ltr'><em>τοσοῦτοι</em></span> <span class='ocrx_word' id='word_1_175' title='bbox 641 2225 701 2276; x_wconf 91' lang='grc' dir='ltr'><em>τὸ</em></span> <span class='ocrx_word' id='word_1_176' title='bbox 740 2228 954 2291; x_wconf 82' lang='grc' dir='ltr'><em>πλῆθος</em></span> <span class='ocrx_word' id='word_1_177' title='bbox 993 2226 1169 2292; x_wconf 82' lang='grc' dir='ltr'><em>ὄντες,</em></span> <span class='ocrx_word' id='word_1_178' title='bbox 1217 2225 1397 2294; x_wconf 80' lang='grc' dir='ltr'><em>ὥσπερ</em></span> <span class='ocrx_word' id='word_1_179' title='bbox 1437 2226 1696 2293; x_wconf 88' lang='grc' dir='ltr'><em>βασιλεὺς</em></span> <span class='ocrx_word' id='word_1_180' title='bbox 1734 2225 1763 2278; x_wconf 85' lang='grc' dir='ltr'>ὁ</span> <span class='ocrx_word' id='word_1_181' title='bbox 1802 2225 1892 2294; x_wconf 92' lang='grc' dir='ltr'><em>μέ-</em></span> 
     </span>
     <span class='ocr_line' id='line_1_25' title="bbox 220 2311 1894 2382; baseline 0.002 -19"><span class='ocrx_word' id='word_1_182' title='bbox 220 2332 319 2379; x_wconf 88' lang='grc' dir='ltr'><em>γας</em></span> <span class='ocrx_word' id='word_1_183' title='bbox 363 2318 660 2380; x_wconf 87' lang='grc' dir='ltr'><em>μισθωτοῖς</em></span> <span class='ocrx_word' id='word_1_184' title='bbox 708 2313 968 2382; x_wconf 87' lang='grc' dir='ltr'><em>χρώμεθα</em></span> <span class='ocrx_word' id='word_1_185' title='bbox 1013 2320 1127 2374; x_wconf 90' lang='grc' dir='ltr'><em>τοῖς</em></span> <span class='ocrx_word' id='word_1_186' title='bbox 1174 2311 1575 2382; x_wconf 90' lang='grc' dir='ltr'><em>στρατοπέδοις.</em></span> <span class='ocrx_word' id='word_1_187' title='bbox 1644 2312 1734 2365; x_wconf 85' lang='grc' dir='ltr'><em>καὶ</em></span> <span class='ocrx_word' id='word_1_188' title='bbox 1772 2316 1894 2367; x_wconf 89' lang='grc' dir='ltr'><em>τότε</em></span> 
     </span>
    </p>

    <p class='ocr_par' dir='ltr' id='par_1_7' title="bbox 156 2397 1892 2470">
     <span class='ocr_line' id='line_1_26' title="bbox 156 2397 1892 2470; baseline 0.003 -21"><span class='ocrx_word' id='word_1_189' title='bbox 156 2417 198 2449; x_wconf 80' lang='lat'><em>25</em></span> <span class='ocrx_word' id='word_1_190' title='bbox 222 2399 338 2467; x_wconf 88' lang='grc' dir='ltr'><em>μέν,</em></span> <span class='ocrx_word' id='word_1_191' title='bbox 377 2401 425 2452; x_wconf 86' lang='grc' dir='ltr'><em>εῑ</em></span> <span class='ocrx_word' id='word_1_192' title='bbox 462 2402 700 2469; x_wconf 85' lang='grc' dir='ltr'><em>τριήρεις</em></span> <span class='ocrx_word' id='word_1_193' title='bbox 733 2399 1092 2470; x_wconf 89' lang='grc' dir='ltr'><em>ἐπληροῦμεν,</em></span> <span class='ocrx_word' id='word_1_194' title='bbox 1131 2402 1260 2462; x_wconf 86' lang='grc' dir='ltr'><em>τοὺς</em></span> <span class='ocrx_word' id='word_1_195' title='bbox 1291 2397 1392 2469; x_wconf 74' lang='grc' dir='ltr'><em>μὲν</em></span> <span class='ocrx_word' id='word_1_196' title='bbox 1423 2399 1612 2463; x_wconf 81' lang='grc' dir='ltr'><em>ξένους</em></span> <span class='ocrx_word' id='word_1_197' title='bbox 1642 2400 1733 2453; x_wconf 84' lang='grc' dir='ltr'><em>καὶ</em></span> <span class='ocrx_word' id='word_1_198' title='bbox 1763 2404 1892 2463; x_wconf 85' lang='grc' dir='ltr'><em>τοὺς</em></span> 
     </span>
    </p>

    <p class='ocr_par' dir='ltr' id='par_1_8' title="bbox 210 2526 1892 2880">
     <span class='ocr_line' id='line_1_27' title="bbox 340 2526 1892 2588; baseline 0.002 -17"><span class='ocrx_word' id='word_1_199' title='bbox 340 2534 366 2571; x_wconf 91' lang='grc'><strong>3</strong></span> <span class='ocrx_word' id='word_1_200' title='bbox 397 2526 504 2571; x_wconf 86' lang='grc' dir='ltr'><em>ποτ’</em></span> <span class='ocrx_word' id='word_1_201' title='bbox 527 2526 586 2572; x_wconf 77' lang='grc' dir='ltr'><em>ἂν</em></span> <span class='ocrx_word' id='word_1_202' title='bbox 610 2529 645 2571; x_wconf 90' lang='grc' dir='ltr'><strong><em>Ρ</em></strong></span> <span class='ocrx_word' id='word_1_203' title='bbox 689 2531 693 2585; x_wconf 92' lang='grc' dir='ltr'>Ι</span> <span class='ocrx_word' id='word_1_204' title='bbox 735 2546 803 2580; x_wconf 87' lang='grc' dir='ltr'><em>τις</em></span> <span class='ocrx_word' id='word_1_205' title='bbox 834 2531 948 2588; x_wconf 84' lang='grc' dir='ltr'><em>διδῷ</em></span> <span class='ocrx_word' id='word_1_206' title='bbox 978 2530 1022 2573; x_wconf 91' lang='lat' dir='ltr'><em>Is</em></span> <span class='ocrx_word' id='word_1_207' title='bbox 1119 2536 1147 2574; x_wconf 89' lang='lat'>4</span> <span class='ocrx_word' id='word_1_208' title='bbox 1179 2527 1341 2574; x_wconf 84' lang='grc' dir='ltr'><em>δίδωσι</em></span> <span class='ocrx_word' id='word_1_209' title='bbox 1370 2530 1406 2572; x_wconf 92' lang='grc' dir='ltr'><strong><em>Ρ</em></strong></span> <span class='ocrx_word' id='word_1_210' title='bbox 1497 2535 1522 2573; x_wconf 88' lang='grc'><strong>6</strong></span> <span class='ocrx_word' id='word_1_211' title='bbox 1556 2530 1598 2573; x_wconf 84' lang='grc' dir='ltr'><em>εἰ</em></span> <span class='ocrx_word' id='word_1_212' title='bbox 1626 2527 1732 2585; x_wconf 80' lang='grc' dir='ltr'><em>περί</em></span> <span class='ocrx_word' id='word_1_213' title='bbox 1761 2546 1892 2582; x_wconf 85' lang='grc' dir='ltr'><em>τινας</em></span> 
     </span>
     <span class='ocr_line' id='line_1_28' title="bbox 214 2575 1891 2660; baseline 0.001 -30"><span class='ocrx_word' id='word_1_214' title='bbox 214 2585 522 2641; x_wconf 81' lang='grc' dir='ltr'><em>’ἐξαμάρτοιεν</em></span> <span class='ocrx_word' id='word_1_215' title='bbox 546 2587 588 2630; x_wconf 87' lang='lat' dir='ltr'><em>Is</em></span> <span class='ocrx_word' id='word_1_216' title='bbox 682 2593 706 2630; x_wconf 85' lang='grc'><strong>9</strong></span> <span class='ocrx_word' id='word_1_217' title='bbox 732 2575 1047 2660; x_wconf 61' lang='grc' dir='ltr'><em>ἐκλημάτωνΡ</em></span> <span class='ocrx_word' id='word_1_218' title='bbox 1076 2591 1080 2646; x_wconf 96' lang='grc' dir='ltr'>Ι</span> <span class='ocrx_word' id='word_1_219' title='bbox 1108 2588 1235 2646; x_wconf 79' lang='grc' dir='ltr'><em>ἥξειν</em></span> <span class='ocrx_word' id='word_1_220' title='bbox 1250 2589 1294 2632; x_wconf 86' lang='lat' dir='ltr'><em>Is</em></span> <span class='ocrx_word' id='word_1_221' title='bbox 1379 2593 1432 2631; x_wconf 83' lang='lat'><em>12</em></span> <span class='ocrx_word' id='word_1_222' title='bbox 1463 2596 1555 2632; x_wconf 83' lang='grc' dir='ltr'><em>τῶν</em></span> <span class='ocrx_word' id='word_1_223' title='bbox 1578 2586 1695 2632; x_wconf 81' lang='grc' dir='ltr'><em>καθ’</em></span> <span class='ocrx_word' id='word_1_224' title='bbox 1714 2587 1891 2645; x_wconf 84' lang='grc' dir='ltr'><em>ἡμέραν</em></span> 
     </span>
     <span class='ocr_line' id='line_1_29' title="bbox 210 2643 1891 2705; baseline 0.002 -17"><span class='ocrx_word' id='word_1_225' title='bbox 210 2643 356 2697; x_wconf 75' lang='grc' dir='ltr'><em>’ἐσμὲν</em></span> <span class='ocrx_word' id='word_1_226' title='bbox 380 2646 423 2688; x_wconf 85' lang='lat' dir='ltr'><em>Is</em></span> <span class='ocrx_word' id='word_1_227' title='bbox 517 2651 571 2688; x_wconf 87' lang='grc'><em>14</em></span> <span class='ocrx_word' id='word_1_228' title='bbox 603 2644 719 2705; x_wconf 81' lang='grc' dir='ltr'><em>ἰδίᾳ]</em></span> <span class='ocrx_word' id='word_1_229' title='bbox 753 2644 827 2689; x_wconf 83' lang='grc' dir='ltr'><em>δι’</em></span> <span class='ocrx_word' id='word_1_230' title='bbox 825 2647 919 2698; x_wconf 73' lang='grc' dir='ltr'><em>οὓς</em></span> <span class='ocrx_word' id='word_1_231' title='bbox 942 2648 985 2691; x_wconf 84' lang='lat' dir='ltr'><em>Is</em></span> <span class='ocrx_word' id='word_1_232' title='bbox 1011 2646 1176 2704; x_wconf 82' lang='grc' dir='ltr'><em>(ἰδίους</em></span> <span class='ocrx_word' id='word_1_233' title='bbox 1200 2646 1446 2704; x_wconf 83' lang='lat' dir='ltr'>Sauppius)</span> <span class='ocrx_word' id='word_1_234' title='bbox 1539 2651 1590 2690; x_wconf 87' lang='lat'><em>15</em></span> <span class='ocrx_word' id='word_1_235' title='bbox 1624 2647 1891 2702; x_wconf 82' lang='grc' dir='ltr'><em>ἀνθρώπων</em></span> 
     </span>
     <span class='ocr_line' id='line_1_30' title="bbox 223 2705 1890 2762; baseline 0.001 -14"><span class='ocrx_word' id='word_1_236' title='bbox 223 2711 398 2754; x_wconf 81' lang='grc' dir='ltr'><em>κοινοῖς</em></span> <span class='ocrx_word' id='word_1_237' title='bbox 428 2705 470 2746; x_wconf 84' lang='lat' dir='ltr'><em>Is</em></span> <span class='ocrx_word' id='word_1_238' title='bbox 586 2709 639 2747; x_wconf 88' lang='lat'><em>16</em></span> <span class='ocrx_word' id='word_1_239' title='bbox 671 2712 891 2749; x_wconf 82' lang='grc' dir='ltr'><em>τοσοῦτον</em></span> <span class='ocrx_word' id='word_1_240' title='bbox 920 2721 950 2762; x_wconf 85' lang='lat' dir='ltr'>p</span> <span class='ocrx_word' id='word_1_241' title='bbox 974 2711 1101 2762; x_wconf 87' lang='lat'>1011,</span> <span class='ocrx_word' id='word_1_242' title='bbox 1140 2706 1368 2751; x_wconf 84' lang='grc' dir='ltr'><em>τοσούτων</em></span> <span class='ocrx_word' id='word_1_243' title='bbox 1399 2719 1501 2749; x_wconf 83' lang='lat' dir='ltr'>corr</span> <span class='ocrx_word' id='word_1_244' title='bbox 1530 2705 1580 2748; x_wconf 87' lang='lat' dir='ltr'><em>in</em></span> <span class='ocrx_word' id='word_1_245' title='bbox 1610 2713 1829 2750; x_wconf 83' lang='grc' dir='ltr'><em>τοσοῦτον</em></span> <span class='ocrx_word' id='word_1_246' title='bbox 1852 2707 1890 2750; x_wconf 93' lang='grc' dir='ltr'>Β</span> 
     </span>
     <span class='ocr_line' id='line_1_31' title="bbox 225 2762 1892 2821; baseline 0.002 -15"><span class='ocrx_word' id='word_1_247' title='bbox 225 2763 306 2806; x_wconf 83' lang='lat' dir='ltr'><em>sed</em></span> <span class='ocrx_word' id='word_1_248' title='bbox 330 2762 379 2805; x_wconf 89' lang='lat' dir='ltr'><em>in</em></span> <span class='ocrx_word' id='word_1_249' title='bbox 402 2777 480 2818; x_wconf 89' lang='lat' dir='ltr'><em>mg</em></span> <span class='ocrx_word' id='word_1_250' title='bbox 503 2763 701 2806; x_wconf 79' lang='grc' dir='ltr'><em>τοσούτω</em></span> <span class='ocrx_word' id='word_1_251' title='bbox 794 2769 845 2806; x_wconf 86' lang='grc'><em>17</em></span> <span class='ocrx_word' id='word_1_252' title='bbox 879 2765 958 2807; x_wconf 81' lang='grc' dir='ltr'><em>καὶ</em></span> <span class='ocrx_word' id='word_1_253' title='bbox 988 2779 1062 2808; x_wconf 92' lang='lat' dir='ltr'><em>om</em></span> <span class='ocrx_word' id='word_1_254' title='bbox 1085 2766 1129 2809; x_wconf 83' lang='lat' dir='ltr'><em>Is</em></span> <span class='ocrx_word' id='word_1_255' title='bbox 1154 2771 1195 2809; x_wconf 99' lang='lat' dir='ltr'><em>A</em></span> <span class='ocrx_word' id='word_1_256' title='bbox 1225 2780 1256 2821; x_wconf 87' lang='lat' dir='ltr'>p</span> <span class='ocrx_word' id='word_1_257' title='bbox 1278 2769 1388 2808; x_wconf 91' lang='grc'>1011</span> <span class='ocrx_word' id='word_1_258' title='bbox 1423 2763 1515 2807; x_wconf 75' lang='lat' dir='ltr'><strong>secl</strong></span> <span class='ocrx_word' id='word_1_259' title='bbox 1539 2779 1567 2807; x_wconf 84' lang='lat' dir='ltr'><strong>v</strong></span> <span class='ocrx_word' id='word_1_260' title='bbox 1660 2769 1712 2808; x_wconf 89' lang='lat'><em>18</em></span> <span class='ocrx_word' id='word_1_261' title='bbox 1744 2773 1892 2809; x_wconf 80' lang='grc' dir='ltr'><em>κεῖνοι</em></span> 
     </span>
     <span class='ocr_line' id='line_1_32' title="bbox 224 2821 1888 2880; baseline 0.001 -15"><span class='ocrx_word' id='word_1_262' title='bbox 224 2835 325 2865; x_wconf 85' lang='lat' dir='ltr'>corr</span> <span class='ocrx_word' id='word_1_263' title='bbox 355 2821 403 2863; x_wconf 89' lang='lat' dir='ltr'><em>in</em></span> <span class='ocrx_word' id='word_1_264' title='bbox 437 2821 604 2865; x_wconf 81' lang='grc' dir='ltr'><em>ἐκεῖνοι</em></span> <span class='ocrx_word' id='word_1_265' title='bbox 636 2822 672 2863; x_wconf 90' lang='grc' dir='ltr'>Β</span> <span class='ocrx_word' id='word_1_266' title='bbox 780 2827 833 2865; x_wconf 87' lang='grc'><em>19</em></span> <span class='ocrx_word' id='word_1_267' title='bbox 872 2839 977 2867; x_wconf 85' lang='grc' dir='ltr'><em>τινα</em></span> <span class='ocrx_word' id='word_1_268' title='bbox 1008 2829 1050 2867; x_wconf 98' lang='lat' dir='ltr'><em>A</em></span> <span class='ocrx_word' id='word_1_269' title='bbox 1086 2839 1117 2880; x_wconf 88' lang='lat' dir='ltr'>p</span> <span class='ocrx_word' id='word_1_270' title='bbox 1140 2828 1251 2867; x_wconf 83' lang='grc'>1011</span> <span class='ocrx_word' id='word_1_271' title='bbox 1357 2828 1410 2866; x_wconf 93' lang='grc'><em>21</em></span> <span class='ocrx_word' id='word_1_272' title='bbox 1445 2821 1620 2867; x_wconf 79' lang='grc' dir='ltr'><em>ἑαυτῶν</em></span> <span class='ocrx_word' id='word_1_273' title='bbox 1645 2828 1687 2866; x_wconf 91' lang='lat' dir='ltr'><em>A</em></span> <span class='ocrx_word' id='word_1_274' title='bbox 1723 2839 1754 2880; x_wconf 91' lang='lat' dir='ltr'>p</span> <span class='ocrx_word' id='word_1_275' title='bbox 1777 2828 1888 2867; x_wconf 89' lang='lat'>1011</span> 
     </span>
    </p>
   </div>
   <div class='ocr_carea' id='block_1_3' title="bbox 223 2879 1887 2998">
    <p class='ocr_par' dir='ltr' id='par_1_9' title="bbox 223 2879 1887 2998">
     <span class='ocr_line' id='line_1_33' title="bbox 223 2879 1772 2956; baseline 0.001 -33"><span class='ocrx_word' id='word_1_276' title='bbox 223 2881 375 2923; x_wconf 78' lang='grc' dir='ltr'><em>αὐτῶν</em></span> <span class='ocrx_word' id='word_1_277' title='bbox 407 2879 488 2922; x_wconf 91' lang='grc' dir='ltr'><em>ΒΡ</em></span> <span class='ocrx_word' id='word_1_278' title='bbox 619 2885 674 2923; x_wconf 91' lang='grc'><em>22</em></span> <span class='ocrx_word' id='word_1_279' title='bbox 713 2881 939 2938; x_wconf 86' lang='grc' dir='ltr'><em>τοσαύτην</em></span> <span class='ocrx_word' id='word_1_280' title='bbox 970 2881 1174 2938; x_wconf 85' lang='grc' dir='ltr'><em>ἀπορίαν</em></span> <span class='ocrx_word' id='word_1_281' title='bbox 1206 2881 1476 2956; x_wconf 80' lang='grc' dir='ltr'><em>ἐληλυθότες</em></span> <span class='ocrx_word' id='word_1_282' title='bbox 1513 2882 1593 2926; x_wconf 82' lang='grc' dir='ltr'><em>καὶ</em></span> <span class='ocrx_word' id='word_1_283' title='bbox 1631 2895 1706 2925; x_wconf 89' lang='lat' dir='ltr'><em>om</em></span> <span class='ocrx_word' id='word_1_284' title='bbox 1735 2883 1772 2925; x_wconf 94' lang='lat' dir='ltr'>P</span> 
     </span>
     <span class='ocr_line' id='line_1_34' title="bbox 225 2937 1887 2998; baseline 0.001 -16"><span class='ocrx_word' id='word_1_285' title='bbox 225 2943 282 2983; x_wconf 84' lang='lat'><em>24</em></span> <span class='ocrx_word' id='word_1_286' title='bbox 306 2937 656 2994; x_wconf 83' lang='grc' dir='ltr'><em>στρατοπαίδοις</em></span> <span class='ocrx_word' id='word_1_287' title='bbox 671 2939 707 2982; x_wconf 94' lang='grc' dir='ltr'><strong>Β</strong></span> <span class='ocrx_word' id='word_1_288' title='bbox 793 2945 847 2983; x_wconf 82' lang='grc'><em>25</em></span> <span class='ocrx_word' id='word_1_289' title='bbox 871 2939 1080 2996; x_wconf 83' lang='grc' dir='ltr'><em>τριείρεις</em></span> <span class='ocrx_word' id='word_1_290' title='bbox 1103 2955 1205 2985; x_wconf 82' lang='lat' dir='ltr'>corr</span> <span class='ocrx_word' id='word_1_291' title='bbox 1227 2940 1276 2984; x_wconf 89' lang='lat' dir='ltr'><em>in</em></span> <span class='ocrx_word' id='word_1_292' title='bbox 1298 2939 1496 2997; x_wconf 85' lang='grc' dir='ltr'><em>τριήρεις</em></span> <span class='ocrx_word' id='word_1_293' title='bbox 1515 2941 1550 2983; x_wconf 92' lang='grc' dir='ltr'>Ρ</span> <span class='ocrx_word' id='word_1_294' title='bbox 1578 2942 1583 2998; x_wconf 89' lang='grc' dir='ltr'>Ι</span> <span class='ocrx_word' id='word_1_295' title='bbox 1612 2943 1831 2998; x_wconf 85' lang='grc' dir='ltr'><em>πληροῖεν</em></span> <span class='ocrx_word' id='word_1_296' title='bbox 1846 2941 1887 2985; x_wconf 82' lang='lat' dir='ltr'><em>Is</em></span> 
     </span>
    </p>
   </div>
  </div>
 </body>
</html>
