2004 3202
625 133 770 175 ΠΕΡΙ
802 131 1206 176 ΘοΤΚΤΔΙΔοΤ
1659 132 1767 186 357

88 267 188 336 οὐχ
234 265 390 335 ἕτερα
438 265 499 319 ἐν
544 271 643 338 ἴσῳ
698 269 894 340 χρόνῳ.
971 267 1098 320 οὔτε
1151 268 1257 337 γὰρ
1310 270 1498 330 πόλεις
1551 269 1772 321 τοσαίδε

87 361 387 425 ληφθεῖσαι
431 355 809 424 ἠρημώθησαν
847 357 909 408 αἳ
950 352 1052 425 μὲν
1096 355 1205 408 ὑπὸ
1251 356 1573 426 βαρβάρων,
1620 357 1682 408 αἳ
1716 355 1765 408 δ’

86 444 193 497 ὑπὸ
248 453 406 512 σφῶν
459 443 643 496 αὐτῶν
701 443 1243 513 ἀντιπολεμούντων,
1297 442 1404 497 εἰσὶ
1455 441 1516 496 δὲ
1570 446 1630 496 αἳ
1682 442 1774 496 καὶ

87 533 376 602 οἰκήτορας
414 531 718 601 μετέβαλον
756 532 1132 602 ἁλισκόμεναι·
1176 533 1302 586 οὔτε
1342 530 1516 602 φυγαὶ
1555 533 1775 586 τοσαίδε

87 621 403 691 ἀνθρώπων
441 619 531 673 καὶ
583 623 757 690 φόνος
795 620 823 674 ὃ
863 618 966 691 μὲν
1003 620 1120 674 κατ’
1160 620 1332 674 αὐτὸν
1369 622 1468 674 τὸν
1512 622 1773 689 πόλεμον,
1797 639 1818 671 5

33 782 36 786 ⁴
88 710 117 764 ὃ
166 707 228 763 δὲ
279 711 371 763 διὰ
417 711 478 762 τὸ
534 711 855 774 στασιάζειν.
932 711 998 763 τά
1054 730 1111 763 τε
1164 707 1436 780 πρότερον
1489 708 1625 780 ἀκοῇ
1675 706 1777 779 μὲν

88 801 371 868 λεγόμενα,
404 800 546 871 ἔργω
573 796 633 851 δὲ
659 799 1035 869 σπανιώτερον
1058 800 1427 868 βεβαιούμενα
1451 798 1553 852 οὐκ
1577 799 1776 851 ἄπιστα

30 954 34 962 Δ
86 886 313 956 κατέστη
355 896 594 956 σεισμῶν
632 907 688 940 τε
727 886 877 958 πέρι,
926 890 984 941 οἳ
1027 885 1114 941 ε’πὶ
1160 892 1420 941 πλεῖστον
1465 888 1576 957 ἅμα
1613 885 1776 957 μέρος

88 983 186 1045 γῆς
246 974 338 1029 καὶ
402 977 750 1045 ἰσχυρότατοι
809 977 862 1029 οἱ
925 974 1083 1030 αὐτοὶ
1153 974 1411 1045 ἐπέσχον,
1487 975 1651 1044 ἡλίου
1719 996 1776 1028 τε

30 1076 82 1130 ἶ1
104 1064 410 1132 ἐκλείψεις,
459 1067 519 1117 αἳ
552 1067 885 1135 πυκνότεραι
923 1067 1071 1135 παρὰ
1116 1067 1212 1128 τὰς
1251 1063 1309 1118 ἐκ
1347 1073 1447 1118 τοῦ
1485 1063 1621 1135 πρὶν
1651 1066 1776 1134 χρό-
1800 1083 1843 1116 ιο

11 1188 36 1238 Ξ,
87 1174 190 1207 νου
239 1152 722 1223 μνημονευομένας
762 1152 1099 1222 ξυνέβησαν,
1140 1153 1344 1223 αὐχμοί
1378 1173 1436 1206 τε
1482 1155 1598 1206 ἔστι
1642 1171 1753 1223 παρ

8 1306 9 1310 ¹
87 1236 171 1305 οἷς
224 1243 476 1312 μεγάλοι,
538 1240 628 1294 καὶ
683 1240 778 1295 ἀπ’
833 1242 1018 1295 αὐτῶν
1070 1241 1162 1295 καὶ
1217 1245 1389 1312 λιμοί’
1443 1240 1534 1295 καὶ
1587 1241 1620 1310 ἡ
1676 1241 1776 1310 οὐχ

11 1342 15 1369 ῑ
86 1331 279 1399 ἥκιστα
326 1331 581 1399 βλάψασα
627 1329 718 1383 καὶ
765 1329 930 1401 μέρος
975 1351 1028 1384 τι
1076 1333 1382 1401 φθείρασα,
1429 1331 1461 1399 ἡ
1503 1331 1777 1400 λοιμώδης

35 1455 37 1458 -
88 1422 272 1482 νόσος·
313 1427 483 1472 ταῦτα
522 1421 627 1489 γὰρ
665 1420 845 1472 πάντα
883 1421 1016 1488 μετὰ
1047 1421 1213 1473 τοῦδε
1250 1427 1350 1472 τοῦ
1384 1418 1629 1489 πολέμου
1667 1420 1775 1488 ἅμα

87 1507 435 1573 ξυνεπέθετο.
488 1507 722 1577 ἤρξαντο
756 1505 817 1560 δὲ
849 1508 1021 1561 αὐτοῦ
1046 1507 1334 1577 Ἀθηναῖοι
1366 1507 1456 1561 καὶ
1491 1512 1774 1561 Πελοπον-
1799 1525 1841 1558 15

11 1622 36 1687 ’Ἰ
87 1599 270 1666 νήσιοι
302 1597 568 1659 λύσαντες
599 1597 695 1659 τὰς
725 1597 1167 1667 τριακοντούτεις
1199 1598 1460 1665 σπονδάς,
1500 1599 1562 1649 αἳ
1590 1596 1777 1659 αὐτοῖς

13 1687 33 1763 J
88 1684 343 1753 ἐγένοντο
383 1683 495 1755 μετ’
542 1685 787 1755 Εὐβοίας
826 1686 1048 1739 ἅλωσιν.
1125 1687 1270 1738 διότι
1311 1683 1372 1738 δὲ
1418 1688 1637 1753 ἔλυσαν,
1683 1686 1779 1747 τὰς

13 1755 36 1912 ξ
87 1776 263 1836 αἰτίας
309 1773 633 1844 προέγραψα
678 1784 900 1845 πρῶτον
952 1772 1043 1827 καὶ
1090 1775 1186 1837 τὰς
1240 1775 1512 1844 διαφορὰς
1559 1781 1657 1826 τοῦ
1704 1774 1777 1842 μή

88 1883 213 1916 τινα
253 1865 480 1931 ζητῆσαί
513 1881 662 1931 ποτε,
703 1862 756 1927 ἐξ
797 1863 930 1916 ὅτου
961 1871 1223 1925 τοσοῦτος
1254 1865 1491 1932 πόλεμος
1522 1870 1636 1924 τοῖς
1653 1860 1778 1914 Ἕλ-

15 1951 34 2030 3
88 1955 214 2020 λησι
253 1951 517 2020 κατέστη.’
587 1953 663 2004 Τὰ
702 1948 805 2020 μὲν
837 1952 904 2019 δὴ
935 1950 1062 2020 περὶ
1102 1953 1163 2004 τὸ
1194 1951 1575 2022 πραγματικὸν
1613 1949 1775 2020 μέρος
1793 1954 1861 2005 21

19 2084 22 2091 .
88 2040 443 2109 ἁμαρτήματά
467 2059 524 2092 τε
548 2038 638 2092 καὶ
663 2040 1064 2109 κατορθώματα
1096 2047 1195 2092 τοῦ
1221 2037 1582 2109 συγγραφέως
1606 2039 1807 2091 ταῦτά
1799 2058 1840 2088 3ι

90 2127 218 2182 ἐστι.

208 2218 284 2269 Τὰ
324 2213 385 2269 δε
423 2214 549 2286 περὶ
590 2218 650 2269 τὸ
692 2219 958 2284 λεκτικόν,
1000 2215 1061 2269 ἐν
1102 2210 1143 2287 ᾧ
1175 2218 1408 2286 μάλιστα
1440 2215 1468 2269 ὁ
1501 2215 1775 2284 χαρακτὴρ

16 2031 33 2071 v'r

10 2084 113 2565 {-
89 2305 261 2358 αὐτοῦ
301 2305 562 2372 διάδηλός
612 2303 750 2371 ε’στι,
797 2303 974 2373 μέλλω
1027 2303 1154 2357 νυνὶ
1195 2303 1390 2372 λέ.γειν
1467 2303 1675 2372 ἀνάγκη
1715 2299 1776 2355 δὲ

209 2526 234 2563 2
268 2522 586 2578 ληφθήεινσαι
612 2526 655 2578 (ν
689 2522 914 2579 expunxit
944 2538 991 2566 m
1014 2523 1075 2580 II)
1107 2523 1143 2566 P
1264 2527 1291 2595 4
1324 2520 1598 2581 μετέβαλλον
1622 2522 1659 2565 Ρ

0 2569 34 2653 μ.-
93 2584 118 2622 5
151 2580 295 2624 αὐτὸν
329 2582 450 2640 [τὸν]
434 2582 500 2640 ]f
615 2587 641 2625 8
676 2589 846 2637 σισμῶν
878 2582 914 2625 Ρ
1058 2587 1084 2626 9
1118 2581 1408 2654 ἰσχυρότατοι
1439 2582 1561 2626 ΜΘε
1595 2580 1777 2652 ἰσχυρό-

0 2675 3 2683 ,
89 2653 218 2694 τεραι
241 2640 278 2683 Ρ
304 2639 590 2712 ἰσχυρότεροι
614 2640 637 2683 f
660 2643 665 2697 Ι
692 2642 760 2698 τε]
793 2655 840 2684 τε
866 2641 946 2684 καὶ
969 2656 1025 2697 pr
1046 2641 1084 2685 P
1178 2646 1233 2686 10
1264 2640 1321 2684 τὰ
1338 2643 1386 2685 et
1412 2646 1462 2683 11
1491 2639 1777 2696 μνημονευό-

22 2716 35 2758 χ
91 2699 264 2752 μεναΘ
343 2706 393 2743 11
429 2697 599 2755 παροῖς
622 2699 670 2742 Μ
734 2704 788 2742 12
813 2700 894 2743 καὶ
919 2656 999 2743 §up
1021 2700 1069 2743 Μ
1134 2705 1188 2744 15
1214 2698 1497 2753 ξυνεπέθετο
1529 2699 1620 2744 ἙΘ.
1647 2699 1775 2752 ξυνε-

29 2771 33 2773 ·
90 2754 249 2801 τίθετο
282 2757 375 2801 ΜΡ
469 2765 523 2803 16
555 2758 901 2814 τριακοντούτις
931 2759 981 2802 Μ
1011 2760 1386 2815 τριακοντούτοις
1409 2759 1445 2802 Ρ
1538 2763 1591 2801 17
1621 2756 1775 2813 μετὰί

29 2818 34 2823 “
240 2820 295 2859 18
327 2815 606 2875 προέγραψα
638 2817 729 2862 ἲΘε
764 2815 1068 2875 προσέγραψα
1099 2819 1193 2862 ΜΡ
1386 2824 1438 2862 19
1471 2834 1575 2862 τινα
1607 2817 1773 2859 ΜΡΘε

28 2920 32 2922 ,
92 2873 222 2925 τινὰς
253 2875 277 2917 f
302 2879 356 2919 ut
391 2878 431 2921 Θ
463 2877 583 2921 codd
611 2876 700 2921 CG
733 2879 781 2920 et
813 2891 952 2933 supra
977 2883 1077 2934 339,
1096 2883 1120 2922 2
1267 2881 1324 2921 20
1356 2878 1406 2921 τὸ
1439 2876 1694 2931 πρακτικὸν
1727 2873 1774 2915 Μ

212 2939 267 2977 24
298 2933 472 2991 μέλλων
505 2936 575 2979 M¹
