2004 3202
160 116 263 171 198
586 121 925 164 ΔΙΟΝΤΣῙΟΤ
955 121 1420 164 ΑΜΚΑΡΝΑΣΕῼΣ

157 255 351 308 αἰτίαν.
407 255 455 307 εἰ
486 256 590 325 γὰρ
618 263 787 308 ταῦτα
818 263 1039 325 προεῖτο
1065 254 1294 325 ἀκονιτί,
1325 255 1450 326 περὶ
1483 251 1796 309 ὧνούθένα
1822 251 1830 326 Ι
1984 322 2004 330 ,Ἴ

156 344 423 396 κίνδυνον
461 336 722 397 ὁντινοῦν
761 343 861 412 οὐχ
905 342 1207 412 ὑπέμειναν
1254 346 1307 398 οἱ
1354 347 1647 415 πρόγονοι,
1694 346 1776 406 τίς
1808 355 1920 396 1052

158 429 281 500 οὐχὶ
319 430 652 484 κατέπτυσεν
691 432 760 483 ἄν
799 445 922 494 σούς
968 431 1040 499 μὴ
1080 432 1184 501 γὰρ
1225 439 1319 500 τῆς
1356 433 1564 495 πόλεώς
1602 452 1664 500 γε
1703 430 1826 501 μηδ’

159 520 307 590 ἐμοῦ.
369 522 479 572 τίσι
515 518 563 572 δ’
589 520 918 588 ὀφθαλμοῖς,
957 519 1094 589 πρὸς
1125 522 1280 589 Διός,
1321 519 1575 591 ἑωρῶμεν
1606 520 1676 573 ἂν
1706 522 1836 582 τοὺς

114 624 135 656 5
159 610 237 671 εἰς
283 609 384 677 τὴν
429 611 593 661 πόλιν
635 607 969 678 ἀνθρώπους
1015 607 1482 678 ἀφικνουμένους,
1530 611 1578 662 εἰ
1623 611 1689 662 τὰ
1735 605 1837 678 μὲν

158 698 446 768 πράγματα
470 698 547 758 εἰς
571 697 702 766 ὅπερ
728 694 856 748 νυνὶ
884 695 1157 767 περιέστη,
1189 697 1407 766 ἡγεμὼν
1432 694 1493 750 δὲ
1523 696 1613 750 καὶ
1645 698 1837 767 κύριος

158 785 334 857 ᾑρέθη
379 788 650 846 Φίλιππος
697 774 970 853 ἁπάντων,
1017 786 1115 838 τὸν
1155 784 1206 838 δ’
1237 782 1376 856 ὑπὲρ
1423 794 1523 839 τοῦ
1569 787 1641 855 μὴ
1688 785 1838 854 γενέ-

161 881 295 928 σθαι
334 881 502 926 ταῦτα
542 873 727 940 ἀγῶνα
766 871 948 943 ἕτεροί
988 880 1134 936 τινες
1171 872 1338 944 χωρὶς
1375 871 1709 943 ἡμῶνῆσαν
1746 893 1839 927 πε-

159 962 470 1031 ποιημένοι,
514 960 603 1014 καὶ
643 969 814 1014 ταῦτα
852 963 1208 1031 μηδεπώποτε
1247 970 1342 1030 τῆς
1379 965 1588 1026 πόλεως
1627 963 1688 1016 ἐν
1725 973 1840 1026 τοῖς

95 1067 137 1098 10
160 1054 371 1121 πρόσθε
410 1053 631 1120 χρόνοις
670 1049 976 1119 ἀσφάλειαν
1008 1050 1209 1115 ἄδοξον
1243 1055 1455 1120 μᾶλλον
1492 1050 1524 1120 ἢ
1564 1048 1838 1124 τὸνδὺπὲρ

159 1150 270 1193 τῶν
299 1144 481 1192 καλῶν
511 1139 780 1191 κίνδυνον
812 1138 1107 1210 ᾑρημένης;
1147 1142 1229 1202 τίς
1267 1141 1371 1210 γὰρ
1405 1139 1506 1193 οὐκ
1545 1136 1698 1193 οἶδεν
1722 1139 1841 1193 Ἐλ-

161 1231 359 1296 ληνων,
398 1230 480 1290 τίς
519 1225 580 1280 δὲ
620 1229 932 1298 βαρβάρων,
973 1229 1056 1281 ὅτι
1094 1226 1186 1281 καὶ
1225 1230 1373 1299 παρὰ
1411 1228 1712 1297 <Θηβαίων
1749 1228 1841 1282 καὶ

75 1379 77 1381 ³
159 1318 341 1387 παρά>
387 1326 498 1369 τῶν
543 1317 755 1369 τούτων
801 1318 881 1368 ἔτι
926 1319 1198 1387 πρότερον
1239 1318 1481 1388 ἰσχυρῶν
1526 1316 1842 1387 γενομένων

162 1406 615 1474 Λακεδαιμονίων
653 1403 743 1457 καὶ
789 1406 937 1475 παρὰ
982 1413 1081 1458 τοῦ
1122 1409 1359 1475 Περσῶν
1397 1405 1662 1474 βασιλέως
1707 1408 1840 1475 μετὰ

97 1505 138 1539 15
162 1498 367 1561 πολλῆς
412 1494 632 1563 χάριτος
680 1491 828 1546 τοῦτ’
868 1492 938 1546 ἂν
977 1492 1222 1562 ἀσμένως
1263 1493 1434 1561 ἐδόθη
1474 1502 1537 1564 τῇ
1583 1495 1763 1561 πόλει,
1812 1493 1840 1545 ὅ

161 1602 213 1634 τι
248 1579 529 1650 βούλεται,
561 1582 804 1652 λαβούσῃ
844 1580 934 1634 καὶ
974 1583 1040 1634 τὰ
1077 1580 1271 1649 ἑαυτῆς
1302 1581 1499 1652 ε’χούση
1532 1583 1593 1634 τὸ
1625 1583 1842 1634 κελευό-

162 1691 332 1739 μενον
361 1679 543 1722 ποιεῖν
573 1668 663 1722 καὶ
697 1669 793 1722 ε’ᾶν
820 1668 1008 1739 ἕτερον
1039 1679 1149 1722 τῶν
1173 1669 1453 1738 Ἑλλήνων
1482 1671 1841 1740 προεστάναι;
1889 1669 1936 1730 U

164 1757 279 1811 ἀλλ’
328 1758 428 1811 οὐκ
481 1754 566 1826 ἦν,
622 1759 694 1820 ὡς
748 1759 914 1825 ἔοικε,
969 1766 1139 1811 ταῦτα
1193 1767 1308 1820 τοῖς
1357 1760 1477 1811 τότε
1523 1757 1843 1826 Ἀθηναίοις
1893 1794 1895 1797 -

163 1847 364 1917 πάτρια
396 1845 514 1900 οὐδ’
539 1846 735 1899 ἀνεκτὰ
768 1845 886 1898 οὐδ’
928 1847 934 1915 Ι
977 1848 1208 1916 ἔμφυτα,
1248 1845 1367 1899 οὐδ’
1395 1846 1640 1915 ἐδυνήθη
1680 1847 1790 1899 πώ-
1817 1859 1929 1898 1053

99 1949 142 1981 20
164 1952 294 1987 ποτε
340 1935 441 2002 τὴν
478 1937 643 1988 πόλιν
682 1933 866 1997 οὐδεὶς
912 1934 970 1987 ἐκ
1014 1936 1219 1997 παντὸς
1264 1943 1364 1988 τοῦ
1409 1922 1616 2005 χρόνου
1660 1943 1843 1988 πεῖσαι

165 2032 279 2084 τοῖς
321 2023 570 2092 ἰσχύουσι
617 2020 718 2092 μὲν
756 2024 827 2092 μὴ
876 2025 1059 2076 δίκαια
1099 2020 1160 2076 δὲ
1205 2024 1507 2094 πράττουσι
1551 2029 1846 2093 προστιθε-

165 2111 336 2180 μένην
360 2111 617 2181 ἀσφαλῶς
641 2111 944 2164 δουλεύειν.
1000 2110 1115 2165 ἀλλ’
1141 2109 1512 2180 ἀγωνιζομένη
1543 2109 1668 2180 περὶ
1699 2129 1846 2182 πρω-

165 2203 327 2252 τείων
371 2198 461 2252 καὶ
508 2193 665 2268 τιμῆς
710 2198 801 2251 καὶ
849 2198 1010 2268 δόξης
1062 2200 1469 2253 κινδυνεύουσα
1522 2200 1701 2252 πάντα
1747 2200 1846 2252 τὸν

167 2290 339 2340 αἰῶνα
371 2287 651 2341 διετέλεσε.
712 2286 803 2340 καὶ
838 2286 999 2340 ταῦθ’
1032 2287 1206 2350 οὕτως
1238 2289 1409 2358 σεμνὰ
1447 2287 1538 2341 καὶ
1577 2289 1715 2340 καλὰ
1754 2285 1843 2339 καὶ

289 2510 310 2547 1
345 2512 520 2558 πριεῖτο
553 2506 589 2548 Β
638 2507 644 2562 Ι
694 2506 944 2564 ἀκονητίι
926 2508 1019 2552 ΜΡ
1159 2512 1184 2550 2
1226 2507 1459 2563 ὁντινοῦν]
1499 2501 1659 2550 τὶνοῦν
1691 2505 1726 2548 Ρ

170 2568 196 2606 3
228 2560 496 2607 κατέπτισεν
528 2563 564 2606 Β
687 2571 710 2608 7
744 2565 767 2608 ὁ
773 2565 889 2623 ρέθη
922 2567 959 2610 Β
1088 2570 1115 2610 8
1146 2581 1267 2617 τινες
1298 2579 1374 2609 om
1403 2564 1443 2608 D
1476 2563 1667 2608 seclusit
1697 2578 1726 2606 v

173 2627 227 2666 10
261 2621 522 2677 ἔμπροσθεν
546 2622 585 2664 D
671 2628 725 2665 13
761 2624 824 2668 ἔτι
854 2626 1028 2670 τούτων
1052 2625 1130 2670 vD
1215 2629 1271 2668 14
1301 2623 1402 2724 wB]
1434 2630 1524 2667 τῶν
1547 2623 1583 2666 Ρ
1679 2626 1731 2665 15
1763 2636 1846 2666 πο-

170 2680 318 2738 λῆςΒ
411 2685 465 2724 16
497 2681 578 2724 καὶ
607 2680 683 2739 τὰ]
715 2684 795 2726 καὶ
827 2683 940 2739 μετὰ
970 2685 1008 2727 Β
1101 2688 1155 2727 17
1189 2682 1271 2728 ἐαν
1303 2682 1352 2726 Μ
1405 2682 1442 2725 Ρ
1477 2683 1483 2739 Ι
1518 2679 1776 2737 προστάναι
1807 2681 1845 2723 Β

292 2743 345 2782 18
377 2737 518 2783 ταῦθ’
537 2740 597 2790 ὡς
631 2739 749 2785 ἔοικε
773 2742 811 2784 D
842 2744 846 2798 Ι
882 2742 982 2786 τότε
1015 2757 1090 2787 om
1112 2743 1152 2785 D
1179 2740 1369 2786 seclusit
1391 2755 1422 2783 v
1511 2744 1565 2783 21
1589 2739 1845 2810 ἰσχύθυσιν

171 2799 254 2842 ΒΡ
289 2800 295 2855 Ι
329 2796 654 2871 προσθεμένην
679 2799 718 2841 D
821 2806 876 2844 22
909 2799 1191 2858 ἀγωιζομένη
1222 2801 1259 2844 Ρ
1312 2796 1657 2870 ἀγανωιζομένη
1690 2799 1727 2841 Β

173 2862 230 2901 23
261 2854 377 2912 νπὲρ
408 2873 540 2913 τιμης
566 2873 595 2902 v
685 2862 742 2900 24
774 2859 918 2914 ἀῶνα,
950 2876 1029 2916 mg
1060 2860 1209 2904 αἰῶνα
1233 2859 1270 2902 Β
1306 2860 1311 2916 Ι
1346 2855 1625 2901 διατετέλεκε
1649 2857 1688 2900 D
1725 2859 1731 2915 Ι
1767 2858 1846 2901 καὶ

173 2922 275 2967 ταῖς
311 2916 390 2961 καὶ
422 2914 562 2960 ταῦθ’
594 2917 630 2960 Β
667 2919 672 2973 Ι
709 2933 824 2961 ουτω
857 2918 895 2960 D
932 2920 936 2975 Ι
972 2919 1050 2962 καὶ
1082 2917 1202 2963 καλὰ
1234 2931 1309 2961 om
1338 2916 1378 2960 D
1412 2915 1602 2960 seclusit
1632 2931 1661 2960 v

1967 1347 1971 1350 .
1969 1069 1982 1083 ,Ι
1968 912 1982 942 Νι
1965 850 1980 863 3
1979 818 1982 819 Ι
1963 725 1979 787 ὡ.-
1959 530 1978 601 ...κ-μ
1956 489 1969 509 -·'

1991 1463 1995 1478 -
1987 1326 1997 1448 ----·--ιιἼ
1989 1157 1997 1315 nfi--ae--v-
1976 712 1997 1149 wm-L51=·
1988 684 1991 695 -
1986 584 1988 593 2<
