2004 3202
761 113 1106 156 ΙΣΟΚΡΑΤΗΣ
1706 114 1775 167 67

101 257 201 301 τοῦ
241 248 470 318 ῥήτορος
507 251 752 317 πολλαχῇ
792 244 893 316 μὲν
929 245 1019 300 καὶ
1059 249 1214 318 ἄλλῃ,
1253 248 1487 316 μάλιστα
1518 247 1570 300 δ’
1611 248 1671 301 ἐν
1702 258 1776 322 vg?

99 338 238 406 πρὸς
276 336 746 404 Λακεδαιμονίους
784 334 1051 405 γραφέντι
1097 337 1266 408 λόγῳ,
1313 335 1374 398 ὃς
1421 335 1778 407 ἐπιγράφεται

100 421 202 494 μὲν
231 422 573 494 Ἀρχίδαμος,
612 423 888 476 ὑπόθεσιν
926 421 987 476 δὲ
1025 427 1345 495 περιείληφε
1383 425 1486 493 τὴν
1521 423 1648 495 περὶ
1679 433 1778 478 τοῦ

99 514 172 582 μὴ
203 511 475 583 προέσθαι
507 514 811 580 Μεσσήνην
843 515 1108 575 Βοιωτοῖς
1138 509 1275 582 μηδὲ
1305 522 1488 586 ποιεῖν
1518 514 1579 565 τὸ
1610 528 1779 583 προσ-

99 603 430 670 ταττόμενον
482 600 590 653 ὑπὸ
645 609 756 653 τῶν
811 599 1055 671 ἐχθρῶν;
1110 601 1346 670 ἠτύχητο
1396 603 1501 671 γὰρ
1548 602 1616 670 δὴ
1663 610 1779 664 τοῖς
1824 621 1844 653 5

100 691 559 758 Λακεδαιμονίοις
604 690 637 756 ἥ
684 709 741 741 τε
786 688 911 760 περὶ
960 693 1211 760 Λεῦκτρα
1255 691 1398 759 μάχη
1445 688 1534 742 καὶ
1580 689 1779 743 πολλαὶ

98 777 212 848 μετ’
253 777 468 847 ἐκείνην
521 776 716 847 ἕτεραι,
770 776 860 830 καὶ
915 780 980 831 τὰ
1027 775 1128 847 μὲν
1178 781 1436 847 Θηβαίων
1489 779 1779 848 πράγματα

97 869 260 936 ἤνθει
299 887 355 920 τε
401 865 490 919 καὶ
537 868 614 928 εἰς
660 865 895 935 μέγεθος
941 866 1110 936 ἀρχῆς
1158 868 1551 936 προεληλύθει,
1604 869 1670 920 τὰ
1717 864 1780 920 δὲ

98 963 192 1024 τῆς
216 956 475 1025 Σπάρτης
506 956 733 1007 ταπεινὰ
763 953 854 1007 καὶ
886 954 1080 1018 ἀνάξια
1110 962 1204 1023 τῆς
1236 955 1462 1026 ἀρχαίας
1484 955 1779 1025 ἡγεμονίας

98 1047 327 1112 γεγόνει.
411 1048 715 1096 τελευτῶσα
768 1050 935 1111 γοῦν,
989 1044 1081 1096 ἵνα
1134 1044 1268 1114 τύχῃ
1324 1051 1418 1112 τῆς
1473 1045 1691 1115 εἰρήνης
1743 1043 1846 1112 ἡιο

98 1135 272 1200 πόλις,
307 1132 625 1201 ἐβουλεύετο
655 1133 702 1184 εἰ
737 1132 838 1202 χρὴ
871 1135 1192 1200 Μεσσηνίας
1223 1132 1543 1200 ἀποστῆναι,
1574 1133 1778 1200 ταύτην

100 1220 461 1274 ἐπιτιθέντων
510 1220 646 1290 αὐτῇ
695 1223 956 1272 Βοιωτῶν
1000 1221 1102 1288 τὴν
1147 1220 1405 1289 ἀνάγκην.
1482 1220 1630 1290 ὁρῶν
1675 1217 1778 1273 οὖν

99 1310 272 1378 αὐτὴν
303 1309 496 1373 ἀνάξια
526 1310 786 1378 πράττειν
816 1308 1126 1377 μέλλουσαν
1157 1319 1267 1361 τῶν
1297 1312 1591 1379 προγόνων
1616 1310 1778 1362 τόνδε

98 1401 196 1452 τὸν
249 1401 417 1466 λόγον
471 1396 799 1460 συνετάξατο
839 1396 1145 1468 Ἀρχιδάμῳ
1201 1396 1306 1469 νέω
1360 1394 1461 1466 μὲν
1515 1399 1632 1450 ὄντι
1686 1396 1776 1450 καὶ

9 1504 94 1546 552
121 1488 271 1540 οὔπω
311 1474 699 1556 βασιξλεύοντι,
749 1484 972 1547 ἐλπίδας
1012 1482 1072 1537 δὲ
1109 1487 1314 1547 πολλὰς
1353 1487 1532 1554 ἔχοντι
1579 1487 1778 1555 ταύτης
1803 1507 1844 1539 15

98 1575 386 1639 τεύξεσθαι
438 1582 533 1643 τῆς
578 1581 748 1643 τιμῆς.
827 1572 887 1626 ἐν
934 1566 976 1645 ᾧ
1023 1572 1351 1644 διεξέρχεται
1395 1584 1616 1644 πρῶτον
1660 1574 1777 1643 μέν,

98 1665 170 1727 ὡς
202 1665 426 1726 δικαίως
461 1662 755 1731 ἐκτήσαντο
789 1664 1091 1730 Μεσσήνην
1124 1664 1570 1732 Λακεδαιμόνιοι,
1606 1681 1777 1733 παρα-

98 1754 312 1805 δόντων
342 1771 399 1804 τε
431 1751 604 1820 αὐτὴν
634 1760 745 1803 τῶν
768 1753 1134 1821 Κρεσφόντου
1163 1752 1380 1804 παίδων
1411 1752 1499 1804 ὅτε
1525 1751 1777 1815 ἐξέπεσον

100 1841 157 1893 ἐκ
203 1849 297 1908 τῆς
342 1840 533 1910 ἀρχῆς,
586 1839 677 1892 καὶ
723 1847 823 1892 τοῦ
868 1845 1008 1892 θεοῦ
1058 1838 1462 1910 προστάξαντος
1518 1840 1776 1909 δέχεσθαι

98 1928 188 1981 καὶ
226 1937 485 1998 τιμωρεῖν
523 1937 636 1990 τοῖς
675 1927 1082 1996 ἀδικουμένοις,
1131 1929 1270 1998 πρὸς
1309 1925 1369 1980 δὲ
1408 1929 1624 1991 τούτοις
1664 1928 1775 1981 ε’πι-
1801 1951 1844 1983 20

98 2018 447 2087 κυρώσαντος
485 2013 586 2085 μὲν
623 2018 724 2085 τὴν
761 2023 954 2084 κτῆσιν
991 2025 1090 2069 τοῦ
1127 2016 1395 2085 πολέμου,
1442 2017 1676 2085 κάτοχον
1714 2015 1776 2069 δὲ

98 2104 187 2158 καὶ
227 2104 453 2174 βέβαιον
490 2107 849 2172 πεποιηκότος
887 2112 986 2157 τοῦ
1018 2107 1237 2174 χρόνου.
1307 2105 1554 2157 διδάσκει
1586 2104 1663 2173 δέ,
1704 2107 1776 2168 ὡς

100 2194 165 2246 οὐ
213 2196 550 2261 Μεσσηνίοις
602 2202 717 2254 τοῖς
771 2191 947 2245 οὐκέτ’
1003 2188 1163 2245 οὖσιν
1216 2192 1354 2245 ἀλλὰ
1409 2194 1632 2255 δούλοις
1684 2192 1775 2245 καὶ

99 2282 319 2335 εἵλωσιν
387 2282 721 2351 ὁρμητήριον
786 2279 874 2333 καὶ
937 2281 1258 2349 καταφυγὴν
1317 2280 1613 2352 παρέξουσι
1674 2282 1775 2349 τὴν

218 2461 269 2499 17
303 2456 426 2499 Arch
452 2461 505 2499 16
615 2460 668 2498 19
702 2455 821 2498 Arch
849 2460 902 2498 23
1014 2459 1070 2498 20
1102 2455 1224 2499 Arch
1250 2460 1304 2499 26
1316 2471 1369 2511 sq
1483 2461 1537 2499 22
1570 2456 1692 2499 Arch
1719 2462 1773 2500 28

219 2625 239 2662 1
275 2617 385 2674 μάλῖ
415 2619 462 2662 Μ
490 2621 495 2676 Ι
523 2617 573 2662 δὲ
600 2619 635 2661 Ρ
726 2624 753 2661 4
786 2619 967 2675 βιωτοῖς
990 2618 1026 2660 Ρ
1117 2622 1142 2661 8
1175 2617 1303 2675 ἤνθη
1330 2618 1468 2661 ΜΡΒ
1497 2621 1501 2674 Ι
1530 2619 1595 2676 τε]
1629 2616 1713 2673 μὲν
1738 2619 1773 2661 F

101 2678 223 2731 quod
254 2677 347 2721 fort
377 2691 539 2721 uerum
570 2680 641 2721 est
758 2682 810 2720 10
844 2676 1045 2734 ἐγεγόνει
1074 2692 1104 2720 v
1146 2679 1151 2734 Ι
1194 2676 1240 2734 γ’
1272 2674 1357 2722 οὖν
1390 2678 1425 2720 F
1542 2683 1593 2720 11
1627 2676 1655 2733 ἢ
1687 2678 1770 2735 χρὴ

101 2734 182 2779 BP
228 2736 269 2780 εἰ
298 2743 382 2794 χρῆ
416 2737 450 2779 F
478 2739 484 2794 Ι
512 2734 765 2793 μησσηνίας
795 2737 830 2778 Ρ
947 2740 1001 2779 14
1033 2735 1352 2795 σ[υ]νετάξατο
1386 2751 1490 2780 cum
1520 2750 1595 2779 ras
1620 2737 1655 2779 F

103 2796 156 2836 16
186 2795 471 2853 τ[εύ]ξεσθαι
495 2810 599 2839 cum
622 2809 696 2839 ras
723 2794 781 2837 F²
866 2800 916 2837 21
951 2794 1109 2850 κτήσιν
1134 2795 1193 2838 F¹
1220 2795 1253 2851 (i
1278 2809 1302 2839 e
1326 2793 1489 2852 κτίσιν)
1575 2800 1629 2838 23
1662 2810 1771 2850 μησ-

103 2851 338 2911 σηνίΙνίοις
369 2854 403 2897 F
434 2854 484 2898 in
514 2854 604 2898 fine
636 2868 809 2909 uersus,
843 2853 890 2896 in
922 2869 1000 2910 mg
1031 2854 1177 2898 crucis
1215 2854 1399 2911 signum
1506 2860 1560 2897 24
1594 2853 1772 2897 εἵλωσιν

102 2909 193 2952 FM
221 2914 226 2969 1
255 2911 584 2972 παρ[έ]ξουσ[ι]
618 2927 721 2957 cum
753 2927 826 2956 ras
862 2912 1036 2969 duplici
1067 2914 1102 2955 F

1451 2987 1507 3028 ὃ*
