2004 3202
187 116 297 174 244
609 116 947 159 ΔΙΟΝΤΣῙΟΤ
978 113 1442 157 ΑΑΙΚΑΡΝΑΣΕῼΣ

178 267 329 318 σεως,
370 252 441 313 ὡς
480 252 774 319 κεκόσμηκε
813 251 913 316 τὴν
952 247 1099 311 λέξιν
1137 246 1294 316 ἁνήρ,
1333 246 1630 314 ἀναγκαιάς
1664 246 1857 317 ἀρετῆς

179 341 347 408 οὔσης
391 338 514 408 περὶ
562 341 761 406 λόγους
806 336 895 390 καὶ
943 337 1174 404 μάλιστα
1219 337 1348 397 τοὺς
1386 335 1718 396 πολιτικούς.
1792 330 1858 403 ἧς

178 428 461 496 παρούσης
507 424 608 495 μὲν
653 425 743 478 καὶ
788 434 903 486 ταῖς
951 425 1140 485 ἄλλαις
1186 422 1402 492 ἀρεταῖς
1452 426 1662 490 γίνεται
1709 409 1858 492 χώρα

182 515 273 568 καὶ
313 517 493 582 τόπος,
533 515 775 582 ἀπούσης
815 510 876 565 δὲ
915 508 1046 565 οὐδὲ
1094 511 1284 564 ὁτιοῦν
1323 513 1523 580 ὄφελος
1561 510 1683 564 οὐδ’
1725 510 1858 564 ἐκεί-

52 625 57 632 ·
140 624 161 655 5
184 624 299 656 νων
353 603 623 671 οὐδεμιᾶς.
698 602 1019 669 τεκμήραιτο
1068 597 1118 651 δ’
1167 600 1236 652 ἄν
1288 618 1398 667 τις,
1451 599 1646 667 ἡλίκην
1701 601 1861 669 ἰσχὺν

182 699 344 745 τοῦτο
399 693 458 743 τὸ
507 698 775 758 στοιχεῖον
833 690 965 756 ἔχει,
1019 687 1377 755 καταμαθών,
1424 687 1557 740 ὅσον
1610 687 1861 756 ἀλλήλων

184 779 549 832 ἀλλάττουσιν
588 779 639 830 οἱ
678 775 983 848 τραγῳδίας
1022 795 1078 828 τε
1116 773 1206 827 καὶ
1244 776 1531 846 κωμῳδίας
1567 776 1860 846 ὑποκρινό-

184 887 355 936 μενοι.
429 869 493 919 τὰ
531 867 634 935 γὰρ
676 865 812 917 αὐτὰ
850 866 1123 932 ποιήματα
1169 862 1420 930 λέγοντες
1465 863 1566 932 οὐχ
1605 865 1861 928 ὡσαύτως

183 955 322 1024 ἡμᾶς
367 959 630 1022 κηλοῦσιν
680 954 937 1020 ἅπαντες,
991 950 1107 1004 ἀλλ’
1148 951 1318 1014 ἐνίοις
1371 951 1728 1021 ἐπαχθόμεθα
1771 952 1860 1006 καὶ

131 1064 176 1094 10
205 1045 382 1111 ὥσπερ
422 1042 777 1110 ἀδικούμενοί
810 1061 862 1093 τι
891 1039 1458 1110 καθυποκρινομένοις
1487 1039 1578 1092 καὶ
1608 1042 1863 1110 διαφθεί-

185 1146 345 1201 ρουσι
399 1132 493 1192 τὰς
554 1131 843 1198 βουλήσεις
903 1139 1013 1182 τῶν
1071 1130 1391 1197 ποιημάτων
1451 1133 1862 1199 χαλεπαίνομεν.

182 1219 382 1286 ταύτης
422 1219 490 1286 δή
531 1238 670 1286 φημι
709 1225 803 1285 τῆς
842 1217 1035 1286 ἀρετῆς
1068 1218 1215 1270 πάνυ
1248 1219 1367 1270 δεῖν
1397 1226 1512 1279 τοῖς
1544 1216 1863 1285 ἐναγωνίοις

184 1309 396 1374 λόγοις,
444 1308 491 1358 εἰ
530 1305 827 1374 μέλλουσιν
865 1305 1007 1369 ἕξειν
1043 1307 1186 1358 πολὺ
1233 1306 1294 1357 τὸ
1334 1305 1609 1373 ἀληθινὸν
1645 1305 1735 1358 καὶ
1773 1308 1863 1374 ἔμ-

184 1404 377 1463 ψυχον.
455 1390 519 1461 ἧς
557 1397 821 1461 πλείστην
860 1395 1040 1462 ὥσπερ
1087 1392 1176 1445 καὶ
1223 1403 1334 1446 τῶν
1376 1395 1559 1446 ἄλλων
1596 1397 1863 1463 πρόνοιαν

124 1503 166 1535 15
191 1485 347 1551 ἔσχεν
394 1479 554 1544 οὗτος
599 1482 627 1535 ὁ
676 1482 828 1552 ἀνήρ.
913 1483 1102 1549 διττὴν
1136 1482 1141 1549 Ι
1178 1479 1238 1534 δὲ
1284 1483 1384 1549 τὴν
1429 1483 1601 1550 φύσιν
1646 1482 1812 1550 αὐτῆς
1838 1497 1950 1536 1118

185 1567 358 1623 οὖσαν
404 1570 573 1639 ὁρῶν,
621 1569 745 1638 περὶ
793 1571 954 1639 ἄμφω
1001 1572 1066 1622 τὰ
1113 1569 1247 1639 μέρη
1288 1571 1505 1639 σφόδρα
1545 1569 1861 1623 ἐσπούδασε.

182 1657 273 1710 καὶ
320 1660 424 1727 γὰρ
470 1660 536 1710 τὰ
574 1659 725 1725 πάθη
772 1660 838 1710 τὰ
884 1665 978 1725 τῆς
1025 1666 1212 1726 φωνῆς
1250 1657 1339 1710 καὶ
1378 1660 1444 1711 τὰ
1483 1660 1725 1727 σχήματα
1762 1667 1860 1711 τοῦ

186 1748 454 1814 σώματος,
494 1746 566 1807 ὡς
610 1747 868 1814 κράτιστα
913 1745 1054 1809 ἕξειν
1093 1748 1331 1814 ἔμελλεν,
1379 1745 1446 1798 οὐ
1492 1753 1666 1817 μικρῷ
1710 1749 1861 1817 πόνῳ

185 1835 597 1903 κατειργάσατο,
647 1835 823 1886 καίτοι
871 1835 1035 1902 φύσει
1080 1836 1216 1904 πρὸς
1261 1842 1431 1886 ταῦτα
1477 1834 1544 1887 οὐ
1583 1823 1730 1887 πάνυ
1775 1834 1864 1887 εὐ-

122 1942 165 1973 20
188 1930 338 1990 τυχεῖ
375 1922 728 1990 χρησάμενος,
773 1923 844 1983 ὡς
883 1924 1197 1992 Δημήτριός
1236 1943 1292 1975 τε
1332 1922 1360 1976 ὁ
1406 1923 1690 1992 Φαληρεύς
1728 1936 1862 1991 φησι

187 2008 276 2061 καὶ
317 2011 369 2062 οἱ
407 2011 562 2062 ἄλλοι
601 2011 798 2072 πάντες
838 2011 890 2062 οἱ
929 2011 1026 2062 τὸν
1064 2013 1189 2078 βίον
1225 2010 1396 2063 αὐτοῦ
1429 2011 1855 2079 συγγράψαντες.

186 2099 245 2148 τί
279 2098 345 2164 δὴ
385 2105 553 2149 ταῦτα
589 2099 724 2166 πρὸς
761 2099 861 2165 τὴν
894 2097 1040 2161 λέξιν
1071 2098 1242 2151 αὐτοῦ
1275 2102 1569 2163 συντείνεις
1609 2102 1744 2167 φαίη
1778 2119 1861 2161 τις

189 2187 270 2236 ἄν.
330 2184 362 2251 ἡ
397 2184 536 2248 λέξις
566 2182 667 2253 μὲν
699 2181 816 2253 οὖν,
850 2185 1050 2254 εἴποιμ’
1083 2188 1168 2254 ἄν,
1201 2189 1412 2248 οἰκείως
1443 2188 1863 2240 κατεσκεύασται

189 2274 324 2340 πρὸς
362 2281 546 2340 ταῦτα,
587 2275 750 2341 μεστὴ
789 2278 1009 2326 πολλῶν
1048 2270 1186 2327 οὖσα
1224 2275 1382 2342 ἠθῶν
1419 2273 1511 2327 καὶ
1541 2281 1740 2328 παθῶν
1771 2273 1862 2326 καὶ

311 2435 333 2472 1
369 2430 447 2530 ὡςέ
478 2425 506 2488 ᾗ
533 2431 802 2488 Sylburgius
831 2432 836 2490 Ι
865 2433 982 2489 ἀνὴρ
1008 2433 1165 2477 MBP:
1192 2433 1489 2489 con-Krfiger
1565 2437 1590 2475 2
1615 2430 1686 2490 ἧς]
1713 2429 1740 2490 ἧ
1764 2433 1802 2475 Β

193 2493 221 2530 4
244 2487 382 2538 τόπος
450 2489 655 2545 iessling,
681 2490 934 2546 Sauppius:
959 2491 1059 2535 τότε
1084 2491 1133 2534 cf
1151 2491 1391 2535 Plutarchi
1416 2492 1472 2535 de
1496 2491 1686 2548 malign.
1714 2492 1860 2550 Hemss

195 2546 416 2589 ἀοε18646
478 2553 502 2588 5
521 2548 779 2604 [οὐ]δεμιᾶς
803 2564 907 2592 cum
930 2564 1004 2593 ras
1022 2551 1070 2592 M
1098 2552 1102 2607 Ι
1130 2566 1197 2601 τις
1222 2565 1297 2594 om
1314 2550 1350 2592 B
1378 2552 1383 2606 Ι
1413 2549 1544 2606 ἰσχὴν
1561 2549 1642 2593 ΒΡ
1705 2555 1728 2592 7
1753 2566 1861 2605 τρα-

194 2603 384 2678 γφδίας]
416 2603 664 2658 τραυδίαςῖ
686 2607 722 2648 Β
800 2613 824 2650 8
857 2609 939 2664 οὐχ
971 2610 1096 2652 omP
1125 2611 1130 2665 Ι
1158 2611 1218 2660 ὡς
1242 2607 1453 2659 αὕτωςΜ
1485 2607 1544 2658 ὣς
1568 2609 1715 2659 αὐτῶς
1732 2608 1769 2651 Β
1802 2610 1862 2659 ὡς

197 2679 339 2713 ουτως
355 2664 389 2705 P
482 2670 506 2707 9
531 2666 748 2708 καλοῦσιν
765 2664 800 2707 Ρ
828 2667 833 2722 Ι
863 2665 1190 2726 ἐπαχθόμεθα]
1215 2683 1262 2711 τε
1286 2666 1538 2724 ἀχθόμεθα
1562 2667 1700 2710 ΜΒΡ
1732 2682 1762 2710 v
1778 2666 1859 2723 (τ’)

315 2726 369 2765 10
399 2721 883 2779 καθυποκριναμένοις
907 2724 988 2767 ΒΡ
1053 2732 1103 2769 12
1130 2734 1224 2777 τοῖς
1239 2726 1300 2781 M,
1325 2726 1362 2768 B
1387 2725 1436 2768 in
1458 2739 1557 2781 mg:
1582 2732 1661 2782 τῆς
1685 2726 1732 2780 Ρ,
1750 2725 1787 2767 Β
1812 2725 1862 2768 in

195 2782 327 2824 textu
435 2785 487 2822 13
518 2781 669 2836 λόγοις
700 2795 774 2824 om
805 2782 840 2824 B
870 2784 874 2837 Ι
906 2782 1099 2840 ἔμψιχον
1129 2785 1167 2827 Β
1239 2781 1241 2784 ’
1275 2789 1327 2827 17
1361 2783 1567 2841 σχήματα
1599 2782 1756 2843 <τὰ>ἱ>

199 2844 253 2883 18
285 2840 344 2888 ὡς
374 2853 452 2894 mg
477 2839 613 2939 Bodhli:
649 2836 716 2889 οἷς
790 2845 843 2882 20
877 2840 1127 2896 Δημέτριος
1151 2845 1186 2886 Ρ
1214 2845 1293 2903 Ιῐτε
1326 2857 1401 2886 om
1424 2843 1498 2886 Pv
1570 2846 1625 2885 22
1659 2840 1789 2898 φαίει
1812 2843 1860 2886 Μ

316 2902 372 2939 24
404 2905 538 2954 μεστῆ
