1958 3192
171 116 243 168 48
597 117 936 161 ΔΙΟΝΥΣΙΟΤ
966 117 1436 160 ΑΛΙΚΑΡΝΑΣΕῼΣ

171 252 361 322 γνώμῃ
416 252 686 323 χρώμενοι
739 249 1037 320 καιομένην
1090 251 1191 319 τὴν
1236 250 1471 304 Ἑλλάδα
1518 261 1852 323 περιορῶσιν
1936 273 1940 278 ·

171 339 434 409 ἡγεμόνες
495 342 647 403 ὄντες
708 350 819 392 τῶν
865 339 1144 407 Ἑλλήνων
1205 339 1306 392 οὐκ
1359 339 1561 403 ἀδίκως
1613 339 1703 392 καὶ
1758 341 1851 394 διὰ

172 431 274 497 τὴν
320 431 565 498 ἔμφυτον
618 428 817 499 ἀρετὴν
868 426 957 480 καὶ
1013 429 1105 480 διὰ
1154 428 1255 496 τὴν
1299 427 1423 499 περὶ
1470 430 1567 481 τὸν
1611 431 1853 498 πόλεμον

175 518 491 587 ἐπιστήμην,
523 520 683 586 μόνοι
708 514 769 569 δὲ
795 518 1074 578 οἰκοῦντες
1098 515 1405 587 ἀπόρθητοι
1436 515 1526 570 καὶ
1557 516 1853 586 ἀτείχιστοι

128 623 148 653 ὁ
173 605 263 659 καὶ
311 606 661 659 ἀστασίαστοι
714 604 803 657 καὶ
851 605 1104 673 ἀήττητοι
1157 603 1248 657 καὶ
1293 608 1517 675 τρόποις
1563 604 1647 658 ἀεὶ
1693 603 1848 678 τοῖςΙ

174 695 361 756 αὐτοῖς
399 695 695 765 χρώμενοι·
735 690 813 746 ὧν
851 692 1008 745 ἕνεκα
1048 691 1200 755 ἐλπὶς
1231 693 1515 747 ἀθάνατον
1548 695 1650 762 τὴν
1683 694 1830 748 ἐλευ-
1855 707 1910 748 52

172 786 373 853 θερίαν
427 783 627 844 αὐτοὺς
680 787 976 850 κεκτῆσθαι
1029 780 1119 834 καὶ
1168 781 1227 834 ἐν
1271 791 1386 844 τοῖς
1439 785 1853 853 παρεληλυθόσι
1957 779 1958 788 ³

173 872 457 933 κινδύνοις
497 878 742 940 σωτῆρας
780 869 1112 939 γενομένους
1150 878 1245 938 τῆς
1277 870 1537 934 Ἑλλάδος
1578 870 1703 942 περὶ
1743 881 1854 924 τῶν

174 962 487 1029 μελλόντων
516 965 880 1029 προορᾶσθαι.
943 958 1010 1012 οὐ
1046 962 1240 1012 τοίνυν
1272 959 1300 1012 ὁ
1335 953 1503 1012 ἐπιὼν
1533 961 1723 1030 καιρὸς
1752 968 1852 1013 τοῦ

110 1066 151 1096 10
173 1051 445 1118 παρόντος
491 1046 761 1119 βελξτίων·
817 1047 883 1100 οὐ
937 1048 1040 1118 γὰρ
1097 1046 1387 1118 ἀλλοτρίας
1443 1049 1527 1100 δεῖ
1571 1049 1666 1110 τὰς
1718 1057 1831 1101 τῶν
1855 1055 1927 1101 52'

174 1136 538 1189 ἀπολωλότων
600 1138 888 1207 συμφορὰς
948 1139 1191 1205 νομίζειν
1253 1135 1369 1189 ἀλλ’
1433 1138 1662 1205 οἰκείας,
1724 1135 1845 1189 οὐδ’

174 1225 478 1294 ἀναμεῖναι,
519 1223 618 1287 ἕως
657 1224 727 1278 ἂν
767 1223 849 1278 ἐπ’
889 1224 1091 1287 αὐτοὺς
1128 1224 1268 1294 ἡμᾶς
1300 1226 1355 1277 αἱ
1387 1226 1647 1294 δυνάμεις
1678 1225 1854 1294 ἀμφο-

172 1312 347 1383 τέρων
386 1316 645 1382 ἔλθωσιν,
686 1312 802 1367 ἀλλ’
843 1312 942 1376 ἕως
975 1316 1053 1366 ἔτι
1086 1312 1274 1382 ἔξεστι,
1313 1315 1414 1382 τὴν
1444 1315 1657 1367 τούτων
1687 1313 1854 1384 ὕβριν

171 1407 428 1455 κωλῦσαι.
498 1405 580 1464 τίς
625 1404 729 1471 γὰρ
779 1401 879 1454 οὐκ
926 1401 996 1454 ἂν
1035 1443 1045 1454 .
1071 1443 1118 1454 ..
1144 1443 1155 1454 .
1189 1422 1250 1454 εν
1297 1402 1444 1472 ὁρῶν
1490 1402 1550 1455 ἐν
1595 1409 1670 1455 τῶ
1701 1403 1853 1473 πρὸς

108 1506 148 1538 15
174 1491 446 1558 ἀλλήλους
483 1490 701 1562 πολέμω
742 1492 1013 1559 μεγάλους
1059 1490 1260 1552 αὐτοὺς
1305 1490 1728 1559 γεγενημένους;
1775 1486 1854 1543 ὧν

174 1580 240 1633 οὐ
287 1582 461 1648 μόνον
512 1581 753 1649 αἰσχρῶν
799 1581 977 1631 όντων
1027 1578 1166 1632 ἀλλά
1211 1577 1300 1631 καὶ
1347 1580 1548 1631 δεινῶν
1593 1588 1708 1641 τοῖς
1753 1599 1854 1647 μεν

173 1669 380 1737 μεγάλα
433 1668 805 1737 ἡμαρτηκόσιν
859 1667 1077 1730 ἐξουσία
1129 1666 1413 1735 γεγένηται
1459 1677 1570 1719 τῶν
1614 1686 1853 1738 πεπραγ-

173 1755 371 1825 μένων,
411 1766 525 1818 τοῖς
565 1753 625 1808 δὲ
650 1755 913 1824 ’Έλλησιν
953 1756 1183 1824 οὐδεμία
1221 1755 1403 1808 αὐτῶν
1441 1756 1706 1826 τιμωρία.’

86 1843 153 1894 31
286 1843 407 1906 ἑνὸς
446 1846 525 1897 ἔτι
562 1846 906 1914 παράδειγμα
944 1847 1099 1912 θήσω
1145 1846 1315 1911 λόγου
1363 1847 1851 1914 συμβουλευτικοῦ,

108 1947 151 1978 20
174 1934 266 1985 ἵνα
319 1931 410 1985 καὶ
462 1934 663 1986 τούτου
716 1941 814 1986 τοῦ
869 1932 1064 2000 γένους
1117 1942 1228 1985 τῶν
1275 1935 1454 2000 λόγων
1501 1933 1529 1986 ὁ
1576 1934 1851 2004 χαρακτὴρ

173 2021 394 2089 γένηται
436 2023 625 2090 σαφής.

85 2109 155 2160 32
282 2110 555 2162 ὑπόθεσιν
587 2107 647 2161 δὲ
677 2113 995 2180 περιείληφε
1029 2110 1130 2177 τὴν
1159 2109 1284 2180 περὶ
1316 2118 1414 2163 τοῦ
1445 2111 1517 2179 μὴ
1549 2115 1849 2163 καταλῦσαι

173 2199 273 2265 τὴν
309 2199 541 2267 πάτριον
578 2201 861 2251 πολιτείαν
892 2197 1171 2267 Ἀθήνησι.
1240 2206 1338 2251 τοῦ
1378 2200 1481 2270 γὰρ
1514 2200 1691 2268 δήμου
1723 2218 1847 2251 κατ-
1944 2240 1945 2243 ¹

175 2288 439 2347 ελθόντος
479 2286 535 2338 ἐκ
575 2291 851 2356 Πειραιῶς
889 2285 978 2339 καὶ
1018 2285 1404 2355 ψηφισαμένου
1444 2284 1829 2359 διαλύσαξσθαι
1854 2282 1958 2353 52ὃῇ

1941 1602 1948 1863 3

1940 1870 1947 2029 ᾖ

108 2388 149 2420 25
173 2374 309 2442 πρὸς
347 2375 475 2435 τοὺς
515 2373 573 2426 έν
613 2377 762 2427 ἄστει
801 2373 890 2427 καὶ
930 2376 1163 2443 μηδενὸς
1209 2385 1319 2428 τῶν
1369 2374 1681 2444 γενομένων
1718 2396 1851 2444 μνη-

296 2508 317 2546 1
365 2502 627 2559 χρωμένους
664 2505 847 2548 FMPB
890 2504 982 2548 fort
1020 2502 1302 2562 χρωμένους,
1352 2504 1525 2564 <οἳ>Ι
1574 2503 1849 2578 καιομένην]

173 2564 469 2618 κακουμένην
501 2564 740 2607 Dobraeus
847 2570 872 2607 3
905 2563 984 2607 διὰ
1015 2565 1143 2620 prius
1175 2565 1270 2607 add
1299 2563 1359 2605 F²
1385 2565 1398 2629 Ι·
1419 2563 1523 2618 περὶ
1555 2563 1702 2607 Fuhr:
1735 2563 1851 2618 πρὸς

294 2628 318 2663 5
343 2622 529 2678 τρόποις
552 2623 876 2667 Marklandus·
902 2623 1060 2673 τόποις
1146 2627 1169 2666 7
1193 2623 1363 2672 αὐτοὺς
1385 2622 1435 2664 111
1458 2636 1537 2677 mg
1564 2622 1658 2664 add
1673 2622 1732 2664 F1

177 2685 230 2723 10
257 2682 310 2724 οὐ
335 2682 383 2724 111
408 2695 482 2723 ras
507 2681 540 2722 F
628 2686 680 2724 12
707 2679 766 2726 ἂν
793 2696 866 2725 om
888 2682 926 2725 G
1012 2687 1066 2724 13
1094 2681 1259 2725 ἔλθωσι
1282 2681 1317 2723 F
1403 2685 1457 2723 14
1483 2681 1565 2724 οὐκ
1591 2678 1651 2724 ἂν
1677 2681 1851 2736 ἐνορῶν

174 2738 283 2782 libri
364 2747 415 2784 16
448 2756 532 2795 μεν
558 2740 651 2782 add
675 2740 734 2782 F2
820 2746 871 2783 17
898 2740 1257 2797 ἐξημαρτηκόσιν
1282 2755 1310 2783 v
1339 2741 1344 2795 Ι
1374 2736 1648 2791 ἐξουσία-
1646 2737 1849 2813 Έλλησιν

173 2798 222 2841 111
253 2814 332 2855 mg
365 2798 599 2855 suppleuit
631 2813 731 2842 corr
762 2800 809 2842 M
851 2802 856 2856 1
900 2798 1141 2856 γεγένηται
1172 2812 1228 2842 ex
1260 2796 1529 2855 γεγένηνται
1560 2797 1594 2839 F
1710 2804 1762 2842 18
1796 2795 1844 2842 δ’

173 2858 256 2900 ΡΒ
356 2863 411 2902 20
441 2866 531 2902 τῶν
563 2857 709 2914 λόγων
741 2859 935 2902 Usenel:
967 2866 1048 2901 τοῦ
1081 2858 1218 2914 λόγου
1321 2862 1374 2900 22
1407 2856 1491 2913 τὴν
1523 2870 1599 2900 om
1628 2856 1851 2901 F1P?Gv

293 2922 347 2960 25
381 2917 585 2975 μηθενὸς
616 2917 821 2960 F2MPB
851 2922 855 2973 Ι
884 2915 1199 2973 γεγενημένων
1233 2915 1310 2959 Gv
