2004 3202
172 173 275 226 188
585 176 925 219 ΔΙΟΝΤΣῙΟΤ
954 175 1423 218 ΑΛΙΚΑΡΝΑΣΕΩΣ
1937 0 1983 210 ³

169 328 269 377 μεν
316 310 383 377 δὴ
437 311 582 378 παχὺ
629 315 862 379 εἴρηται,
916 310 976 362 τὸ
1026 308 1111 377 <δ’
1151 307 1275 377 ἐπὶ>
1322 311 1496 383 τούτῳ
1545 313 1846 380 λεγόμενον
1956 210 1986 432 3

171 396 461 467 ἐνθύμημα
514 397 938 467 ἀσθενέστερον·
993 398 1085 450 διὰ
1130 407 1342 470 μακροῦ
1388 399 1394 468 Ι
1440 419 1496 452 τε
1543 401 1647 470 γὰρ
1693 398 1784 452 καὶ
1818 363 1976 492 1038ἔ
1985 439 1987 442 -

170 485 546 554 ἀκατάλληλον
587 485 677 539 καὶ
725 487 850 538 οὔτε
889 487 1175 555 δεινότητα
1220 489 1348 556 ἔχον
1387 488 1514 541 οὔτε
1559 487 1846 552 σύνταξιν·
1959 499 1961 501 ’

172 574 303 642 “Τῆς
341 573 389 627 δ’
422 574 697 643 εὐγενείας
734 583 955 644 πρῶτον
992 574 1197 645 ὑπῆρξε
1235 578 1419 629 τοῖσδε
1455 577 1489 645 ἡ
1530 576 1678 646 <τῶν
1714 594 1847 647 προ-

171 664 388 732 γόνων>
426 662 654 731 γένεσις,
694 662 795 714 οὐκ
834 664 1036 730 ἔπηλυς
1076 659 1213 715 οὐσα
1250 660 1381 716 οὐδὲ
1418 666 1548 726 τοὺς
1588 664 1848 732 ἐκγόνους
1926 684 1927 687 ’

171 752 402 813 τούτους
438 749 831 819 ἀποφηναμένη
871 759 1258 820 μετοικοῦντας
1290 751 1351 804 ἐν
1379 760 1443 822 τῇ
1482 753 1649 824 χώρᾳ,
1689 754 1848 806 ἄλλο·
1967 733 1972 744 ¹

171 847 277 893 θεν
332 850 488 910 σφῶν
540 840 811 907 ἡκόντων,
874 838 989 893 ἀλλ’
1045 840 1389 909 αὐτόχθονας
1448 839 1540 893 καὶ
1599 848 1675 912 τῷ
1728 843 1849 894 ὄντι

171 931 408 999 πατρίδα
455 930 743 990 οἰκοῦντας
793 926 885 981 καὶ
940 931 1143 993 ζῶντας
1190 927 1281 981 καὶ
1331 927 1703 999 τρεφομένους
1749 929 1850 997 οὐχ

172 1018 279 1070 ὑπὸ
319 1025 608 1087 μητρυιᾶς,
647 1018 720 1079 ὡς
760 1018 813 1070 οἱ
852 1018 1033 1086 ἄλλοι,
1074 1016 1190 1070 ἀλλ’
1228 1018 1336 1070 ὑπὸ
1376 1018 1579 1087 μητρὸς
1615 1024 1710 1086 τῆς
1749 1018 1853 1086 χώ-

175 1127 295 1175 ρας,
344 1105 403 1157 ἐν
441 1099 476 1176 ᾗ
523 1105 722 1177 ᾤκουν,
768 1103 860 1158 καὶ
906 1114 1013 1158 νῦν
1053 1111 1275 1159 κεῖσθαι
1319 1108 1746 1174 τελευτήσαντας
1792 1104 1853 1157 ἐν

175 1196 396 1256 οἰκείοις
449 1196 637 1256 τόποις
688 1201 784 1262 τῆς
837 1194 1099 1262 τεκούσης
1152 1214 1210 1247 τε
1265 1193 1356 1247 καὶ
1416 1195 1702 1265 θρεψάσης
1761 1192 1853 1246 καὶ

173 1282 611 1352 ὑποδεξαμένης.’
686 1292 851 1336 ποῖον
889 1285 1056 1345 ἔθνος
1110 1282 1427 1354 ἀνθρώπων
1471 1288 1693 1354 καθαρᾷ
1736 1283 1854 1335 δια-

175 1371 342 1444 λέκτῳ
386 1372 671 1442 χρώμενον
710 1371 822 1442 ἐρεῖ
866 1370 1085 1439 γένεσιν
1123 1372 1224 1440 τὴν
1261 1368 1363 1440 μὲν
1401 1371 1716 1440 αὐτόχθονα
1753 1372 1855 1438 τὴν

175 1457 236 1512 δὲ
275 1459 545 1528 ἐπήλυὸα;
583 1460 715 1529 ἡμῖν
745 1461 850 1530 γὰρ
883 1461 953 1528 δή
987 1480 1039 1512 τι
1080 1462 1421 1528 συμβεβηκός
1460 1459 1573 1512 ε’στι
1611 1460 1672 1511 τὸ
1711 1454 1855 1511 εἶναι

133 1568 152 1599 5
177 1548 515 1617 αὐτόχθοσιν
545 1547 578 1615 ἢ
611 1549 682 1616 μὴ
717 1547 1043 1618 ἐπιχωρίοις,
1083 1546 1206 1616 οὐχὶ
1237 1555 1301 1618 τῇ
1337 1546 1562 1615 γενέσει.
1623 1547 1854 1599 δύναται

177 1644 316 1704 γοῦν
353 1656 436 1698 τις
475 1636 680 1706 ἀλλαχῇ
727 1639 1022 1705 γενόμενος
1069 1635 1208 1705 ἀνὴρ
1250 1634 1476 1706 ἑτέρωσε
1522 1618 1856 1704 μετοικῆσαι,

176 1725 209 1792 ἡ
250 1722 310 1777 δὲ
348 1723 561 1792 γένεσις
599 1723 735 1791 αὐτὴ
767 1732 929 1777 τοῦτο
961 1730 1167 1776 παθεῖν
1199 1723 1265 1776 οὐ
1298 1725 1542 1776 δύναται.
1605 1726 1687 1786 τίς
1719 1722 1767 1776 δ’
1787 1722 1857 1775 ἂν
1995 1750 1998 1782 1

179 1811 422 1876 ἀξιώσειε
461 1821 571 1864 τῶν
603 1808 663 1864 εὖ
697 1811 1051 1880 διαλέγεσθαι
1091 1813 1512 1876 σπουδαζόντων
1543 1813 1733 1880 εἰπεῖν,
1773 1812 1858 1865 ὅτι
1994 1786 1999 1866 1

178 1899 210 1967 ἡ
251 1899 463 1967 γένεσις
501 1900 532 1967 ἡ
570 1909 680 1952 τῶν
709 1902 1002 1970 προγόνων
1032 1902 1161 1962 τοὺς
1192 1900 1426 1970 ὕστερον
1456 1898 1858 1969 γενησομένους
1994 1880 2000 1926 ¹

180 1987 493 2057 ἀπεφήνατο
534 1988 878 2057 αὐτόχθονας
913 1989 918 2057 Ι
960 1987 1050 2040 καὶ
1089 1989 1161 2057 μὴ
1200 1991 1486 2057 μετοίκους
1525 1985 1666 2041 εἶναι
1704 1995 1799 2056 τῆς
1832 2001 1945 2040 1039

298 2197 326 2235 4
357 2192 601 2237 Menexeni
635 2192 744 2236 237¹>
837 2198 861 2236 6
896 2192 1107 2236 scholion
1138 2192 1244 2237 ἀντὶ
1274 2199 1355 2237 τοῦ
1389 2193 1511 2249 (ἀντι
1540 2192 1594 2249 Β)
1627 2189 1860 2244 ἐπιδείξας

183 2251 390 2307 φανερόν
423 2254 657 2308 (φανερῶν
688 2252 744 2308 Β)

304 2450 326 2486 1
360 2444 410 2487 τὸ
443 2441 486 2486 δ’
511 2443 586 2486 ἐπὶ
617 2443 761 2502 τούτῳ
787 2442 1082 2499 Sylburgius:
1114 2443 1165 2486 τὸ
1197 2442 1329 2486 laoV
1351 2441 1432 2486 litt
1484 2449 1565 2485 τοῦ
1596 2441 1740 2500 τούτῳ
1763 2441 1859 2483 ΜΒ
1998 2484 1999 2489 ,

184 2502 235 2546 τὸ
266 2503 347 2546 τὸν
378 2502 524 2560 τούτῳ
555 2502 629 2544 Pv
672 2505 677 2558 Ι
718 2490 821 2558 λεγό
859 2504 1024 2557 postea
1063 2501 1158 2545 add
1187 2502 1236 2544 M
1355 2506 1381 2544 2
1413 2486 1725 2554 ἀσθενότερον
1749 2499 1785 2542 P
1796 2514 1822 2541 v
1850 2499 1856 2557 1
1997 2496 2004 2569 j

184 2563 292 2618 post
323 2559 404 2603 διὰ
435 2548 508 2603 lac
533 2561 597 2602 III
621 2559 701 2603 litt
724 2560 772 2602 M
864 2566 889 2602 3
923 2561 1139 2613 σύνταξιν
1172 2574 1247 2604 om
1270 2560 1319 2603 M
1349 2560 1399 2603 in
1429 2559 1503 2602 lac
1526 2558 1590 2602 IX
1613 2558 1694 2601 liti:
1720 2559 1726 2614 Ι
1752 2560 1861 2614 post
1999 2577 2004 2599 ι

187 2620 404 2671 σύνταξιν
434 2618 566 2662 laeV
591 2618 666 2661 uel
690 2618 754 2661 VI
783 2618 863 2661 lim:
885 2619 922 2661 B
1020 2625 1049 2663 4
1079 2627 1170 2664 τῶν
1201 2617 1444 2675 προγόνων
1471 2620 1535 2662 H:
1567 2616 1641 2660 lac
1664 2616 1749 2659 XII
1780 2615 1861 2659 litt
1974 2606 2004 2667 ἱ

186 2679 255 2733 Μ,
287 2677 415 2720 XVII
445 2677 526 2720 litt
548 2677 607 2732 B,
639 2677 809 2719 XXXX
839 2677 934 2721 fere
966 2678 1047 2722 litt
1069 2678 1105 2721 P
1197 2683 1222 2722 6
1256 2676 1465 2721 scholion
1494 2675 1546 2719 in
1574 2690 1654 2731 mg
1685 2688 1761 2718 om
1790 2675 1827 2718 P
1851 2675 1856 2733 1
1998 2675 2004 2719 Ξ

188 2737 363 2781 ἄλοθεν
380 2735 417 2778 Β
503 2740 527 2778 7
552 2743 642 2780 τῶν
668 2734 768 2778 ὄντι
791 2735 827 2777 Β
911 2741 937 2779 8
963 2736 1013 2781 ἐν
1036 2735 1225 2792 πατρίδι
1243 2739 1294 2780 Π
1370 2739 1426 2779 10
1454 2733 1860 2789 τελευτήσαντοςΒ
1983 2729 2004 2762 ·“-

187 2795 534 2851 τελευτήσαντες
557 2795 593 2837 Ρ
632 2796 637 2849 Ι
677 2793 727 2837 ἐν
761 2792 966 2852 οἰκείοις]
1000 2794 1193 2846 ἐκείνοις
1216 2796 1253 2838 Β
1345 2799 1397 2838 11
1430 2808 1478 2837 τε
1511 2807 1586 2836 om
1610 2795 1660 2835 H
1695 2794 1701 2849 Ι
1738 2795 1803 2848 θρ
1807 2809 1862 2835 α·-

189 2853 344 2912 ψάσης
373 2854 411 2896 Β
516 2857 571 2896 14
603 2851 646 2896 δ’
671 2855 752 2895 Hv
791 2854 797 2907 Ι
834 2854 896 2910 τι]
928 2868 1019 2898 που
1052 2854 1257 2898 Sadaeus
1358 2858 1410 2896 15
1444 2849 1704 2926 ἐπιχωρίοις
1736 2851 1862 2895 deless

188 2914 319 2958 Vliet
433 2916 486 2955 17
518 2910 594 2968 ἡδ’
624 2911 660 2954 Ρ
706 2914 711 2967 1
758 2909 1002 2967 γένεσις-
1023 2911 1091 2963 τίς
1126 2911 1170 2956 δ’
1202 2927 1276 2956 om
1299 2912 1372 2956 Pv
1486 2914 1541 2954 18
1574 2907 1623 2954 εὖ
1657 2907 1861 2966 διαλέγε-

190 2973 324 3031 σθαι]
358 2970 407 3016 ἓν
440 2972 761 3027 ὃιαλεγεσθαι,
792 2985 871 3026 mg
901 2969 1199 3027 διαλέγεσθαι
1230 2971 1267 3014 Β
1380 2975 1437 3014 20
1469 2970 1581 3014 αὐτὸ
1612 2968 1793 3026 χθόνας
1822 2968 1860 3011 Β
