2004 3202
664 127 810 168 ΠΕΡΙ
840 125 1243 169 ΘοΤΚΤΔΙΔοΤ
1690 126 1799 178 363

38 331 41 334 Α
114 258 239 328 <καὶ
277 260 715 329 παρομοιώσεις>
753 258 844 313 καὶ
882 262 1295 330 παρονομασίας
1341 258 1432 312 καὶ
1472 259 1801 329 ἀντιθέσεις,

0 338 44 389 *s
115 347 178 406 ἐν
229 341 317 411 αἶς
371 347 665 402 ἐπλεόνασε
713 351 954 418 Γοργίας
999 347 1028 403 ὁ
1070 351 1371 410 Λεοντῖνος
1422 347 1513 400 καὶ
1568 350 1622 402 οἱ
1675 349 1799 419 περὶ

34 483 38 489 ,
75 461 81 467 ·
116 440 321 491 Πῶλον
371 435 463 490 καὶ
519 438 831 507 Λικύμνιον
881 436 975 491 καὶ
1027 435 1226 490 πολλοὶ
1287 437 1447 490 ἄλλοι
1507 446 1620 490 τῶν
1675 438 1794 490 κατ’

115 525 288 578 αὐτὸν
325 525 701 595 ἀκμασάντων.
757 525 1088 595 ἐκδηλότατα
1120 522 1182 578 δὲ
1212 524 1385 578 αὐτοῦ
1415 523 1506 578 καὶ
1538 545 1803 595 χαρακτη-

0 627 2 635 ’
35 638 37 643 ·
113 615 386 683 ρικώτατά
416 613 530 667 ἐστι
561 617 623 667 τό
655 634 712 667 τε
746 619 1048 684 πειρᾶσθαι
1079 613 1150 667 δι’
1184 613 1484 683 ἐλαχίστων
1515 614 1803 684 ὀνομάτων
1828 634 1848 664 5

44 726 55 763 .·
111 707 341 756 πλεῖστα
393 706 685 772 σημαίνειν
734 704 1026 774 πράγματα
1084 701 1175 756 καὶ
1236 704 1414 756 πολλὰ
1475 703 1802 757 συντιθέναι

112 793 359 860 νοήματα
406 793 484 855 εἰς
536 791 616 861 ἕν,
669 791 760 845 καὶ
806 793 940 860 <τὸ>
990 794 1070 844 ἔτι
1115 793 1561 861 προσδεχόμενόν
1606 812 1658 845 τι
1704 794 1804 846 τὸν

112 880 389 950 ἀκροατὴν
427 881 767 934 ἀκούσεσθαι
805 883 1179 934 καταλείπειν·
1218 879 1319 949 ὑφ’
1358 876 1438 934 ὧν
1475 878 1683 950 ἀσαφες
1720 885 1803 949 γί-

111 989 265 1023 νεται
309 971 371 1023 τὸ
418 971 610 1040 βραχύ.
686 971 779 1023 ἵνα
818 967 879 1023 δε
930 970 1179 1023 συνελὼν
1218 974 1381 1038 εἴπω,
1427 968 1655 1039 τέτταρα
1701 969 1804 1039 μέν

113 1057 263 1111 ἐστιν
302 1060 477 1128 ὥςπερ
519 1061 729 1128 ὄργανα
768 1066 863 1127 τῆς
897 1059 1252 1112 Θουκυδίδου
1293 1057 1508 1123 λέξεως·
1547 1059 1608 1112 τὸ
1646 1076 1804 1128 ποιη-
1828 1081 1872 1110 10

110 1148 268 1200 τικὸν
305 1157 418 1200 τῶν
456 1147 767 1216 ὀνομάτων,
807 1148 869 1200 τὸ
907 1143 1196 1209 πολυειδὲς
1234 1156 1346 1199 τῶν
1385 1148 1699 1216 σχημάτων,
1740 1149 1801 1201 τὸ

112 1237 285 1305 τραχὺ
323 1243 419 1304 τῆς
451 1236 734 1305 ἁρμονίας,
773 1237 834 1288 τὸ
866 1237 1029 1305 τάχος
1059 1245 1172 1289 τῶν
1203 1245 1506 1305 σημασιῶν·
1546 1237 1803 1306 χρώματα

57 1341 111 1381 70
128 1321 190 1377 δὲ
214 1324 384 1393 αὐτῆς
406 1327 468 1378 τό
493 1345 550 1378 τε
578 1322 583 1395 δ
612 1326 885 1395 στριφνὸν
915 1323 1006 1377 καὶ
1031 1326 1091 1378 τὸ
1123 1327 1355 1393 πυκνόν,
1386 1323 1477 1377 καὶ
1508 1326 1571 1378 τὸ
1602 1326 1804 1394 πικρὸν

111 1411 203 1469 καὶ
242 1414 304 1466 τὸ
344 1413 647 1483 αὐστηρόν,
693 1412 784 1466 καὶ
834 1414 895 1467 τὸ
937 1411 1200 1482 ἐμβριθὲς
1245 1412 1334 1466 καὶ
1381 1414 1442 1466 τὸ
1484 1415 1673 1467 δεινὸν
1709 1413 1800 1467 καὶ

114 1502 224 1572 [τὸ]
272 1504 542 1572 φοβερόν,
595 1499 734 1572 ὑπὲρ
781 1503 996 1556 ἅπαντα
1041 1499 1102 1555 δὲ
1140 1511 1312 1555 ταῦτα
1365 1503 1426 1554 τὸ
1476 1505 1801 1571 παθητικόν.
1827 1526 1869 1555 15

112 1598 364 1654 τοιοῦτος
401 1587 503 1660 μὲν
541 1592 611 1659 δή
650 1594 732 1654 τίς
771 1591 922 1644 ἐστιν
954 1591 982 1644 ὁ
1019 1592 1369 1659 Θουκυδίδης
1406 1592 1541 1644 κατὰ
1572 1592 1671 1644 τὸν
1708 1599 1804 1660 τῆς

111 1679 326 1753 λέξεως,
366 1687 706 1749 χαρακτῆρα,
762 1672 808 1751 ᾦ
858 1681 1006 1749 παρὰ
1060 1681 1190 1742 τοὺς
1244 1681 1447 1742 ἄλλους
1501 1681 1803 1748 διήνεγκεν.

110 1769 246 1822 ὅταν
291 1765 393 1837 μὲν
435 1765 539 1822 οὖν
581 1769 616 1836 ἥ
662 1789 718 1822 τε
764 1771 1086 1839 προαίρεσις
1135 1768 1308 1821 αὐτοῦ
1354 1767 1445 1821 καὶ
1483 1768 1516 1836 ἡ
1567 1769 1804 1838 δύναμις

27 1864 29 1867 ’
110 1858 480 1927 συνεκδράμῃ,
512 1856 691 1913 τέλεια
725 1861 935 1925 γίνεται
966 1858 1368 1926 κατορθώματα
1397 1855 1489 1910 καὶ
1522 1858 1803 1926 δαιμόνια·

111 1947 247 2000 ὅταν
285 1943 346 1998 δὲ
386 1945 606 2016 ἐλλείπῃ
645 1946 706 1998 τὸ
746 1953 841 2013 τῆς
888 1946 1197 2014 δυνάμεως,
1249 1945 1316 1998 οὐ
1363 1949 1803 2015 παραμείναντος
1827 1969 1871 1999 20

109 2034 270 2105 μέχρι
309 2036 533 2087 πάντων
563 2042 663 2088 τοῦ
701 2036 886 2101 τόνου,
927 2035 1021 2087 διὰ
1055 2035 1116 2087 τὸ
1149 2035 1312 2103 τάχος
1342 2042 1437 2102 τῆς
1469 2034 1802 2102 ἀπαγγελίας

110 2123 328 2192 ἀσαφής
374 2143 430 2176 τε
468 2122 501 2190 ἡ
551 2121 691 2187 λέξις
736 2124 947 2190 γίνεται
992 2121 1083 2175 καὶ
1131 2123 1300 2185 ἄλλας
1348 2123 1503 2184 τινὰς
1552 2121 1802 2191 ἐπιφέρει

111 2219 281 2282 κῆρας
321 2211 422 2264 οὐκ
461 2211 762 2280 εὐπρεπεῖς.
823 2212 884 2263 τὸ
918 2212 1022 2280 γὰρ
1065 2210 1125 2263 ἐν
1166 2203 1209 2281 ᾧ
1240 2212 1325 2263 δεῖ
1355 2213 1539 2282 τρόπω
1570 2212 1636 2264 τὰ
1675 2210 1803 2275 ξένα

31 2330 56 2359 1:v
110 2299 201 2353 καὶ
240 2299 578 2368 πεποιημένα
617 2298 878 2367 λέγεσθαι
918 2298 1008 2351 καὶ
1047 2298 1205 2367 μέχρι
1243 2301 1421 2352 πόσου
1451 2301 1802 2368 προελθόντα

234 2466 255 2503 1
290 2460 371 2504 καὶ
402 2460 740 2515 παρομοιώσεις
770 2465 831 2503 Δ;
866 2473 941 2502 om
972 2458 1100 2502 MPf
1231 2464 1258 2502 4
1289 2459 1720 2516 χαρακτηρικότατα
1753 2459 1798 2502 M

113 2519 508 2578 χαρακτηκώτατα
533 2519 568 2562 Ρ
758 2524 780 2562 7
816 2518 895 2561 καὶ
930 2517 994 2562 ἔτι
1018 2517 1190 2562 MPfA
1366 2523 1392 2563 8
1418 2519 1682 2563 ἀκούεσθαι
1714 2524 1755 2562 A
1792 2533 1795 2570 ς

111 2581 387 2623 καταλιπεῖν
419 2577 544 2621 MPf
550 2583 612 2622 A
646 2592 748 2621 corr
778 2577 998 2621 Reiskius
1150 2581 1176 2620 9
1207 2574 1404 2632 τέσσαρα
1430 2583 1471 2622 A
1623 2583 1676 2621 12
1710 2586 1801 2623 τῶν

114 2638 370 2695 σημασιῶν]
403 2645 494 2681 τῶν
527 2635 771 2695 σχημάτων
803 2635 928 2679 MPf
960 2643 1042 2693 τῆς
1074 2634 1301 2692 σημασίας
1324 2642 1366 2681 A
1490 2642 1542 2680 13
1577 2638 1800 2693 στριφνὸν

113 2697 278 2740 MPA:
304 2697 540 2752 στρυφνὸν
560 2697 598 2739 f·
596 2713 630 2753 Ι
618 2696 786 2751 πικρὸν
809 2695 888 2738 καὶ
910 2694 964 2739 τὸ
987 2695 1169 2739 πυκνὸν
1186 2702 1228 2740 A
1260 2696 1423 2741 ordine
1446 2696 1569 2740 male
1593 2698 1794 2743 mutatol

111 2757 314 2829 πυκνὸν]
346 2755 516 2801 πικνὸν
549 2769 604 2800 ex
636 2754 804 2810 πικρὸν
835 2769 938 2798 corr
967 2755 1004 2798 P
1127 2759 1182 2798 14
1218 2762 1270 2799 15
1303 2757 1384 2799 καὶ
1417 2755 1623 2814 φοβερὸν
1655 2762 1695 2799 A

117 2820 172 2859 15
204 2812 256 2859 δε
289 2816 432 2859 αὑτοῦ
456 2821 602 2858 ταῦτα
628 2819 669 2858 A
755 2818 809 2857 16
840 2815 1070 2880 τοιουτοσὶ
1095 2820 1137 2859 A
1230 2820 1282 2858 17
1317 2815 1425 2869 περὶ
1455 2815 1478 2857 f
1565 2819 1619 2858 21
1647 2815 1799 2870 ἀπαι-

114 2871 270 2931 yellus
291 2873 330 2918 f:
363 2872 639 2931 ἐπαγγελίας
662 2873 756 2916 ΜΡ
787 2871 879 2916 nisi
904 2874 1029 2928 quod
1062 2871 1245 2924 -λειάς
1268 2874 1304 2917 Ρ
1389 2879 1444 2916 23
1472 2874 1703 2929 εὐπρεπὴς
1727 2873 1792 2930 M}

115 2932 243 2992 τόπῳ
266 2948 289 2975 1·
321 2932 570 2988 Sylburgio
604 2934 792 2976 auctore
