1958 3192
507 118 652 159 ΠΕΡΙ
681 115 805 158 ΤΩΝ
834 116 1100 159 APme
1130 116 1417 159 PHTORszN
1774 117 1804 168 ’7

125 254 199 322 μὰ
230 254 342 304 Δία
372 252 533 303 κοινὰ
565 247 696 303 οὐδὲ
737 249 1181 340 κατημαξευμένα
1211 259 1327 312 τοῖς
1356 252 1641 321 πρότερον.
1701 250 1805 319 ἐγὼ

125 348 265 409 γοῦν
303 339 534 410 οὐδεμιᾷ
569 340 794 410 τοιαύτῃ
833 334 1142 410 περιτυχὼν
1180 335 1306 392 οἶδα
1344 347 1554 409 γραφῇ,
1595 340 1808 408 πολλὴν

125 430 344 498 ζήτησιν
382 427 565 481 αὐτῶν
602 427 1122 497 ποιησάμενος.οὐ
1160 425 1347 496 μέντοι
1387 429 1813 496 διαβεβαιοῦμαί

124 537 186 586 γε
232 518 305 580 ὡς
351 517 418 585 δὴ
465 514 555 569 καὶ
603 526 791 585 σαφῶς
838 517 1017 579 εἰδώς·
1063 517 1199 585 τάχα
1244 518 1349 586 γὰρ
1397 515 1478 573 ἂν·
1514 512 1626 569 εἶέν
1663 536 1808 579 τινες

123 606 181 658 αἱ
228 602 318 674 ἐμὲ
364 605 841 658 διαλανθάνουσαι
894 612 1142 658 τοιαῦται
1195 607 1429 676 γραφαί,
1483 605 1544 658 τὸ
1599 602 1660 658 δὲ
1714 612 1807 673 τῆς

125 693 382 747 ἁπάντων
415 693 656 763 ἱστορίας
692 694 826 763 ὅρον
858 692 1055 746 ἑαυτὸν
1084 701 1267 746 ποιεῖν
1303 691 1394 745 καὶ
1432 691 1557 763 περὶ
1595 701 1695 746 τοῦ
1734 694 1806 762 μὴ

124 780 410 851 γεγονέναι
463 802 515 834 τι
567 791 679 835 τῶν
729 783 984 835 δυνατῶν
1028 780 1290 850 γενέσθαι
1336 779 1519 850 λέγειν
1565 783 1808 844 αὔθαδες

122 871 270 923 πάνυ
323 869 414 923 καὶ
469 870 534 923 οὐ
587 873 774 942 πόρρω
829 873 1042 940 μανίας.
1117 869 1242 941 περὶ
1287 867 1390 940 μὲν
1443 866 1547 924 οὖν
1595 871 1808 924 τούτων

124 956 290 1012 οὐδὲν
335 961 463 1028 ἔχω,
513 961 761 1030 καθάπερ
811 962 976 1029 ἔφην,
1032 961 1505 1028 διαβεβαιοῦσθαι.
1588 968 1700 1013 τῶν
1746 957 1807 1013 δὲ

23 1058 116 1098 -451
146 1048 395 1118 ρητόρων
432 1068 490 1100 τε
527 1046 617 1100 καὶ
650 1046 1032 1118 συγγραφέων,
1070 1045 1208 1119 ὑπὲρ
1242 1043 1322 1101 ὧν
1356 1049 1361 1117 Ι
1398 1048 1426 1102 ὁ
1459 1050 1639 1117 λόγος,
1676 1053 1808 1102 πολ-

12 1184 42 1202 ,,
123 1142 237 1190 λῶν
280 1138 428 1190 πάνυ
474 1139 653 1190 ὄντων
697 1135 788 1189 καὶ
835 1136 1066 1204 ἀγαθῶν
1110 1138 1171 1190 τὸ
1218 1134 1320 1206 μὲν
1363 1134 1502 1207 ὑπὲρ
1551 1137 1808 1191 ἁπάντων

123 1227 359 1296 γράφειν
403 1233 616 1295 μακροῦ
663 1227 833 1292 λόγου
880 1226 1145 1295 δεόμενον
1184 1225 1332 1296 ὁρῶν
1371 1225 1535 1293 ἐάσω,
1578 1227 1708 1288 τοὺς
1747 1223 1808 1279 δὲ

12 1307 33 1369 ἶ.
121 1315 509 1385 χαριεστάτους
549 1313 602 1378 ἐξ
641 1314 824 1366 αὐτῶν
860 1315 1348 1384 προχειρισάμενος
1385 1316 1520 1367 κατὰ
1559 1316 1653 1377 τὰς
1690 1314 1809 1382 ἡλι-

121 1406 242 1465 κίας
293 1401 397 1473 ἐρῶ
443 1401 568 1473 περὶ
617 1401 869 1469 ἑκάστου,
915 1410 1022 1455 νῦν
1068 1399 1170 1471 μὲν
1214 1401 1339 1472 περὶ
1386 1413 1496 1455 τῶν
1540 1403 1806 1473 ῥητόρων,

123 1491 220 1545 ἐὰν
266 1488 326 1544 δὲ
374 1490 609 1561 ἐγχωρῇ,
655 1489 745 1543 καὶ
791 1489 915 1561 περὶ
955 1500 1065 1543 τῶν
1106 1492 1411 1561 ἱστορικῶν.
1488 1494 1706 1545 ἔσονται
1746 1490 1806 1546 δὲ

34 1636 45 1644 ,
122 1582 175 1634 οἱ
213 1582 768 1650 παραλαμβανόμενοι
811 1579 1036 1650 ῥήτορες
1082 1588 1227 1650 τρεῖς
1273 1577 1375 1649 μὲν
1422 1580 1478 1633 ἐκ
1524 1590 1635 1634 τῶν
1679 1599 1807 1651 πρε-

123 1668 428 1739 σβυτέρων,
470 1671 681 1731 Λυσίας
712 1667 1024 1739 Ἰσοκράτης
1056 1667 1276 1737 Ἰσαῖος,
1319 1678 1466 1739 τρεῖς
1505 1668 1552 1722 δ’
1601 1669 1658 1722 ἐκ
1697 1680 1807 1723 τῶν

0 1768 19 1836 ξι
124 1757 552 1827 ἐπακμασάντων
590 1757 829 1825 τούτοις,
868 1755 1237 1826 Δημοσθένης
1268 1757 1578 1828 Ὑπερείδης
1615 1760 1807 1828 Αἰσχί-

0 1862 19 1902 s
120 1867 244 1916 νης,
300 1846 396 1908 οὓς
451 1845 556 1914 ἐγὼ
610 1856 721 1899 τῶν
774 1847 958 1899 ἄλλων
1010 1846 1249 1915 ἡγοῦμαι
1306 1850 1655 1917 κρατίστους,
1716 1846 1805 1900 καὶ

0 1924 14 2010 Ξ
122 1937 532 2006 διαιρεθήσεται
586 1931 688 2004 μὲν
741 1936 818 1997 εἰς
872 1935 974 1987 δύο
1030 1934 1313 1999 συντάξεις
1364 1935 1397 2004 ἡ
1448 1938 1805 2006 πραγματεία,

121 2026 223 2093 τὴν
263 2021 323 2077 δὲ
361 2024 536 2094 ἀρχὴν
574 2023 678 2076 ἀπὸ
718 2024 918 2092 ταύτης
948 2025 1176 2091 λήψεται
1218 2031 1313 2092 τῆς
1350 2021 1489 2094 ὑπὲρ
1529 2034 1641 2077 τῶν
1678 2043 1806 2094 πρε-

0 2120 21 2185 f
123 2113 405 2184 σβυτέρων
441 2115 756 2183 γραφείσης.
815 2111 1229 2182 προειρημένων
1264 2113 1331 2180 δὴ
1364 2114 1577 2166 τούτων
1609 2112 1807 2166 ε’πανά-

122 2222 243 2270 γειν
279 2202 470 2271 καιρὸς
511 2199 597 2253 ε’πὶ
637 2202 702 2253 τὰ
739 2204 1082 2270 προκείμενα.

244 2367 266 2405 1
300 2358 696 2418 καθημαξευμένα
722 2360 984 2432 Stephanus
1009 2375 1038 2403 v
1064 2361 1120 2404 de
1145 2361 1180 2404 P
1205 2360 1448 2405 Kaibelius
1473 2363 1601 2405 tacet
1629 2363 1637 2419 Ι
1665 2359 1800 2418 ἔγωγ’

123 2417 208 2466 οὖν
233 2421 281 2464 Μ
349 2426 375 2464 2
401 2419 556 2477 γραφὴ
582 2419 630 2462 Μ
708 2424 733 2462 3
759 2418 916 2475 μέντοι
941 2419 1170 2464 Sadaeus:
1196 2436 1280 2476 μεν
1305 2420 1363 2477 δὴ
1442 2425 1469 2463 4
1492 2436 1615 2471 τινες
1637 2420 1689 2464 αἱ
1712 2435 1806 2465 non

123 2479 236 2524 licet
274 2482 505 2536 temptare
628 2484 651 2522 5
694 2476 786 2550 [δ]ὲ
827 2493 931 2522 eum
970 2477 1112 2522 litura
1144 2437 1227 2522 Μμ
1312 2484 1337 2523 6
1357 2480 1495 2552 περὶ]
1534 2480 1645 2535 πρὶν
1676 2480 1718 2523 Α

125 2543 150 2582 9
185 2537 332 2584 οὐθὲν
362 2539 399 2581 Β
479 2543 532 2582 12
564 2538 671 2588 τοὺς
702 2535 752 2581 δε
786 2537 894 2580 hinc
926 2537 1093 2594 incipit
1116 2537 1151 2581 F
1234 2543 1287 2581 13
1319 2537 1402 2589 τὰς
1433 2552 1488 2582 ex
1519 2545 1599 2595 τῆς
1624 2553 1725 2582 corr
1747 2539 1806 2582 F²

244 2602 298 2641 15
331 2597 542 2653 ἱστοριῶν
566 2598 607 2640 Α
643 2597 883 2651 ἱστορικῶν
908 2596 943 2639 F
1028 2602 1083 2640 16
1117 2597 1161 2642 οἱ
1192 2595 1276 2653 μὲν
1310 2597 1572 2654 Stephanus
1596 2613 1625 2641 v
1653 2601 1659 2654 Ι
1685 2605 1806 2653 τρεῖς

124 2672 209 2712 μεν
225 2656 447 2701 FPBCA
465 2656 749 2713 Stephanus:
774 2663 893 2711 τρεῖς
909 2655 995 2700 Mv
1014 2658 1121 2712 post
1139 2656 1428 2713 Stephanum
1505 2662 1558 2700 18
1583 2655 1805 2713 ὑπερίδης

125 2713 234 2759 libri
261 2718 447 2772 praeter
470 2716 505 2759 F
627 2720 683 2758 20
716 2729 890 2759 συντα.
926 2714 1055 2768 ’ξεις
1087 2716 1267 2759 duabus
1300 2715 1470 2760 litteris
1504 2715 1647 2760 erasis
1680 2716 1714 2758 F

125 2778 178 2817 21
217 2773 262 2818 δ’
299 2775 372 2818 Pv
400 2777 406 2832 Ι
434 2775 527 2819 απὸ
560 2788 699 2830 supra
733 2788 804 2818 scr
836 2773 870 2816 F
903 2773 1034 2830 (m²?)

1833 1070 1875 1102 10

1832 1513 1874 1544 15

1830 1960 1873 1991 20
