2004 3202
128 1523 195 1575 15

220 153 325 206 160
638 153 976 196 ΔΙΟΝΥΣΙΟΤ
1006 152 1475 194 ΑΛΙΚΑΡΝΑΣΕῼΣ
1934 0 1996 279 Ἰ

213 288 387 357 αὐτὴν
431 287 652 356 ἡλικίαν
699 290 892 353 ὄντων,
948 287 1080 354 μετὰ
1126 286 1227 353 τὴν
1271 293 1370 338 τοῦ
1417 286 1594 354 δήμου
1641 287 1890 340 κάθοδον
1988 283 1995 338 Ι

215 377 315 445 τὴν
354 376 411 429 ἐκ
451 375 753 446 Πειραιέως
800 375 1073 436 ἀσθενοῦς
1118 373 1272 442 ἡμῶν
1309 381 1403 442 τῆς
1447 376 1656 436 πόλεως
1695 375 1888 443 οὔσης’

213 464 303 518 καὶ
343 467 408 518 τὰ
449 465 743 518 ἀκόλουθα.
815 463 872 515 ἐκ
912 460 971 515 δὲ
1009 469 1105 530 τῆς
1141 459 1280 531 ὑπὲρ
1319 465 1714 532 Κτησιφῶντος
1757 463 1888 516 ἀπο-

215 556 426 622 λογίας·
476 551 570 605 tuA
608 550 708 643 μὲν
747 548 849 605 οὖν
872 550 993 621 ’πρὸ
1032 558 1132 604 τοῦ
1170 551 1557 604 πολιτεύεσθαι
1597 550 1756 620 <καὶ>
1796 553 1889 620 δη-

170 659 190 691 5
214 651 477 711 μηγορεῖν
517 639 616 711 ἐμὲ
644 642 922 710 προῦλαβε
960 637 1050 692 καὶ
1089 637 1311 708 κατέσχε
1347 643 1643 707 Φίλιππος,
1686 639 1850 693 εἀσω’
1879 637 1884 712 Ι
1988 656 1997 689 ³

216 728 380 783 οὐδεν
419 732 522 798 γὰρ
563 730 798 797 ἡγοῦμαι
837 729 1049 780 τούτων
1089 724 1231 780 εἶναι
1269 729 1406 798 πρὸς
1445 727 1559 797 ἐμέ·
1601 749 1634 782 oc
1666 725 1726 781 δε
1766 727 1858 797 ἀφ’
1892 700 2004 815 998Ι-

212 816 277 887 ἧς
321 818 521 887 ἡμέρας
562 817 647 870 ἐπὶ
686 825 855 869 ταῦτα
896 799 1126 885 ἐπέστην
1165 816 1293 884 ἐγώ,
1341 808 1644 870 διεκώλυον
1682 820 1888 886 λαβεῖν,
1978 853 1997 916 Ι

214 916 382 960 ταῦτα
414 907 704 975 αναμνήσω
737 903 827 958 καὶ
859 903 984 975 περὶ
1016 906 1228 958 τούτων
1257 903 1440 973 ὑφέξω
1474 907 1657 973 λόγον,
1696 914 1888 959 τοσοῦ-

214 1016 310 1048 τον
348 995 622 1048 ὑπειπών·
668 992 1056 1062 πλεονέκτημα,
1097 990 1138 1046 ὦ
1179 995 1376 1063 ἄνδρες
1407 991 1713 1061 Ἀθηναῖοι,
1752 993 1888 1062 μέγα
1990 938 1997 1052 Ι

150 1102 191 1133 10
213 1083 416 1153 ὑπῆρξε
467 1085 737 1154 Φιλίππῳ.
813 1083 960 1151 παρὰ
1014 1083 1117 1151 γὰρ
1165 1090 1279 1144 τοῖς
1319 1080 1583 1150 “’Ἐλλησιν
1630 1082 1696 1135 οὐ
1742 1081 1889 1136 τισὶν
1989 1065 1998 1135 Ι

214 1173 350 1226 ἀλλὰ
402 1181 572 1224 πᾶσιν
618 1171 820 1240 ὁμοίως
874 1172 1020 1241 φορὰ
1073 1172 1362 1241 προδοτῶν
1413 1169 1503 1223 καὶ
1559 1172 1889 1241 δωροδόκων
1989 1128 1997 1223 Ι

212 1260 300 1313 καὶ
340 1267 495 1323 θεοῖς
535 1260 753 1330 ἐχθρῶν
792 1259 1108 1329 ἀνθρώπων
1147 1258 1373 1328 συνέβη,
1423 1260 1558 1328 ὅσην
1599 1258 1782 1322 οὐδεὶς
1826 1261 1886 1312 τὸ
1990 1227 1997 1380 Ι

211 1352 480 1419 πρότερον
533 1348 798 1417 μέμνηται
859 1348 1181 1415 γεγονυῖαν’
1243 1347 1332 1418 καὶ
1387 1350 1452 1401 τὰ
1507 1351 1887 1417 συναπτόμενα
1990 1381 1997 1470 Ι-

211 1439 440 1500 τούτοις.

323 1534 522 1579 τοῦτον
557 1528 726 1593 ἔγωγε
765 1526 862 1577 τὸν
902 1533 1211 1594 χαρακτῆρα
1243 1566 1805 1577 ................
1840 1531 1892 1577 εἴ

148 1631 188 1662 16
213 1635 294 1677 τις
332 1615 403 1683 μὴ
444 1615 677 1683 μάλιστα
716 1613 1037 1682 ἀποδέχοιτο
1077 1615 1177 1681 τὴν
1215 1615 1412 1681 αἰτίαν,
1454 1612 1524 1666 δι’
1556 1613 1625 1681 ἣν
1657 1615 1784 1666 οὔτε
1821 1615 1886 1666 τὰ

215 1703 582 1755 Θουκυδίδεια
615 1701 794 1754 ε’κεῖνα
823 1703 1047 1771 περιττὰ
1078 1700 1167 1754 καὶ
1200 1701 1568 1771 ἐξηλλαγμένα
1598 1710 1697 1755 τοῦ
1722 1705 1886 1770 συνή-
1990 1718 1995 1780 Ι·

211 1796 352 1852 θους
405 1791 664 1860 κράτιστα
716 1790 953 1858 ἡγοῦμαι
1002 1789 1116 1843 οὔτ’
1158 1790 1217 1842 ἐν
1262 1799 1377 1852 τοῖς
1425 1794 1724 1853 Λυσιακοῖς
1770 1799 1887 1853 ,τοῖς

215 1880 420 1947 ἰσχνοῖς
473 1877 562 1930 καὶ
619 1877 1083 1947 συνεσπασμένοις
1136 1880 1236 1946 τὴν
1289 1882 1502 1932 τελείαν
1547 1886 1642 1947 τῆς
1696 1878 1887 1943 λέξεως
1988 1783 1995 2007 Ι

147 1984 188 2014 20
213 1966 411 2036 ἀρετὴν
432 1970 672 2036 τίθεμαι,
704 1965 848 2019 τοῦτ’
870 1966 939 2019 ἂν
964 1954 1177 2036 εἴποιμι
1201 1968 1339 2037 πρὸς
1362 1967 1556 2020 αὐτόν·
1589 1969 1642 2021 οἱ
1667 1970 1886 2020 συνιόν-

210 2075 296 2117 τες
335 2057 419 2126 Ιεῑς
469 2056 473 2123 Ι
523 2056 617 2117 τὰς
665 2054 947 2123 ἐκκλησίας
992 2054 1081 2108 καὶ
1128 2057 1194 2108 τὰ
1233 2057 1554 2126 δικαστήρια
1599 2054 1689 2108 καὶ
1735 2058 1865 2118 τοὺς
1890 2011 1998 2164 999Ι

212 2145 412 2205 ἄλλους
459 2146 787 2211 συλλόγους,
842 2146 981 2196 ἔνθα
1034 2148 1332 2196 πολιτικῶν
1379 2146 1463 2197 δεῖ
1509 2146 1704 2212 λόγων,
1759 2145 1885 2197 οὔτε

212 2230 384 2284 δεινοὶ
432 2231 521 2283 καὶ
567 2230 809 2301 περιττοὶ
860 2233 1056 2295 πάντες
1104 2231 1208 2285 εἰσὶ
1254 2231 1344 2284 καὶ
1391 2233 1489 2285 τὸν
1532 2233 1884 2286 Θουκυδίδου
1988 2211 1993 2308 Ι

330 2367 355 2404 3
387 2362 720 2406 Demosthenes
753 2363 856 2417 περὶ
889 2370 969 2406 τοῦ
1004 2360 1236 2418 στεφάνου
1269 2376 1320 2406 01·
1350 2361 1500 2406 XVIII
1524 2367 1579 2406 60
1988 2315 1993 2398 Ι

334 2484 353 2520 1
388 2479 580 2551 αὐτ[ὴνΙ
617 2494 721 2522 cum
759 2494 832 2523 ras
872 2481 919 2522 M
974 2481 1125 2524 αὐτῶν
1157 2480 1240 2522 ΒΡ
1290 2483 1294 2537 Ι
1345 2478 1458 2535 μετὰ
1495 2482 1659 2536 postea
1703 2480 1796 2523 add
1835 2479 1882 2522 Μ

332 2544 355 2579 ἱ).
391 2537 641 2591 Πειραιέως
674 2552 729 2581 ex
762 2542 928 2594 Πειραι
964 2539 1160 2595 posthac
1188 2539 1237 2581 M
1268 2539 1382 2582 item
1412 2539 1677 2594 ἀσθε<νοῦς)
1720 2540 1724 2594 Ι
1767 2535 1883 2594 ἡμὲν

214 2596 294 2638 ΒΡ
323 2598 327 2651 Ι
364 2595 504 2646 οὔσας
528 2597 563 2638 Β
656 2602 680 2638 3
715 2597 763 2640 ἐκ
788 2595 838 2640 δε
871 2600 1035 2653 postea
1066 2597 1262 2642 inseruit
1285 2597 1334 2640 M
1368 2599 1374 2654 Ι
1408 2595 1544 2655 ὑπὲρ]
1575 2596 1681 2652 περὶ
1704 2597 1884 2640 MBPv

330 2660 356 2697 4
389 2655 477 2709 πρὸ
509 2662 589 2698 τοῦ
622 2658 785 2710 postea
818 2656 912 2699 add
939 2656 986 2698 M
1015 2659 1019 2713 Ι
1055 2657 1135 2701 καὶ
1159 2670 1215 2701 ex
1238 2656 1277 2699 D
1303 2656 1398 2699 add
1422 2671 1450 2698 V
1543 2660 1566 2699 7
1591 2656 1829 2699 διεκώλιον
1848 2656 1883 2699 Ρ

213 2714 474 2768 διεκωλύθη
507 2713 546 2756 D
660 2719 684 2756 8
718 2715 823 2769 περὶ
855 2729 929 2758 om
960 2716 999 2757 D
1032 2715 1162 2759 uncis
1196 2714 1384 2759 seclusit
1414 2730 1443 2758 v
1558 2719 1611 2757 11
1644 2714 1883 2769 προδότων

215 2771 273 2814 Βι
315 2774 320 2828 Ι
364 2771 588 2827 φορὰν-
609 2771 774 2830 συνέβη
812 2771 1032 2829 γενέσθαι
1063 2775 1102 2817 D
1219 2779 1271 2817 12
1305 2771 1457 2824 οὐδείς
1487 2787 1557 2816 πω
1589 2773 1811 2828 πρότερον
1843 2773 1882 2815 D
1968 2797 1991 2827 -Ι

334 2836 386 2873 15
414 2830 537 2887 ἔγεγε
556 2832 613 2873 Β1
636 2837 638 2888 Ι
667 2831 861 2876 lacunae
888 2832 1021 2888 signa
1046 2832 1209 2876 addidi
1295 2837 1347 2875 17
1371 2831 1430 2875 τὰ
1453 2830 1640 2886 περιττὰ
1663 2831 1879 2875 Reiskius
1987 2832 1991 2885 Ι

334 2895 385 2932 18
421 2889 469 2933 ἐν
503 2890 728 2934 Sadaeus:
764 2890 837 2934 ἐπὶ
939 2897 989 2934 19
1025 2889 1459 2947 συνεσκευασμένως
1490 2890 1538 2934 in
1569 2905 1647 2947 mg
1671 2890 1764 2933 ΜΒ
1987 2908 1990 2949 Ι

214 2953 267 2990 21
301 2948 583 3005 δηκαστήρια
616 2950 651 2992 Ρ
