2004 3202
754 131 919 174 ΠΡΟΣ
949 131 1230 174 ΑΜΜΑῙΟΝ
1716 131 1824 183 263

142 262 444 337 Ἀταρνέως
481 266 760 335 τύραννον
794 264 885 318 καὶ
926 272 1108 336 τριετῆ
1139 267 1344 336 χρόνον
1373 264 1498 336 παρ’
1532 266 1678 338 αὐτῷ
1711 267 1829 319 δια-

151 357 348 426 τρίψας
394 351 473 406 ἐπ’
513 352 808 422 Εὐβούλου
854 355 1118 425 ἄρχοντος
1156 355 1233 417 εἰς
1270 356 1602 423 Μυτιλήνην
1641 354 1828 424 ἐχωρί-

151 449 285 511 σθη·
319 441 535 495 ἐκεῖθεν
565 439 627 495 δὲ
657 443 794 512 πρὸς
822 445 1101 496 Φίλιππον
1133 441 1300 514 ᾤχετο
1330 443 1466 495 κατὰ
1491 444 1829 496 Πυθόδοτον

151 531 414 600 ἄρχοντα,
461 529 552 583 καὶ
599 529 845 601 διέτριψε
883 533 1087 601 χρόνον
1124 531 1348 599 ὀκταετῆ
1386 529 1512 600 παρ’
1552 530 1699 602 αὐτῷ
1737 550 1831 583 κα-

150 620 501 688 θηγούμενος
523 617 909 690 Ἀλεξάνδρου·
944 621 1077 689 μετὰ
1108 617 1169 672 δὲ
1199 620 1300 688 τὴν
1335 622 1618 672 Φιλίππου
1648 623 1830 672 τελευ-
1874 635 1896 669 5

148 708 253 776 τὴν
307 705 386 759 ἐπ’
433 707 742 761 Εὐαινέτου
788 710 1052 779 ἄρχοντος
1098 708 1429 777 ἀφικόμενος
1475 709 1553 771 εἰς
1590 706 1831 776 Ἀθήνας

152 794 439 864 ἐσχόλαζεν
470 796 531 849 ἐν
555 799 771 868 Λυκείῳ
803 799 1008 867 χρόνον
1039 795 1176 849 ἑτῶν
1207 797 1432 849 δώδεκα.
1492 803 1569 868 τῷ
1597 793 1658 848 δὲ
1681 809 1831 866 τρισ-

149 885 475 956 καιδεκάτῳ,
530 887 663 954 μετὰ
715 886 816 953 τὴν
854 883 1218 955 Ἀλεξάνδρου
1271 885 1530 953 τελευτὴν
1584 883 1671 937 ἐπὶ
1717 887 1831 953 Κη-

150 974 475 1043 φισοδώρου
506 974 771 1043 ἄρχοντος
802 973 1014 1044 ἀπάρας
1046 974 1123 1035 εἰς
1147 975 1393 1027 Χαλκίδα
1421 975 1566 1045 νόσω
1589 978 1831 1044 τελευτᾷ,

152 1064 279 1132 τριά
315 1063 453 1132 πρὸς
491 1071 607 1125 τοῖς
647 1061 906 1130 ἑξήκοντα
945 1063 1148 1131 βιώσας
1186 1064 1292 1130 ἔτη.
1854 1079 1898 1110 10

271 1155 452 1203 Ταῦτα
486 1147 588 1220 μὲν
620 1146 724 1203 οὗν
755 1153 906 1203 ἔστιν
937 1150 970 1204 ἃ
1000 1151 1456 1221 παραδεδώκασιν
1485 1150 1618 1220 ἡμῖν
1649 1151 1703 1204 οἱ
1733 1151 1831 1202 τὸν
1862 1149 1896 1200 6

63 1256 148 1295 729
167 1242 294 1308 βίον
332 1247 431 1292 τοῦ
470 1238 675 1310 ἀνδρὸς
713 1238 1141 1310 ἀναγράψαντες.
1214 1238 1247 1292 ἃ
1287 1236 1348 1291 δὲ
1387 1239 1551 1302 αὐτὸς
1589 1238 1618 1292 ὁ
1658 1235 1831 1310 φιΙλό-

152 1342 325 1397 σοφος
361 1325 500 1397 ὑπὲρ
541 1326 740 1380 ἑαυτοῦ
778 1328 1005 1398 γράφει,
1050 1335 1234 1380 πᾶσαν
1272 1326 1679 1398 ἀφαιρούμενος
1718 1326 1832 1380 ἐπι-

150 1418 399 1486 χείρησιν
429 1425 541 1468 τῶν
571 1418 890 1485 χαρίζεσθαι
922 1414 1277 1484 βουλομένων
1305 1415 1454 1487 αὐτῷ
1477 1417 1543 1468 τὰ
1567 1416 1638 1484 μὴ
1662 1429 1831 1485 προσ-

149 1506 370 1572 ήκοντα,
408 1505 546 1574 πρὸς
580 1508 806 1566 πολλοῖς
828 1502 960 1573 <δ’>
985 1505 1171 1566 ἄλλοις
1210 1499 1290 1556 ὧν
1321 1501 1487 1557 οὐδὲν
1518 1503 1711 1573 δέομαι
1741 1524 1832 1573 με-
1856 1520 1898 1554 15

149 1598 396 1662 μνῆσθαι
427 1594 563 1646 κατὰ
593 1593 654 1646 τὸ
686 1595 884 1664 παρόν,
917 1593 950 1646 ἃ
979 1591 1214 1662 τέθηκεν
1245 1592 1306 1645 ἐν
1335 1601 1398 1663 τῇ
1431 1594 1618 1663 πρώτῃ
1643 1593 1830 1665 βύβλῳ

149 1682 351 1750 ταύτης
389 1688 484 1749 τῆς
521 1684 906 1752 πραγματείας,
946 1682 1018 1744 ὡς
1058 1681 1125 1734 οὐ
1164 1682 1450 1752 μειράκιον
1487 1677 1573 1749 ἦν,
1614 1681 1702 1734 ὅτε
1736 1681 1832 1743 τὰς

152 1770 444 1840 ῥητορικὰς
498 1771 851 1823 συνετάττετο
904 1769 1120 1839 τέχνας,
1175 1768 1292 1823 ἀλλ’
1348 1769 1409 1823 ἐν
1461 1778 1524 1840 τῇ
1570 1772 1831 1840 κρατίστῃ

151 1859 393 1926 γεγονὼς
438 1857 578 1928 ἀκμῇ
626 1857 717 1911 καὶ
762 1859 1185 1929 προεκδεδωκὼς
1230 1860 1335 1927 ἤδη
1378 1859 1474 1921 τάς
1511 1878 1569 1911 τε
1605 1859 1831 1920 τοπικὰς

153 1945 438 2010 συντάξεις
475 1945 566 1998 καὶ
603 1948 700 2009 τὰς
737 1946 1067 2009 ἀναλυτικὰς
1103 1945 1195 1999 καὶ
1233 1948 1329 2009 τὰς
1359 1948 1676 2016 μεθοδικάς,
1715 1965 1831 1999 τεκ-
1856 1966 1898 1997 20

151 2032 300 2105 μήρι’
342 2033 492 2087 ἐστὶν
531 2036 871 2105 ἰσχυρότατα.
948 2034 1248 2105 ἀρξάμενος
1286 2036 1391 2105 γὰρ
1431 2037 1526 2098 τὰς
1565 2035 1830 2104 ὠφελείας

153 2122 538 2191 ἐπιδεικνύειν,
578 2122 641 2185 ἃς
677 2126 1031 2193 περιείληφεν
1062 2123 1091 2176 ὁ
1125 2123 1412 2194 ῥητορικὸς
1442 2125 1622 2191 λόγος,
1661 2131 1830 2175 ταῦτα

150 2214 288 2265 κατὰ
349 2210 498 2275 λέξιν
557 2211 778 2280 γράφει·
845 2211 859 2234 ‘
871 2212 1134 2280 χρήσιμος
1188 2209 1235 2263 δ’
1291 2209 1440 2264 ἐστὶν
1488 2211 1521 2279 ἡ
1571 2211 1828 2281 ῥητορικὴ

272 2375 327 2415 23
345 2398 401 2404 ——
418 2386 448 2427 p
474 2375 573 2426 264,
601 2375 655 2414 10
687 2369 964 2414 Aristoteles
995 2369 1165 2413 rhetor.
1190 2369 1212 2412 I
1237 2374 1259 2412 1
1292 2385 1323 2426 p
1349 2374 1489 2414 1355a
1520 2374 1694 2413 21—29

272 2524 295 2562 1
330 2516 574 2574 ἀπαρνέως
597 2519 633 2561 Ρ
686 2515 936 2573 ἀπαρνέων
961 2517 997 2560 Β
1026 2517 1032 2576 Ι
1059 2518 1202 2561 αὐτοῦ
1233 2516 1266 2559 h
1381 2522 1403 2560 1
1438 2521 1463 2560 2
1495 2516 1666 2575 τρίψας
1695 2517 1827 2561 libri:

152 2592 256 2622 corr
271 2577 470 2621 Wolfius
563 2582 587 2620 2
614 2576 866 2633 μιτυλήνην
889 2575 1021 2620 libri:
1046 2589 1148 2619 corr
1170 2576 1505 2621 Herwerdenus
1596 2582 1622 2620 3
1650 2576 1774 2634 ἔχετο
1791 2577 1828 2620 Ρ

153 2637 316 2696 ἤρχετο
349 2651 369 2680 s
491 2641 544 2680 12
586 2635 636 2695 ἃ]
675 2635 733 2679 τὰ
764 2635 962 2679 Weilius
1001 2635 1217 2690 idemque
1257 2633 1301 2679 δ’
1340 2637 1449 2679 ante
1487 2641 1540 2679 15
1574 2635 1730 2687 ἄλλοις
1760 2636 1828 2679 in-

155 2696 270 2740 serit
311 2698 317 2751 Ι
360 2693 404 2739 δ’
432 2710 456 2737 r
592 2700 645 2739 15
680 2700 733 2738 16
774 2697 1044 2751 μνησθῆναι
1074 2694 1408 2738 Herwerdenus
1547 2700 1600 2738 16
1644 2694 1696 2753 ἃ]
1735 2695 1829 2740 fort

155 2754 187 2799 ἅ
218 2771 268 2811 γε
303 2756 308 2812 Ι
342 2753 554 2799 τέθεικεν
585 2754 696 2798 libri
730 2754 736 2812 Ι
771 2754 920 2812 βύβλω
952 2753 1054 2798 BP:
1094 2751 1234 2811 βίβλω
1265 2753 1376 2809 ΜΟ,
1403 2768 1422 2796 s
1545 2759 1600 2797 20
1634 2759 1687 2797 21
1727 2769 1828 2798 τεκ-

157 2812 334 2871 μηρίων
387 2813 509 2858 ἐστὶν
564 2813 832 2887 ἰσχυρότερα
884 2812 1014 2857 libri:
1068 2812 1314 2869 τεκμήριόν
1361 2812 1483 2857 ἐστιν
1530 2812 1829 2870 ἰσχυρότατον

156 2872 374 2916 Reiskius
412 2888 676 2984 geumlysstmv
709 2871 830 2916 ἐστὶν
863 2871 1136 2929 ἰσχυρότατα
1159 2871 1358 2916 Weilius
1450 2876 1504 2915 22
1537 2869 1764 2930 ῥἰτορικὸς
1790 2871 1828 2914 Ρ

275 2935 330 2974 23
363 2928 410 2974 λε’
439 2947 507 2976 ειν
