2004 3202
799 122 1222 166 ΔΗΜΟΣΘΕΝΗΣ
1417 93 1424 106 ’
1745 125 1849 178 199

170 258 516 328 προσήκοντα
546 265 661 319 τοῖς
691 255 976 327 ὑμετέροις
1013 259 1214 326 ἤθεσιν
1243 258 1398 327 ὑμεῖς
1435 258 1850 328 ὑπολαμβάνετε

172 342 338 413 εἶναι,
381 347 518 399 ὥστε
555 343 646 397 καὶ
685 354 797 398 τῶν
833 348 1127 415 προγόνων
1164 347 1295 409 τοὺς
1333 354 1503 399 ταῦτα
1541 347 1849 417 πράξαντας

170 436 402 504 μάλιστα
441 433 726 502 ἐπαινεῖτε,
771 436 1004 498 εἰκότως.
1073 438 1155 498 τίς
1193 436 1298 504 γὰρ
1338 434 1439 488 οὐκ
1478 434 1548 488 ἂν
1586 435 1848 504 ἀγάσαιτο

169 533 281 576 τῶν
311 523 533 594 ἀνδρῶν
565 523 790 576 ἐκείνων
820 531 915 591 τῆς
946 523 1156 594 ἀρετῆς,
1197 527 1254 577 οἳ
1288 522 1379 577 καὶ
1409 524 1512 592 ἰὴν
1542 525 1728 595 χώραν
1758 524 1848 578 καὶ

168 613 270 680 τὴν
299 614 465 665 πόλιν
497 611 739 666 ἐκλιπεῖν
769 612 1087 682 ὑπέμειναν,
1127 614 1206 675 εἰς
1243 614 1338 676 τὰς
1375 614 1618 684 τριήρεις
1652 612 1849 682 ἐμβάν-

167 720 279 768 τες,
333 697 471 770 ὑπὲρ
522 709 622 754 τοῦ
669 702 741 770 μὴ
788 702 848 754 τὸ
897 703 1259 770 κελευόμενον
1303 709 1550 770 ποιῆσαι,
1605 702 1702 754 τὸν
1748 699 1850 771 μὲν

166 797 338 842 ταῦτα
362 790 851 858 συμβουλεύσαντα
868 789 1235 859 Θεμιστοκλέα
1259 790 1565 861 στρατηγὸν
1582 789 1849 860 ἑλόμενοι,

165 879 265 931 τὸν
314 877 366 930 δ’
404 879 708 932 ὑπακούειν
758 878 1189 948 ἀποφηνάμενον
1241 887 1356 941 τοῖς
1411 878 1850 948 ἐπιταττομένοις

166 970 454 1037 Κυρσίλον
491 968 968 1030 καταλιθώσαντες
1014 966 1080 1020 οὐ
1126 969 1301 1036 μόνον
1341 967 1527 1036 αὐτόν,
1574 968 1713 1022 ἀλλὰ
1758 966 1849 1020 καὶ

167 1056 224 1107 αἱ
270 1064 527 1123 γυναῖκες
573 1057 629 1109 αἱ
674 1055 931 1126 ὑμέτεραι
969 1056 1071 1124 τὴν
1109 1065 1343 1124 γυναῖκα
1390 1055 1589 1121 αὐτοῦς
1636 1056 1703 1110 οὐ
1742 1058 1847 1127 γὰρ

169 1142 392 1211 ἐζήτουν
421 1145 474 1197 οἱ
505 1146 625 1197 τότε
653 1143 940 1213 Ἀθηναῖοι
973 1145 1100 1198 οὔτε
1132 1144 1335 1214 ῥήτορα
1367 1146 1492 1198 οὔτε
1525 1147 1848 1215 στρατηγόν,

7 1240 11 1243 ’
80 1244 195 1283 1054
221 1231 291 1284 δι’
314 1233 444 1286 ὅτου
473 1233 874 1286 δουλεύσουσιν
898 1232 1155 1302 εὐτυχῶς,
1188 1232 1303 1286 ἀλλ’
1326 1230 1455 1286 οὐδὲ
1483 1231 1489 1304 Ι
1517 1237 1613 1302 ζῆν
1639 1232 1849 1303 ἠξίουν,

166 1321 214 1373 εἰ
244 1322 317 1389 μὴ
349 1320 464 1390 μετ’
490 1320 810 1391 ἐλευθερίας
842 1320 1050 1386 ἐξέσται
1081 1329 1243 1375 τοῦτο
1274 1331 1470 1375 ποιεῖν.
1531 1322 1714 1390 ἡγεῖτο
1742 1325 1847 1394 γὰρ

166 1407 351 1461 αὐτῶν
397 1407 622 1472 ἕκαστος
669 1408 793 1479 οὐχὶ
846 1416 922 1481 τῷ
975 1409 1140 1479 πατρὶ
1194 1409 1284 1463 καὶ
1338 1418 1402 1480 τῇ
1458 1409 1621 1480 μητρὶ
1674 1413 1849 1479 μόνον

1895 631 1916 663 5

1874 1071 1916 1103 10

165 1504 517 1567 γεγενῆσθαι,
557 1498 696 1565 ἀλλὰ
733 1497 824 1551 καὶ
862 1507 926 1569 τῇ
963 1500 1202 1569 πατρίδι.
1266 1497 1519 1568 διαφέρει
1552 1495 1613 1551 δὲ
1643 1502 1702 1551 τί
1710 1522 1723 1564 ;
1764 1500 1846 1552 ὅτι
1871 1512 1918 1547 1⁵

164 1586 196 1640 ὁ
235 1583 337 1656 μὲν
367 1596 481 1649 τοῖς
519 1595 745 1655 γονεῦσι
784 1589 959 1656 μόνον
989 1593 1324 1655 γεγενῆσθαι
1356 1590 1594 1656 νομίζων
1625 1587 1724 1639 τὸν
1754 1595 1849 1656 τῆς

166 1674 492 1745 εἱμαρμένης
538 1674 628 1729 καὶ
674 1676 773 1729 τὸν
812 1675 1122 1745 αὐτόματον
1170 1677 1421 1729 θάνατον
1467 1674 1770 1746 περιμένει,
1818 1676 1846 1729 ὁ

167 1760 228 1815 δὲ
270 1762 359 1816 καὶ
398 1772 462 1834 τῇ
500 1765 749 1834 πατρίδι,
795 1761 934 1835 ὑπὲρ
974 1772 1073 1818 τοῦ
1113 1765 1185 1834 μὴ
1225 1765 1430 1833 ταύτην
1470 1763 1680 1817 ἐπιδεῖν
1720 1765 1848 1818 δου-

167 1852 442 1904 λεύουσαν
472 1850 850 1923 ἀποθνῄσκειν
882 1852 1134 1922 ἐθελήσει
1171 1851 1262 1906 καὶ
1299 1851 1680 1924 φοβερωτέρας
1717 1853 1848 1922 ἡγή-

168 1954 317 1992 σεται
355 1947 455 1992 τοῦ
492 1942 743 1994 θανάτου
781 1943 878 2003 τὰς
915 1941 1103 2011 ὕβρεις
1141 1940 1232 1994 καὶ
1271 1943 1366 2003 τὰς
1406 1941 1645 2011 ἀτιμίας,
1686 1941 1749 2005 ἃς
1785 1941 1846 1995 ἐν
1869 1956 1912 1989 20

167 2027 511 2098 δουλευούσῃ
557 2036 620 2098 τῇ
667 2030 823 2081 πόλει
870 2027 1064 2099 φέρειν
1113 2028 1336 2098 ἀνάγκη.
1413 2031 1462 2082 εἰ
1508 2026 1609 2099 μὲν
1654 2032 1849 2082 τοίνυν

166 2114 315 2169 τοῦτ’
349 2115 667 2186 ἐπεχείρησα
705 2123 812 2168 νῦν
851 2115 1051 2184 λέγειν,
1091 2117 1164 2179 ὡς
1205 2116 1309 2184 ἐγὼ
1348 2118 1669 2186 προήγαγον
1706 2117 1847 2186 ὑμᾶς

167 2204 290 2268 ἄξια
320 2214 432 2258 τῶν
462 2207 756 2274 προγόνων
787 2213 1036 2276 φρονεῖν,
1074 2207 1156 2267 τίς
1188 2204 1288 2258 οὐκ
1319 2204 1389 2257 ἂν
1421 2206 1641 2267 εἰκότως
1674 2205 1847 2259 ἐπετί-

166 2292 308 2363 μησέ
341 2314 457 2363 μοις
496 2301 603 2346 νῦν
634 2291 682 2345 δ’
711 2292 815 2361 ἐγὼ
856 2290 957 2361 μὲν
986 2292 1249 2363 ὑμετέρας
1286 2294 1382 2355 τὰς
1421 2293 1677 2356 τοιαύτας
1714 2312 1847 2363 προ-

167 2382 403 2453 αιρέσεις
457 2381 748 2451 ἀποφαίνω
802 2380 893 2434 καὶ
945 2383 1220 2451 δείκνυμι,
1276 2381 1359 2434 ὅτι
1413 2380 1503 2434 καὶ
1557 2383 1663 2452 πρὸ
1711 2381 1844 2451 ἐμοῦ
1871 2395 1914 2429 2⁵

166 2469 315 2524 τοῦτ’
348 2467 456 2540 εἶχε
495 2471 556 2523 τὸ
597 2472 853 2540 φρόνημα
891 2469 923 2538 ἡ
963 2471 1134 2533 πόλις.
1203 2477 1298 2538 τῆς
1336 2469 1524 2539 μέντοι
1564 2472 1847 2534 διακονίας

286 2635 311 2673 3
345 2630 604 2675 ἐπαινεῖται
627 2630 709 2672 ΒΡ
744 2631 749 2686 Ι
785 2629 1013 2686 ἀγώσαιτο
1038 2630 1096 2673 Ρ1
1188 2635 1211 2673 7
1242 2630 1388 2674 ταῦτα
1422 2630 1458 2672 Β
1552 2634 1577 2673 8
1609 2629 1845 2674 ἐπιττατο-

166 2686 323 2745 μένοις
353 2690 389 2733 Ρ
512 2694 563 2732 11
603 2686 697 2733 τότ’
733 2703 762 2732 v
887 2693 938 2732 12
978 2686 1041 2733 δι’
1071 2687 1181 2733 ὅτου
1219 2688 1292 2732 bis
1324 2689 1361 2731 B
1485 2693 1538 2732 13
1579 2687 1846 2745 ἐλευθερίας

166 2748 325 2799 αὐτοῖς
355 2763 385 2792 v
428 2750 433 2806 Ι
477 2746 681 2801 ἐξαίσται
712 2747 748 2790 Ρ
871 2752 924 2790 15
957 2751 1209 2805 γεγενῆσθε
1240 2748 1277 2790 Β
1401 2753 1454 2791 16
1487 2748 1568 2792 τὸν
1599 2755 1680 2805 τῆς
1738 2749 1845 2798 τοὺς

166 2812 247 2863 τῆς
277 2807 416 2851 ΜΒΡ
516 2812 570 2850 17
602 2807 702 2865 τὸν]
734 2812 819 2862 τῆν
844 2806 880 2848 Β
923 2808 929 2864 Ι
971 2805 1191 2864 περιμένῃ
1224 2807 1261 2849 Β
1362 2812 1415 2850 19
1449 2806 1646 2863 ἐθελήσῃ

168 2868 224 2908 20
254 2870 335 2910 τοῦ
365 2864 582 2911 θανάτου
615 2879 691 2910 om
722 2865 757 2907 P
862 2870 918 2908 22
952 2863 1222 2924 ἐπεχείρησα
1254 2866 1360 2924 νῦν]
1395 2864 1660 2923 ἐπεχείρουν
1686 2866 1724 2908 D

169 2927 224 2966 23
255 2922 342 2982 τίς]
375 2926 459 2969 οὐκ
493 2922 595 2969 ἔσθ’
626 2923 747 2974 ὅστις
776 2923 815 2966 D
907 2929 963 2967 25
996 2923 1207 2982 δείγνυμι
1238 2925 1320 2968 ΒΡ
