2004 3202
786 117 1131 159 ΙΣΟΚΡΑΤΗΣ
1731 117 1798 170 79

15 239 47 315 ;,ἷ“’
124 265 287 313 στους
331 250 606 312 πλούτους
650 249 837 320 μένειν
892 248 978 303 ἐπὶ
1032 251 1248 312 τούτοις
1303 250 1620 318 ἐθέλουσιν,
1675 251 1795 305 ἀλλ’

22 331 45 386 ’ὲ
123 338 208 392 ἀεὶ
261 346 360 392 τοῦ
412 343 667 402 πλειόνος
719 339 1038 409 ὀρεγόμενοι
1099 337 1224 409 περὶ
1278 348 1388 392 τῶν
1441 339 1803 410 ὑπαρχόντων

123 427 529 480 κινδυνεύουσι.
598 428 788 498 διόπερ
830 427 986 491 ἄξιόν
1026 426 1138 480 ἐστι
1169 427 1429 496 δεδιέναι,
1469 429 1541 497 μὴ
1573 427 1663 481 καὶ
1699 436 1805 481 νῦν

125 515 279 586 ἡμεῖς
318 517 500 584 ἔνοχοι
531 516 821 585 γενώμεθα
851 516 1074 579 ταύταις
1105 524 1223 578 ταῖς
1255 515 1480 586 ἀνοίαις.
1542 520 1669 570 λίαν
1699 518 1804 588 γάρ

124 603 270 667 τινές
297 625 390 673 μοι
421 605 686 658 δοκοῦσιν
718 605 1008 676 ὡρμῆσθαι
1038 605 1176 675 πρὸς
1206 606 1304 658 τὸν
1333 607 1591 674 πόλεμον,
1623 607 1803 676 ὥσπερ
1850 631 1871 663 5

126 693 192 746 οὐ
230 702 342 746 τῶν
379 695 661 762 τυχόντων
708 696 1264 762 συμβεβουλευκότων
1313 693 1452 747 ἀλλὰ
1498 703 1609 747 τῶν
1654 700 1807 747 θεῶν

38 800 122 840 569
148 782 463 851 ἀκηκοότες,
526 783 610 835 ὅτι
669 783 1099 853 κατορθώσομεν
1160 783 1372 836 ἅπαντα
1433 781 1523 835 καὶ
1588 780 1805 854 ραΙδίως

123 873 465 942 κρατήσομεν
512 880 621 923 τῶν
668 870 898 941 ἐχθρῶν.
968 872 1069 941 χρὴ
1117 868 1178 924 δὲ
1223 873 1352 934 τοὺς
1397 879 1536 925 νοῦν
1582 873 1806 940 ἔχοντας

123 958 249 1030 περὶ
295 956 397 1029 μὲν
443 955 522 1012 ὧν
569 964 716 1012 ἴσασι
763 961 835 1029 μὴ
875 960 1244 1028 βουλεύεσθαι
1291 958 1610 1032 (περίεργον
1657 958 1805 1030 γάρ),

125 1048 263 1101 ἀλλὰ
285 1049 547 1119 πράττειν
571 1049 644 1110 ὡς
668 1047 952 1116 ἐγνώκασι,
983 1047 1107 1118 περὶ
1134 1044 1212 1101 ὧν
1236 1047 1287 1101 δ’
1320 1047 1390 1102 ἂν
1412 1050 1805 1118 βουλεύωνται,
1830 1075 1872 1106 10

125 1138 197 1206 μὴ
244 1140 485 1206 νομίζειν
531 1135 735 1190 εἰδέναι
781 1138 842 1188 τὸ
892 1140 1335 1206 συμβησόμενον,
1391 1136 1507 1191 ἀλλ’
1555 1137 1627 1199 ὡς
1673 1136 1804 1207 δόξῃ

126 1223 227 1295 μὲν
272 1224 610 1296 χρωμένους,
658 1226 686 1278 ὅ
726 1244 778 1277 τι
825 1221 886 1276 δὲ
927 1223 998 1278 ἂν
1036 1226 1170 1296 τύχῃ
1210 1228 1605 1294 γενησόμενον,
1661 1225 1803 1278 οὕτω

127 1315 473 1367 διανοεῖσθαι
496 1312 622 1384 περὶ
647 1313 843 1366 αὐτῶν.
906 1309 985 1366 ὧν
1008 1314 1164 1382 ὑμεῖς
1189 1314 1482 1385 οὐδέτερον
1512 1316 1806 1383 τυγχάνετε

125 1411 439 1471 ποιοῦντες,
488 1400 604 1455 ἀλλ’
645 1403 716 1464 ὡς
756 1395 878 1455 οἷόν
915 1422 973 1455 τε
1012 1402 1461 1472 ταραχωδέστατα
1508 1404 1804 1456 διάκεισθε.

127 1492 535 1559 συνεληλύθατε
581 1493 701 1565 ιγὰρ
756 1492 828 1553 ὡς
883 1490 1012 1544 δέον
1063 1491 1206 1560 ὑμᾶς
1268 1491 1320 1555 ἐξ
1379 1492 1635 1544 ἁπάντων
1694 1501 1805 1544 τῶν
1828 1515 1871 1548 15

127 1579 414 1650 ῥηθέντων
476 1579 797 1644 ἐκλέξασθαι
858 1581 920 1632 τὸ
982 1579 1296 1649 βέλτιστον,
1358 1581 1538 1651 ὥσπερ
1595 1579 1645 1632 δ’
1699 1581 1804 1649 ἤδη

128 1678 315 1738 σαφῶς
365 1670 568 1731 εἰδότες
615 1668 644 1721 ὃ
690 1668 962 1739 πρακτέον
1017 1667 1166 1722 ἐστὶν
1219 1668 1285 1722 οὐ
1339 1668 1529 1722 θέλετε
1582 1669 1806 1722 ἀκούειν

125 1758 270 1826 πλὴν
292 1767 403 1810 τῶν
425 1758 562 1828 πρὸς
585 1756 795 1825 ἡδονὴν
812 1757 1290 1827 δημηγορούντων.
1329 1760 1507 1810 καίτοι
1531 1764 1806 1827 προσῆκεν

127 1846 291 1914 ὑμᾶς,
337 1851 487 1916 εἴπερ
527 1844 835 1914 Υἐβούλεσθε
882 1849 1058 1914 ζητεῖν
1096 1847 1156 1898 τὸ
1197 1854 1260 1916 τῇ
1299 1848 1455 1899 πόλει
1503 1845 1804 1916 συμφέρον,

128 1938 338 2002 μᾶλλον
390 1942 504 1996 τοῖς
558 1933 1001 2002 ἐναντιουμένοις
1053 1943 1171 1996 ταῖς
1223 1933 1510 2004 ὑμετέραις
1563 1935 1806 2003 γνώμαις
1830 1959 1873 1990 20

127 2021 416 2092 προσέχειν
461 2022 558 2074 τὸν
604 2030 742 2074 νοῦν
780 2021 812 2090 ἢ
852 2031 967 2084 τοῖς
1012 2021 1412 2092 χαριζομένοις,
1461 2023 1673 2084 εἰδότας
1721 2022 1804 2075 ὅτι

128 2120 239 2163 τῶν
287 2109 496 2162 ἐνθάθε
549 2112 862 2180 παριόντων
909 2111 962 2162 οἱ
1008 2107 1108 2179 μὲν
1155 2110 1187 2162 ἃ
1234 2111 1506 2178 βούλεσθε
1553 2109 1804 2177 λέγοντες

246 2274 273 2312 3
305 2269 486 2343 διόπερ]
520 2268 632 2325 όπερ
663 2269 707 2312 Is
798 2274 826 2312 4
856 2269 1093 2326 γενόμεθα
1121 2269 1155 2312 F
1184 2271 1189 2326 Ι
1216 2270 1405 2320 ταύταις
1437 2284 1493 2313 ex
1523 2270 1708 2320 τούταις
1732 2270 1765 2312 F
1795 2270 1799 2328 Ι

129 2326 285 2379 ἀνίαις
302 2329 338 2371 Β
378 2329 633 2386 ἀνοιαι[ς].
659 2329 694 2371 F
720 2343 824 2371 cum
847 2342 922 2372 ras
1008 2333 1032 2372 5
1058 2329 1314 2384 ὡρμεῖσθαι
1331 2329 1366 2371 Ρ
1388 2331 1435 2372 et·
1451 2329 1486 2371 F
1511 2343 1613 2372 corr
1629 2329 1687 2371 F²

133 2391 155 2430 7
189 2390 298 2431 ante
331 2386 399 2432 ὅτι
431 2387 648 2431 lacunam
678 2387 823 2431 habet
853 2387 888 2430 F
917 2390 922 2445 Ι
957 2388 1036 2431 καὶ
1068 2388 1427 2443 κατορθώσομεν
1459 2388 1494 2430 F
1527 2390 1574 2431 eb
1605 2388 1686 2431 vIs

130 2451 156 2490 8
190 2446 553 2503 ἐπικρατήσομεν
577 2448 620 2490 Is
692 2451 745 2490 10
778 2446 1076 2519 βουλεύονται
1100 2446 1157 2489 F¹
1227 2452 1278 2490 11
1312 2446 1368 2490 τὰ
1394 2446 1714 2505 συμβησόμενα
1739 2446 1801 2518 ΡΙ

130 2506 190 2556 ὡς
221 2505 346 2559 δόξει
369 2506 404 2549 Ρ
499 2511 552 2549 12
586 2503 634 2549 δ’
665 2504 723 2550 ἂν
748 2506 830 2549 ΒΡ
878 2504 902 2549 ό
933 2522 976 2549 τι
1007 2523 1067 2550 αν
1098 2506 1209 2564 τύχῃ
1242 2503 1292 2550 δε
1322 2507 1365 2549 Is
1459 2511 1513 2549 14
1544 2503 1805 2579 ταραχωδέ-

132 2579 297 2609 στατον
329 2565 364 2608 F
410 2563 785 2638 ταραχωδέστερα
816 2565 852 2608 Ρ
885 2578 986 2608 corr
1015 2564 1065 2607 in
1094 2524 1476 2637 ταραχωδέστατα
1515 2568 1519 2622 Ι
1563 2563 1805 2609 διακεισθε

132 2637 187 2667 ex
219 2625 460 2668 διακεῖσθε
492 2624 527 2667 F
632 2630 686 2668 15
719 2639 802 2680 μεν
835 2622 921 2680 γὰρ
954 2624 996 2667 Is
1097 2629 1151 2667 16
1185 2622 1461 2677 ἐκλέξασθαι
1492 2625 1542 2668 τὸ
1574 2623 1805 2683 βέλτιστον

131 2683 196 2727 Is:
231 2681 449 2757 ἑκλέξ[αι]
481 2699 532 2727 το
565 2681 743 2741 βέλτιον
777 2683 810 2725 F
844 2697 947 2726 cum
978 2697 1052 2726 ras
1108 2681 1286 2736 ἐκλέξαι
1322 2684 1372 2727 τὸ
1413 2682 1591 2742 βέλτιον
1622 2683 1761 2726 ΜΒΡ
1797 2683 1802 2741 Ι

63 2791 65 2793 ,
133 2739 281 2797 ὥσπερ
314 2741 403 2798 ἤδη
438 2743 471 2785 F
596 2747 648 2786 17
691 2744 744 2786 οὐ
783 2740 970 2785 θέλεται
1002 2741 1036 2784 F
1092 2743 1176 2787 οὐκ
1216 2741 1396 2786 ἐθέλετε
1434 2743 1477 2786 Is
1600 2747 1652 2786 18
1692 2741 1807 2797 πρὸς

133 2800 311 2857 ἡδονὴν
328 2802 715 2858 δημηγορούντων
732 2802 796 2846 Is:
823 2802 936 2856 πρὸς
956 2800 1135 2858 ἡδονὴν
1152 2805 1212 2860 τῷ
1229 2801 1400 2856 πλήθει
1417 2803 1806 2858 δημαγωγοῦντας

132 2858 193 2901 Di
224 2859 273 2902 in
305 2863 579 2916 argumento
612 2861 871 2905 enarrando
906 2860 961 2903 de
993 2860 1108 2904 Dem
1139 2876 1170 2917 p
1198 2866 1307 2904 1001
1359 2861 1423 2911 εἰς
1458 2861 1635 2917 ἡδονὴν
1667 2875 1804 2915 κατη-

135 2918 396 2973 γορούντων
428 2919 612 2962 FMBP
706 2925 756 2963 21
792 2917 1227 2976 καταχαριζομένοις
1257 2920 1300 2963 Is
1330 2922 1334 2976 Ι
1364 2919 1535 2970 εἰδότες
1563 2919 1745 2961 FMBP
