2004 3202
167 117 272 170 104
593 118 932 160 ΔΙΟΝΤΣ1ΟΤ
961 115 1428 158 ΑΛΙΚΑΡΝΑΣΕῼΣ

165 253 301 305 ὥστε
339 250 428 304 καὶ
469 256 831 321 λειτουργεῖν,
877 248 976 318 ὑφ’
1021 249 1176 318 ἡμῶν
1222 249 1371 321 αὐτῷ
1415 251 1844 320 παραδοθείσης,

165 341 363 408 ταύτης
395 340 804 409 ἐπιμελεῖσθαιῖ
867 337 987 400 ἑνὸς
1019 336 1070 389 δ’
1103 339 1182 390 ἔτι
1206 340 1596 408 μνησθήσομαι
1628 336 1846 406 γένους,

167 428 221 494 ἐξ
254 425 320 482 οὗ
352 428 639 498 μάλισταὴ
665 429 905 496 διαφορὰ
936 435 1046 478 τῶν
1077 426 1300 496 ἀνδρῶν
1330 429 1480 480 ἔσται
1511 428 1843 496 καταφανής.

82 516 150 568 10
275 517 599 570 ὑποτίθεται
639 514 699 568 δὲ
740 514 990 584 ἑκάτερος
1031 515 1258 583 ἰδιώτην
1297 516 1472 586 ἄνδρα
1509 514 1601 568 καὶ
1637 515 1844 585 ἀπράγ-

123 622 143 654 5
166 625 307 674 μονα
361 603 451 657 καὶ
503 603 631 656 νέον
683 604 829 672 παρὰ
882 603 982 670 τὴν
1038 600 1236 654 ἑαυτοῦ
1281 606 1605 673 προαίρεσίν
1651 623 1708 656 τε
1752 602 1844 656 καὶ

167 694 340 763 φύσιν
399 690 811 760 ἠναγκασμένον
874 690 934 742 έν
995 691 1326 762 δικαστηρίῳ
1388 690 1596 759 λέγειν,
1659 691 1688 744 ὁ
1743 688 1845 760 μὲν

168 785 377 843 Λυσίας
433 780 492 833 έν
544 787 619 851 τῷ
671 780 808 849 πρὸς
854 777 1214 848 Ἀρχεβιάδην
1274 781 1419 851 λόγῳ
1480 782 1577 834 τὸν
1637 783 1845 851 τρόπον

166 878 387 923 τοῦτον·
428 868 673 935 (Ἐπειδὴ
712 868 935 935 τάχιστα
976 866 1137 935 ἔλαχέ
1170 887 1264 936 μοι
1303 868 1507 936 ταύτην
1538 869 1646 938 τὴν
1684 870 1845 937 δίκην

159 956 531 1027 Ἀρχεβιάδης,
600 953 640 1008 ὦ
706 957 902 1025 ἄνδρες
964 957 1242 1024 δικασταί,
1311 961 1636 1026 προσῆλθον
1697 956 1844 1028 αὐτῷ

101 1065 142 1095 10
167 1045 364 1112 λέγων,
420 1045 502 1097 ὅτι
553 1044 558 1112 Ι
608 1043 729 1106 νέος
778 1043 868 1096 καὶ
916 1045 1138 1114 ἄπειρος
1185 1050 1305 1113 εἴην
1349 1046 1685 1115 πραγμάτων
1730 1044 1820 1097 καὶ
1847 1062 1933 1100 602
1986 1079 1989 1082 >

166 1130 331 1186 οὐδὲν
369 1134 627 1201 δεόμενος
666 1131 893 1185 εἰσιέναι
943 1134 1020 1195 εἰς
1059 1134 1428 1204 δικαστήριον.
1499 1133 1603 1201 ἐγὼ
1643 1129 1747 1186 οὖν
1785 1148 1846 1187 σε
1986 1127 1987 1130 ¹

165 1221 293 1284 ἀξιῶ
333 1221 404 1289 μὴ
445 1220 644 1290 εὕρεμα
682 1220 940 1288 ἡγεῖσθαι
979 1221 1080 1289 τὴν
1117 1220 1339 1288 ἡλικίαν
1378 1222 1479 1289 τὴν
1515 1221 1667 1291 ἐμήν,
1707 1221 1846 1276 ἀλλὰ

162 1311 547 1379 παραλαβόντα
615 1310 745 1370 τοὺς
807 1308 969 1377 ἐμοὺς
1031 1311 1230 1378 φίλους
1295 1308 1386 1362 καὶ
1446 1312 1576 1372 τοὺς
1638 1318 1844 1363 σαυτοῦ

165 1399 533 1466 διηγήσασθαι
586 1395 711 1466 περὶ
765 1404 864 1450 τοῦ
918 1396 1112 1467 χρέως,
1167 1398 1304 1450 ὅθεν
1357 1397 1657 1466 γεγένηται.
1740 1397 1845 1451 κᾶν

98 1505 140 1535 15
165 1485 324 1556 δόξῃς
363 1485 544 1553 ἀληθῆ
585 1484 767 1552 λέγειν
807 1484 1060 1552 ἐκείνοις,
1112 1484 1279 1538 οὐδέν
1319 1500 1406 1538 σοι
1446 1487 1628 1555 δεήσει
1673 1504 1845 1556 πραγ-

164 1575 372 1643 μάτων,
426 1573 564 1627 ἀλλὰ
615 1574 800 1641 λαβὼν
851 1575 974 1626 ἄπει
1021 1575 1086 1626 τὰ
1133 1581 1354 1626 σαυτοῦ.
1431 1575 1642 1637 δίκαιος
1689 1572 1750 1628 δὲ
1796 1572 1849 1628 εἶ

758 1660 1134 1680 ’’’’’’

1994 1533 1999 1594 ἑ

166 1750 274 1817 εἰμι
326 1757 424 1801 τοῦ
462 1748 836 1819 ξσυμβολαίου,
891 1750 983 1801 ἵνα
1031 1749 1386 1817 ἀκούσαντες,
1439 1750 1564 1821 περὶ
1616 1747 1695 1804 ὧν
1742 1751 1844 1805 οὐκ

167 1842 340 1906 ἴσμεν,
393 1839 823 1906 βουλευσώμεθα
882 1836 1007 1907 περὶ
1063 1833 1141 1890 ὧν
1188 1840 1256 1890 σὺ
1311 1838 1511 1906 λέγεις·
1574 1839 1670 1893 ἐάν
1728 1859 1844 1903 πως

99 1943 141 1975 20
166 1927 409 1995 φανερὸν
447 1925 685 1994 γένηται,
723 1928 958 1995 πότερον
997 1925 1198 1988 ἀδίκως
1237 1936 1347 1978 τῶν
1380 1926 1523 1995 ἐμῶν
1556 1927 1769 1996 ἐφίεσαι
1807 1928 1842 1998 ἢ

283 2104 308 2143 8
340 2100 429 2155 Lys
461 2099 502 2142 fr
525 2100 629 2142 XIX
656 2100 684 2143 S

285 2268 306 2305 1
341 2264 493 2306 αὐτῶν
525 2262 634 2306 libri
725 2267 750 2305 2
785 2260 880 2306 δέτι
912 2262 947 2304 F
1002 2264 1053 2306 δε
1088 2262 1152 2306 ἔτι
1182 2263 1231 2305 Μ
1284 2261 1335 2307 δὲ
1371 2262 1436 2307 ἔτι
1466 2263 1548 2307 ΒΡ
1584 2265 1589 2321 Ι
1627 2265 1840 2321 μνησθή-

167 2338 248 2376 μαι
279 2320 313 2363 F
362 2322 443 2364 sed
475 2321 663 2377 μνησθή
694 2321 743 2364 in
774 2321 901 2365 exitu
933 2335 1094 2365 uersus
1205 2327 1232 2365 4
1263 2322 1322 2378 δὴ
1353 2322 1560 2395 Krfiger
1649 2327 1672 2366 7
1705 2324 1842 2380 ἀρχε-

166 2378 304 2437 βιάδη
310 2397 336 2423 ν
368 2379 402 2421 F
456 2399 512 2409 -v
546 2383 594 2423 et
625 2382 866 2423 accentum
898 2380 991 2423 add
1022 2380 1081 2423 F²
1123 2383 1128 2438 Ι
1174 2387 1339 2425 τοῦτον
1369 2381 1451 2425 τὸν
1481 2379 1655 2455 τρόπον
1686 2381 1723 2424 Ρ

168 2444 192 2481 9
226 2439 504 2495 ἀρχεβιαδης
525 2438 560 2481 F
585 2438 806 2482 lineolam
831 2439 924 2482 add
948 2438 1007 2481 F2
1098 2445 1152 2483 10
1185 2439 1254 2496 εἴη
1260 2457 1286 2484 ν
1310 2439 1552 2484 Franzius:
1578 2457 1637 2496 ην
1654 2440 1840 2484 FMBP

286 2502 339 2539 12
374 2496 548 2553 εύρημα
580 2498 615 2540 Ρ
709 2503 761 2540 13
793 2498 901 2548 τοὺς
933 2506 1103 2542 σαυτοῦ
1128 2499 1223 2554 FP,
1226 2457 1400 2555 ang:
1433 2515 1539 2549 τους
1571 2500 1712 2542 αὐτοῦ
1745 2500 1839 2542 ΜΒ

287 2560 340 2598 14
372 2555 685 2612 διηγήσασθαι
720 2557 804 2612 τὴν
843 2555 1028 2613 ἡλικίαν
1066 2557 1150 2614 τὴν
1183 2557 1297 2614 ἐμὴν
1329 2557 1434 2612 περὶ
1465 2557 1513 2601 P.
1563 2558 1644 2600 sed
1683 2572 1839 2614 super-

167 2613 390 2670 scriptum
414 2615 552 2658 rubro
577 2622 788 2670 περιττεῖ,
810 2618 1062 2686 praeterea
1090 2616 1175 2672 τὴν
1197 2613 1382 2688 ἡλικίαν
1405 2616 1490 2672 τὴν
1513 2615 1629 2672 ἐμὴν
1651 2618 1839 2672 punctis

166 2672 288 2716 infra
306 2672 481 2716 additis
500 2673 681 2716 deletur
708 2675 712 2730 Ι
740 2671 881 2730 χρέως
898 2674 1160 2718 Scheibius:
1177 2672 1337 2733 χρέους
1421 2679 1475 2718 15
1501 2674 1612 2733 δόξῃ
1617 2675 1839 2725 ςΕΜΒΡ

163 2747 194 2788 p
221 2736 326 2775 605:
359 2733 473 2775 δοκ
448 2749 501 2789 ‘HS'
533 2732 715 2774 FMBP
745 2735 749 2788 Ι
777 2733 974 2836 ἀληθ[ῆέ
1005 2733 1040 2775 F
1074 2748 1178 2777 eum
1208 2748 1283 2777 ras
1379 2737 1430 2776 16
1463 2732 1573 2776 ἄπει
1587 2720 1839 2779 Reiskius·

166 2791 240 2834 ἐπὶ
263 2750 474 2834 ΡΜΒΡῃ
495 2790 637 2834 ἄπιθι
662 2791 866 2847 Toupius
896 2794 900 2848 Ι
930 2808 948 2835 ε
993 2792 1232 2837 Reiskius:
1259 2792 1350 2847 εἰμι
1435 2796 1487 2834 17
1517 2793 1839 2850 παραλ[ι]πεῖν

164 2850 222 2893 F¹
247 2863 350 2893 cum
373 2864 448 2892 ras
540 2854 594 2892 18
628 2849 907 2907 συμβολαίου
932 2851 1196 2907 Emperius:
1222 2851 1548 2908 συμβουλεύειν
1642 2855 1694 2895 19
1728 2853 1838 2909 βου-

163 2907 463 2966 λευσ[ό]μεθα
496 2909 531 2951 Ρ
563 2922 666 2951 cum
697 2924 771 2952 ras
