2004 3202
192 119 262 171 98
615 121 956 164 ΔΙΟΝΤΣΙΟΤ
987 118 1453 191 ᾼΛΙΚΑΡΝΑΣΕῼΣ

192 254 296 323 ἐγὼ
335 253 424 308 καὶ
463 257 733 325 πρότερον
772 254 1023 323 Εὐμάθει
1069 252 1244 323 τούτῳ
1292 251 1559 321 ἐγενόμην
1603 254 1871 322 χρήσιμος

192 343 415 406 δικαίως
475 341 566 396 καὶ
619 351 752 411 νῦν,
814 348 867 395 εἴ
915 362 967 394 τι
1020 343 1133 393 ἔστι
1191 338 1308 393 κατ’
1363 339 1478 409 ἐμέ,
1538 341 1870 410 πειράσομαι

192 430 489 504 συσσῴζειν
527 431 698 484 αὐτὸν
735 429 862 500 μεθ’
900 430 1070 498 ὑμῶν.
1140 429 1305 498 μικρὰ
1344 427 1410 482 δέ
1444 449 1552 498 μου
1583 427 1871 496 ἀκούσατε,

191 520 284 573 ἵνα
322 519 510 589 μηδεὶς
547 520 798 589 ὑπολάβῃ
845 519 1024 587 ὑμῶν,
1071 518 1144 579 ὡς
1184 516 1288 584 ἐγὼ
1326 521 1620 588 προπετείᾳ
1656 515 1690 585 ἢ
1730 517 1870 587 ἄλλῃ

146 626 168 658 5
192 607 302 661 τινὶ
342 608 529 678 ἀδικίᾳ
568 609 704 678 πρὸς
743 609 808 659 τὰ
847 606 1150 675 Εὐμάθους
1195 606 1483 675 πράγματα
1526 609 1870 676 προσῆλθον.

190 704 653 766 τριηραρχοῦντος
702 696 805 765 γάρ
861 714 968 763 μου
1024 692 1110 746 ἐπὶ
1157 695 1551 762 Κηφισοδότου
1605 695 1872 764 ἄρχοντος

190 782 281 837 καὶ
319 786 489 852 λόγου
527 782 969 852 ἀπαγγελθέντος
1005 782 1144 852 πρὸς
1181 783 1312 844 τοὺς
1351 783 1611 849 οἰκείους,
1650 783 1723 844 ὡς
1762 783 1870 852 ἄρα

190 873 578 940 τετελευτηκὼς
623 877 743 940 εἴην
789 871 848 924 ἐν
885 879 950 941 τῇ
990 872 1288 941 ναυμαχίᾳ,
1343 871 1509 939 οὔσης
1543 891 1652 945 ’μοι
1697 889 1869 940 παρα-

190 962 500 1028 καταθήκης
537 958 665 1029 παρ’
705 958 958 1028 Εὐμάθει
994 958 1187 1030 τούτῳ,
1226 958 1710 1027 μεταπεμψάμενος
1740 960 1871 1021 τοὺς

126 1067 167 1098 10
191 1049 426 1110 οἰκείους
476 1046 566 1100 καὶ
620 1051 819 1116 φίλους
871 1049 1001 1109 τοὺς
1048 1046 1211 1116 ἐμοὺς
1257 1046 1527 1115 Εὐμάθης
1581 1045 1870 1116 ἐνεφάνισε

189 1138 255 1189 τὰ
293 1138 554 1206 χρήματα,
595 1135 627 1188 ἃ
665 1131 735 1204 ἧν
773 1155 866 1204 μοι
905 1134 1034 1205 παρ’
1075 1135 1239 1206 αὐτῷ,
1279 1133 1370 1188 καὶ
1410 1134 1654 1188 ἀπέδωκε
1691 1136 1871 1188 πάντα

190 1224 373 1294 ὀρθῶς
410 1223 500 1276 καὶ
540 1225 777 1286 δικαίως.
847 1223 977 1276 ἀνθ’
1018 1219 1097 1276 ὧν
1137 1223 1240 1292 ἐγὼ
1282 1222 1485 1286 σωθεὶς
1525 1222 1775 1294 ἐχρώμην
1812 1243 1870 1277 τε

189 1312 335 1383 αὐτῷ
381 1314 459 1365 ἔτι
506 1317 716 1381 μᾶλλον
761 1311 851 1364 καὶ
897 1311 1408 1384 κατασκευαζομένῳ
1455 1313 1556 1380 τὴν
1601 1314 1870 1382 τράπεζαν

190 1403 552 1470 εἰσευπόρησα
583 1400 867 1469 ἀργυρίου.
928 1399 1018 1452 καὶ
1043 1402 1175 1468 μετὰ
1199 1397 1385 1471 ταῦΙτα
1413 1401 1645 1467 ἄγοντος
1676 1399 1846 1453 αὐτὸν
1871 1415 1957 1454 594

124 1506 165 1539 15
190 1492 499 1542 Διονυσίου
544 1487 826 1556 ἐξειλόμην
871 1490 949 1550 εἰς
995 1487 1320 1557 ἐλευθερίαν
1366 1488 1523 1549 εἰδὼς
1569 1487 1870 1557 ἀφειμένον

191 1577 250 1630 ἐν
303 1584 379 1648 τῷ
432 1578 761 1647 δικαστηρίῳ
824 1576 931 1629 ὑπὸ
979 1574 1313 1643 Ἐπιγένους.
1398 1575 1536 1628 ἀλλὰ
1589 1575 1713 1646 περὶ
1767 1574 1870 1645 μὲν

189 1666 400 1718 τούτων
439 1664 744 1732 ἐπισχήσω.’

133 1759 165 1810 6
300 1755 413 1806 ἔστι
452 1754 519 1821 δὴ
558 1751 650 1805 καὶ
688 1754 834 1821 παρὰ
866 1760 942 1824 τῷ
975 1755 1157 1823 Λυσίᾳ
1188 1772 1270 1814 τις
1300 1749 1439 1822 ὑπὲρ
1473 1752 1676 1823 ἀνδρὸς
1707 1752 1869 1818 ξένου

191 1842 351 1909 δίκην
376 1841 679 1909 φεύγοντος
701 1839 825 1910 περὶ
850 1843 1056 1910 κλήρου
1079 1841 1408 1909 ποιούμενος
1431 1842 1531 1909 τὴν
1548 1841 1867 1910 ἀπολογίαν.

125 1949 167 1979 20
191 1937 389 1982 τοῦτον
414 1929 702 1998 ἐπιγράφει
728 1930 826 1981 τὸν
846 1931 1013 1996 λόγον
1031 1931 1379 1997 Καλλίμαχος
1401 1928 1542 1999 “περὶ
1565 1933 1870 2000 Φερενίκου

189 2014 327 2086 ὑπὲρ
366 2025 465 2069 τοῦ
496 2015 919 2085 Ἀνδροκλείδου
950 2017 1175 2085 κλῆρον’
1208 2015 1297 2068 καὶ
1330 2019 1444 2069 ἔστι
1479 2022 1705 2080 πολλοῖς
1735 2021 1870 2089 πρό·

312 2211 331 2247 1
369 2206 569 2260 εὐμαθεῖ
605 2204 714 2248 libri
820 2210 844 2248 2
878 2205 958 2249 καὶ
996 2202 1187 2255 δικαίως
1218 2205 1252 2247 F
1296 2207 1301 2262 Ι
1344 2205 1466 2249 ἐστὶν
1499 2205 1549 2250 ἐν
1582 2206 1683 2262 ἐμοὶ
1713 2207 1748 2249 F

192 2270 217 2307 3
259 2265 471 2316 συσώζειν
510 2264 545 2307 Ρ
595 2266 601 2321 Ι
651 2262 764 2319 μικὰ
804 2264 861 2306 F¹
1011 2271 1037 2307 4
1085 2264 1244 2319 μηδεὶς
1289 2263 1579 2308 Schoemann
1618 2266 1654 2308 P
1700 2281 1731 2322 p
1757 2271 1867 2312 596:

192 2323 358 2379 μηθεὶς
389 2322 572 2365 FMBP
687 2328 711 2365 5
746 2324 983 2378 εὐμαθοὺς
1013 2322 1047 2366 F
1096 2324 1334 2378 εὐμαθοῦς
1372 2323 1515 2366 ceteri
1554 2324 1630 2367 hic
1666 2328 1713 2368 et
1742 2325 1868 2370 infra

192 2395 348 2424 omnes
391 2381 483 2423 nisi
528 2380 665 2424 aliter
703 2384 907 2437 notatur,
955 2382 1067 2426 item
1115 2383 1317 2437 εὐμαθεῑ
1361 2382 1571 2437 εὐμαθής
1620 2384 1624 2439 Ι
1676 2398 1867 2440 πραγμα

191 2440 291 2493 (Sic)
328 2440 359 2481 P
462 2445 487 2482 (5
522 2440 846 2496 Κηφισοδότου
878 2457 907 2497 p
933 2445 1037 2485 597:
1073 2441 1409 2497 Κηφισοδώρου
1442 2441 1627 2484 FMBP
1729 2447 1751 2486 7
1785 2444 1867 2487 καὶ

190 2502 241 2542 λο
274 2499 331 2540 F¹
364 2512 464 2541 corr
496 2499 554 2540 F2
595 2501 600 2555 Ι
645 2498 843 2550 οἰκείους
874 2500 1083 2542 MBPF2
1113 2500 1163 2542 in
1193 2514 1292 2555 mg·
1332 2497 1481 2550 ἰδίους
1511 2500 1568 2542 F¹
1689 2506 1714 2544 8
1746 2517 1867 2545 τετε-

190 2558 404 2607 λευτικὼς
436 2557 492 2599 F¹
587 2562 640 2600 10
675 2556 871 2609 οικείους
900 2574 948 2602 τε
980 2559 1060 2602 καὶ
1092 2559 1126 2601 F
1162 2561 1167 2615 Ι
1204 2556 1478 2614 ἐνεφάνισεν
1510 2558 1544 2600 F
1640 2564 1693 2602 12
1727 2559 1803 2618 ἐχρ
1807 2562 1865 2604 ώ-

192 2633 282 2687 μην
307 2617 430 2674 αὐτῷ
456 2616 488 2658 F
582 2621 635 2658 14
666 2616 987 2690 εἰσευπόρησα]
1014 2618 1128 2673 πρὸς
1152 2617 1216 2668 εἰς
1241 2616 1472 2672 εὐπόρησα
1498 2617 1544 2660 M
1583 2618 1698 2673 πρὸς
1722 2619 1866 2664 εἰσευ-

192 2674 371 2731 πόρησα
403 2662 440 2716 Β
495 2674 608 2746 πρὸς
650 2675 713 2725 εἰς
753 2675 974 2731 εὐπορίαν
1013 2677 1046 2718 F
1089 2678 1284 2733 apparet
1325 2675 1470 2732 igitur
1515 2675 1564 2718 in
1611 2677 1864 2734 archetypo

191 2733 334 2777 fuisse
374 2733 728 2789 προσευπόρησα
753 2735 915 2778 addito
941 2735 1005 2785 εἰς
1037 2749 1173 2792 super
1203 2735 1328 2808 πρὸς.
1371 2735 1782 2791 προσεισευπόρισα
1806 2738 1840 2780 F
1849 2738 1866 2762 2

191 2791 584 2848 προσεισεπόρησα
616 2793 651 2835 Ρ
683 2795 731 2836 et
761 2808 839 2849 mg
872 2794 907 2835 B
1019 2799 1072 2837 15
1104 2791 1359 2850 ἀφειμένον
1391 2793 1426 2836 Ρ
1534 2799 1587 2837 16
1621 2794 1670 2838 ἐν
1702 2799 1763 2851 τῷ
1793 2797 1864 2840 δι-

192 2849 419 2924 καστηρίω
446 2851 570 2895 delet
594 2852 723 2895 Rabe
823 2858 868 2895 17
896 2852 1120 2925 ἐπισχήσω
1147 2852 1441 2909 Sylburgius:
1467 2853 1707 2910 ὑποσχήσω
1726 2842 1868 2898 FMP

192 2910 280 2954 ὑπὸ
314 2897 460 2967 σχησω
492 2910 529 2952 Β
620 2915 672 2953 21
707 2910 878 2965 ἀνδρὸς
908 2914 1090 2955 κλειδου
1122 2913 1157 2954 Ρ
