2004 3202
647 119 792 161 ΠΕΡΙ
822 117 1225 161 ΘΟΤΚΤΔΙΔΟΤ
1677 115 1787 168 417

10 323 11 326 ¹
58 253 292 326 ,ιτούτῳ
327 254 334 323 Ι
368 251 496 324 παρ’
538 251 733 324 ἑκάστῃ
765 255 876 306 τῶν
905 217 1139 306 πόλεων.
1153 249 1354 322 εὕροιτ’
1387 252 1472 320 ἄν,
1500 250 1623 321 οὐχὶ
1654 254 1788 315 τοὺς

7 327 9 338 ¹
105 341 247 412 ἐμοί·
295 345 353 395 οἳ
395 339 472 395 ὅτ’
512 338 583 410 ἦν
629 341 840 410 ἀσθενῆ
887 343 954 394 τὰ
1011 342 1296 394 Φιλίππου
1351 341 1642 410 πράγματα
1695 339 1787 393 καὶ

7 476 12 494 ,
87 431 302 501 ’κομιδῇ
342 431 526 501 μικρά,
564 431 796 484 πολλάκι
842 431 1231 500 προλεγόντων
1274 427 1430 498 ἡμῶν
1475 427 1566 482 καὶ
1611 447 1788 499 παρα-
1823 440 1826 443 ’

7 511 12 528 ’
102 519 426 572 καλούντων
478 517 570 572 καὶ
626 520 1007 572 διδασκόντων
1044 519 1146 584 <τά
1184 516 1467 587 βέλτιστα,
1502 525 1598 586 τῆς
1646 518 1791 580 ἰδίας

102 605 242 660 ἕνεκ’
281 609 760 678 αἰσχροκερδείας>
797 608 864 660 τὰ
907 615 1067 678 κοινῇ
1114 605 1467 676 συμφέροντα
1514 607 1790 676 προῖεντο,
1835 623 1858 656 5

101 698 235 759 τοὺς
287 696 636 766 ὑπάρχοντας
691 695 936 758 ἑκάστοις
995 698 1223 758 πολίτας
1277 694 1645 759 ἐξαπατῶντες
1698 693 1791 747 καὶ

7 797 12 816 ¹
103 786 550 854 διαφθείροντες,
589 784 691 847 ἕως
730 785 968 847 δούλους
1009 783 1308 852 ἐποίησαν.’

11 862 13 866 ¹
216 876 412 943 Μυριά
456 875 868 944 παραδείγματα
914 871 1108 943 φέρειν
1157 873 1434 941 δυναίμην
1472 871 1542 925 ἂν
1582 871 1640 925 ἐκ
1677 882 1790 926 τῶν
1805 874 1881 929 55

10 999 13 1002 -
102 970 205 1015 τοῦ
236 961 640 1031 Δημοσθένους
681 964 863 1030 λόγων
899 971 1012 1014 τῶν
1041 981 1100 1014 τε
1131 962 1520 1031 δημηγορικῶν
1549 959 1640 1014 καὶ
1678 970 1792 1014 τῶν

105 1052 435 1118 δικανικῶν,
499 1050 531 1104 ἃ
584 1052 732 1120 παρὰ
794 1050 892 1103 τὸν
950 1050 1303 1103 Θουκυδίδου
1366 1051 1789 1103 κατεσκεύασται
1814 1070 1859 1102 ιο

10 1132 14 1185 ἶ
103 1146 419 1209 χαρακτῆρα
458 1140 556 1192 τὸν
597 1138 657 1191 ἐν
694 1146 758 1208 τῇ
797 1146 955 1208 κοινῇ
995 1136 1086 1190 καὶ
1120 1139 1353 1206 συνήθει
1388 1137 1651 1210 διαλέκτῳ
1690 1139 1793 1207 τὴν

11 1240 15 1269 ·=
105 1227 410 1296 ἐξαλλαγὴν
456 1230 664 1297 ἔχοντα.
726 1225 843 1280 ἀλλ’
875 1228 968 1279 ἵνα
1006 1227 1078 1296 μὴ
1125 1229 1459 1297 μακρότερος
1497 1234 1597 1280 τοῦ
1637 1226 1791 1280 δέον-

11 1301 15 1346 7
103 1337 198 1379 τος
245 1316 274 1370 ὁ
323 1319 486 1384 λόγος
531 1315 746 1384 γένοιτό
795 1336 913 1384 μοι,
970 1316 1188 1378 τούτοις
1241 1314 1531 1386 ἀρκεσθεὶς
1582 1317 1792 1378 ἱκανοῖς
1852 1309 1862 1324 ’

14 1411 15 1415 ’
104 1402 232 1460 οὖσι
264 1408 562 1474 βεβαιῶσαι
594 1405 655 1458 τὸ
694 1407 1060 1473 προκείμενον
1099 1403 1199 1457 οὐκ
1239 1403 1308 1456 ἂν
1347 1404 1637 1474 ὀκνήσαιμι
1675 1414 1793 1467 τοῖς

15 1547 17 1551 ,
104 1494 336 1548 ἀσκοῦσι
369 1495 498 1556 τοὺς
520 1494 838 1555 πολιτικοὺς
863 1495 1063 1561 λόγους
1086 1493 1459 1546 ὑποτίθεσθαι
1490 1502 1605 1556 τοῖς
1634 1513 1696 1561 γε
1722 1493 1790 1562 δὴ
1817 1512 1860 1545 15

101 1585 202 1646 τὰς
238 1586 447 1653 κρίσεις
479 1582 888 1652 ἀδιαστρόφους
919 1584 999 1634 ἔτι
1031 1583 1397 1651 φυλάσσουσι,
1436 1581 1791 1650 Δημοσθένει

15 1655 17 1717 J
106 1672 402 1743 συμβούλῳ
428 1669 825 1742 χρησαμένους,
851 1670 918 1723 ὃν
943 1670 1200 1723 ἁπάντων
1225 1670 1475 1740 ρητόρων
1498 1672 1794 1741 κράτιστον

14 1764 19 1835 i
106 1761 440 1828 γεγενῆσθαι
493 1762 832 1829 πειθόμεθα,
888 1759 1087 1822 ταύτας
1141 1765 1430 1829 μιμεῖσθαι
1483 1761 1578 1823 τὰς
1631 1780 1793 1813 κατα-

15 1839 18 1857 ¹
50 1862 104 1903 51
126 1850 345 1916 σκευάς,
387 1847 448 1900 ἐν
486 1841 573 1911 αἶς
608 1847 614 1916 Ι
648 1849 682 1916 ἥ
721 1868 778 1901 τε
817 1848 1091 1917 βραχύτης
1128 1846 1219 1900 καὶ
1257 1847 1290 1916 ἡ
1332 1836 1581 1916 δεινότης
1626 1847 1716 1901 καὶ
1757 1848 1789 1917 ἡ

110 1939 264 2006 ἰσχὺς
310 1935 400 1989 καὶ
448 1936 477 1990 ὁ
525 1939 685 1999 τόνος
735 1935 825 1989 καὶ
864 1936 896 2004 ἡ
937 1935 1373 2006 μεγαλοπρέπεια
1418 1936 1509 1990 καὶ
1555 1938 1612 1990 αἱ
1658 1951 1790 2006 συγ-
1814 1956 1859 1988 20

107 2035 285 2094 γενεῖς
324 2026 546 2087 ταύταις
586 2023 771 2094 ἀρεταὶ
810 2033 978 2077 πᾶσιν
1028 2024 1348 2094 ἀνθρώποις
1388 2024 1492 2078 εἰσὶ
1533 2029 1791 2096 φανεραί·

108 2115 205 2176 τὰς
244 2111 304 2167 δὲ
345 2114 765 2182 αἰνιγματώδεις
802 2111 893 2165 καὶ
927 2114 1454 2181 δυσκαταμαθήτους
1491 2112 1581 2166 καὶ
1620 2134 1792 2184 γραμ-

14 2213 21 2226 ’·
107 2212 351 2272 ματικῶν
377 2201 681 2270 ἐξηγήσεων
713 2200 974 2270 δεομένας
1011 2199 1100 2254 καὶ
1132 2203 1275 2254 πολὺ
1315 2202 1375 2254 τὸ
1401 2202 1792 2272 βεβασανισμέ-

107 2311 212 2344 νον
241 2289 330 2344 καὶ
370 2291 431 2342 τὸ
471 2287 867 2359 σολοικοφανὲς
899 2289 959 2342 ε’ν
990 2299 1105 2352 τοῖς
1137 2300 1527 2359 σχηματισμοῖς
1563 2290 1792 2360 ἐχούσας

18 2385 21 2438 ἶ
104 2382 240 2449 μήτε
279 2379 585 2447 θαυμάζειν
614 2381 746 2447 μήτε
781 2383 1081 2447 μιμεῖσθαι.
1136 2366 1227 2431 ἵνα
1260 2376 1320 2431 δὲ
1352 2383 1600 2432 συνελὼν
1639 2386 1790 2448 εἴπω,
1815 2398 1861 2431 25

231 2575 252 2612 1
287 2566 398 2623 παρ’
430 2566 595 2625 ἑκάστη
627 2568 719 2612 fD:
761 2565 961 2624 παρέστη
995 2567 1087 2610 ΜΡ
1115 2570 1121 2624 Ι
1150 2566 1317 2623 εὕροιτ’
1347 2569 1472 2612 MPf
1507 2583 1610 2612 cum
1643 2571 1787 2613 ΣΤΑ

19 2655 21 2692 3
110 2645 165 2684 γρ
200 2628 264 2672 F:
298 2626 428 2683 εὕροι
458 2644 527 2678 τις
561 2613 637 2683 F}
667 2627 787 2685 οὐχὶ]
821 2628 874 2671 οὐ
908 2628 1054 2671 ΣΤΑ
1081 2627 1086 2684 Ι
1113 2628 1221 2678 τοὺς
1252 2630 1419 2685 κομιδῆ
1454 2626 1554 2683 ἐμοί
1586 2629 1634 2671 Μ
1665 2629 1788 2672 unde

17 2699 21 2711 ¹
111 2690 309 2743 apparet
340 2685 603 2743 proximum
633 2699 819 2730 uersum
848 2685 898 2728 in
925 2686 1176 2743 archetypo
1209 2686 1428 2730 omissum
1454 2690 1501 2731 et
1527 2687 1576 2730 in
1600 2703 1680 2744 mg
1705 2688 1790 2731 ad-

19 2736 22 2798 Ξ
112 2745 264 2789 ditum
294 2745 453 2802 fuisse,
487 2745 590 2789 cfP
734 2750 759 2788 2
794 2742 1080 2801 ἐμοί...καὶ
1112 2759 1187 2789 om
1217 2746 1254 2789 P
1389 2751 1414 2789 3
1447 2745 1787 2791 πολλάκιΜΡε

111 2803 331 2856 πολλάκις
361 2805 428 2847 fD
609 2807 635 2846 4
667 2802 724 2846 τὰ
756 2802 987 2863 βέλτιστα.
1010 2803 1441 2863 ..αἰσχροκερδείας
1472 2820 1547 2849 om
1579 2806 1670 2848 MP

19 2867 23 2927 23
111 2867 138 2907 5
171 2871 385 2919 προεῖντο
418 2863 511 2906 ΜΡ
632 2867 656 2906 6
691 2861 897 2915 ἑκάστοις
926 2863 1039 2909 MP:
1074 2862 1255 2909 ἕκαστοι
1286 2864 1310 2906 f
1336 2879 1391 2908 ex
1422 2865 1461 2907 D
1585 2870 1609 2907 9
1643 2867 1790 2920 δημη-

111 2929 283 2979 γοριῶν
314 2923 350 2966 Ρ
474 2927 526 2965 13
561 2921 731 2973 ἱκανῶς
761 2922 829 2965 Pf

202 3005 315 3039 Dion.
338 3006 536 3038 Haliearn.
575 3005 620 3038 V.
1470 3002 1521 3038 ‘27
