<?xml version="1.0" encoding="UTF-8"?>
<!DOCTYPE html PUBLIC "-//W3C//DTD XHTML 1.0 Transitional//EN"
    "http://www.w3.org/TR/xhtml1/DTD/xhtml1-transitional.dtd">
<html xmlns="http://www.w3.org/1999/xhtml" xml:lang="en" lang="en">
 <head>
  <title>
</title>
<meta http-equiv="Content-Type" content="text/html;charset=utf-8" />
  <meta name='ocr-system' content='tesseract 3.04.00' />
  <meta name='ocr-capabilities' content='ocr_page ocr_carea ocr_par ocr_line ocrx_word'/>
</head>
<body>
  <div class='ocr_page' id='page_1' title='image "./quaeexstant05dionuoft_0095.png"; bbox 0 0 1958 3192; ppageno 0'>
   <div class='ocr_carea' id='block_1_1' title="bbox 883 99 1841 153">
    <p class='ocr_par' dir='ltr' id='par_1_1' title="bbox 883 99 1841 153">
     <span class='ocr_line' id='line_1_1' title="bbox 883 99 1841 153; baseline 0.013 -12"><span class='ocrx_word' id='word_1_1' title='bbox 883 99 1115 142; x_wconf 76' lang='grc' dir='ltr'><strong>ΛΤΣΙΑΣ</strong></span> <span class='ocrx_word' id='word_1_2' title='bbox 1768 100 1841 153; x_wconf 84' lang='grc'><strong><em>45</em></strong></span> 
     </span>
    </p>
   </div>
   <div class='ocr_carea' id='block_1_2' title="bbox 73 230 1930 2254">
    <p class='ocr_par' dir='ltr' id='par_1_2' title="bbox 73 230 1909 1102">
     <span class='ocr_line' id='line_1_2' title="bbox 158 230 1840 305; baseline 0 -17"><span class='ocrx_word' id='word_1_3' title='bbox 158 232 261 305; x_wconf 76' lang='grc' dir='ltr'><strong><em>μὲν</em></strong></span> <span class='ocrx_word' id='word_1_4' title='bbox 305 234 602 305; x_wconf 88' lang='grc' dir='ltr'><strong><em>μαρτύρων</em></strong></span> <span class='ocrx_word' id='word_1_5' title='bbox 645 233 932 302; x_wconf 91' lang='grc' dir='ltr'><strong><em>ἀκηκόατε,</em></strong></span> <span class='ocrx_word' id='word_1_6' title='bbox 987 230 1029 288; x_wconf 83' lang='grc' dir='ltr'><em>ὦ</em></span> <span class='ocrx_word' id='word_1_7' title='bbox 1077 234 1347 304; x_wconf 81' lang='grc' dir='ltr'><strong><em>&lt;ἄνδρες&gt;</em></strong></span> <span class='ocrx_word' id='word_1_8' title='bbox 1394 235 1658 286; x_wconf 89' lang='grc' dir='ltr'><strong><em>δικασταί.</em></strong></span> <span class='ocrx_word' id='word_1_9' title='bbox 1736 235 1840 303; x_wconf 86' lang='grc' dir='ltr'><strong><em>ε’γὼ</em></strong></span> 
     </span>
     <span class='ocr_line' id='line_1_3' title="bbox 161 321 1841 393; baseline -0.001 -15"><span class='ocrx_word' id='word_1_10' title='bbox 161 323 213 378; x_wconf 88' lang='grc' dir='ltr'><strong><em>δ’</em></strong></span> <span class='ocrx_word' id='word_1_11' title='bbox 268 324 369 377; x_wconf 82' lang='grc' dir='ltr'><strong><em>ὅσα</em></strong></span> <span class='ocrx_word' id='word_1_12' title='bbox 421 326 691 375; x_wconf 81' lang='grc' dir='ltr'><strong><em>τελευτῶν</em></strong></span> <span class='ocrx_word' id='word_1_13' title='bbox 744 323 1097 392; x_wconf 80' lang='grc' dir='ltr'><strong><em>ὡμολόγησεν</em></strong></span> <span class='ocrx_word' id='word_1_14' title='bbox 1149 324 1295 391; x_wconf 82' lang='grc' dir='ltr'><strong><em>ἔχειν</em></strong></span> <span class='ocrx_word' id='word_1_15' title='bbox 1356 321 1520 385; x_wconf 86' lang='grc' dir='ltr'><strong><em>αὐτὸς</em></strong></span> <span class='ocrx_word' id='word_1_16' title='bbox 1579 325 1841 393; x_wconf 86' lang='grc' dir='ltr'><strong><em>χρήματα,</em></strong></span> 
     </span>
     <span class='ocr_line' id='line_1_4' title="bbox 161 409 1842 484; baseline -0.001 -19"><span class='ocrx_word' id='word_1_17' title='bbox 161 410 295 465; x_wconf 82' lang='grc' dir='ltr'><strong><em>ἑπτὰ</em></strong></span> <span class='ocrx_word' id='word_1_18' title='bbox 334 411 573 464; x_wconf 88' lang='grc' dir='ltr'><strong><em>τάλαντα</em></strong></span> <span class='ocrx_word' id='word_1_19' title='bbox 609 409 700 463; x_wconf 86' lang='grc' dir='ltr'><strong><em>καὶ</em></strong></span> <span class='ocrx_word' id='word_1_20' title='bbox 739 412 1135 482; x_wconf 88' lang='grc' dir='ltr'><strong><em>τετταράκοντα</em></strong></span> <span class='ocrx_word' id='word_1_21' title='bbox 1165 419 1322 480; x_wconf 83' lang='grc' dir='ltr'><strong><em>μνᾶς,</em></strong></span> <span class='ocrx_word' id='word_1_22' title='bbox 1362 410 1420 463; x_wconf 82' lang='grc' dir='ltr'><strong><em>ἐκ</em></strong></span> <span class='ocrx_word' id='word_1_23' title='bbox 1450 411 1663 464; x_wconf 88' lang='grc' dir='ltr'><strong><em>τούτων</em></strong></span> <span class='ocrx_word' id='word_1_24' title='bbox 1694 411 1842 484; x_wconf 76' lang='grc' dir='ltr'><strong><em>αὐτῷ</em></strong></span> 
     </span>
     <span class='ocr_line' id='line_1_5' title="bbox 160 496 1842 572; baseline 0.001 -19"><span class='ocrx_word' id='word_1_25' title='bbox 160 505 452 568; x_wconf 81' lang='grc' dir='ltr'><em>λογιοῦμαι</em></span> <span class='ocrx_word' id='word_1_26' title='bbox 489 500 771 569; x_wconf 89' lang='grc' dir='ltr'><strong><em>πρόσοδον</em></strong></span> <span class='ocrx_word' id='word_1_27' title='bbox 808 496 910 568; x_wconf 78' lang='grc' dir='ltr'><strong><em>μὲν</em></strong></span> <span class='ocrx_word' id='word_1_28' title='bbox 948 499 1214 569; x_wconf 79' lang='grc' dir='ltr'><em>οὐδεμίαν</em></span> <span class='ocrx_word' id='word_1_29' title='bbox 1251 499 1596 572; x_wconf 78' lang='grc' dir='ltr'><strong><em>ἀποφαίνων,</em></strong></span> <span class='ocrx_word' id='word_1_30' title='bbox 1636 499 1742 553; x_wconf 92' lang='grc' dir='ltr'><strong><em>ἀπὸ</em></strong></span> <span class='ocrx_word' id='word_1_31' title='bbox 1779 498 1842 554; x_wconf 75' lang='grc' dir='ltr'><strong><em>δὲ</em></strong></span> 
     </span>
     <span class='ocr_line' id='line_1_6' title="bbox 160 586 1907 658; baseline -0.002 -16"><span class='ocrx_word' id='word_1_32' title='bbox 160 597 272 642; x_wconf 91' lang='grc' dir='ltr'><strong><em>τῶν</em></strong></span> <span class='ocrx_word' id='word_1_33' title='bbox 316 589 678 658; x_wconf 78' lang='grc' dir='ltr'><strong><em>ὑπαρχόντων</em></strong></span> <span class='ocrx_word' id='word_1_34' title='bbox 724 587 1059 656; x_wconf 79' lang='grc' dir='ltr'><strong><em>ἀναλίσκων,</em></strong></span> <span class='ocrx_word' id='word_1_35' title='bbox 1109 586 1200 641; x_wconf 88' lang='grc' dir='ltr'><strong><em>καὶ</em></strong></span> <span class='ocrx_word' id='word_1_36' title='bbox 1245 590 1428 656; x_wconf 89' lang='grc' dir='ltr'><strong><em>θήσω,</em></strong></span> <span class='ocrx_word' id='word_1_37' title='bbox 1484 589 1618 641; x_wconf 85' lang='grc' dir='ltr'><strong><em>ὅσον</em></strong></span> <span class='ocrx_word' id='word_1_38' title='bbox 1656 588 1841 652; x_wconf 86' lang='grc' dir='ltr'><strong><em>οὐδεὶς</em></strong></span> <span class='ocrx_word' id='word_1_39' title='bbox 1886 607 1907 639; x_wconf 83' lang='lat'>5</span> 
     </span>
     <span class='ocr_line' id='line_1_7' title="bbox 159 675 1841 747; baseline 0.001 -18"><span class='ocrx_word' id='word_1_40' title='bbox 159 675 367 730; x_wconf 83' lang='grc' dir='ltr'><strong><em>πώποτ’</em></strong></span> <span class='ocrx_word' id='word_1_41' title='bbox 408 676 469 729; x_wconf 86' lang='grc' dir='ltr'><strong><em>ἐν</em></strong></span> <span class='ocrx_word' id='word_1_42' title='bbox 506 684 570 747; x_wconf 79' lang='grc' dir='ltr'><strong><em>τῇ</em></strong></span> <span class='ocrx_word' id='word_1_43' title='bbox 610 679 794 745; x_wconf 89' lang='grc' dir='ltr'><strong><em>πόλει,</em></strong></span> <span class='ocrx_word' id='word_1_44' title='bbox 842 678 918 740; x_wconf 89' lang='grc' dir='ltr'><strong><em>εἰς</em></strong></span> <span class='ocrx_word' id='word_1_45' title='bbox 957 678 1059 730; x_wconf 86' lang='grc' dir='ltr'><strong><em>δύο</em></strong></span> <span class='ocrx_word' id='word_1_46' title='bbox 1097 678 1297 740; x_wconf 91' lang='grc' dir='ltr'><strong><em>παῖδας</em></strong></span> <span class='ocrx_word' id='word_1_47' title='bbox 1334 675 1424 730; x_wconf 88' lang='grc' dir='ltr'><strong><em>καὶ</em></strong></span> <span class='ocrx_word' id='word_1_48' title='bbox 1465 676 1714 747; x_wconf 86' lang='grc' dir='ltr'><strong><em>ἀδελφὴν</em></strong></span> <span class='ocrx_word' id='word_1_49' title='bbox 1750 677 1841 731; x_wconf 88' lang='grc' dir='ltr'><strong><em>καὶ</em></strong></span> 
     </span>
     <span class='ocr_line' id='line_1_8' title="bbox 159 763 1843 836; baseline 0.001 -17"><span class='ocrx_word' id='word_1_50' title='bbox 159 765 515 833; x_wconf 90' lang='grc' dir='ltr'><strong><em>παιδαγωγὸν</em></strong></span> <span class='ocrx_word' id='word_1_51' title='bbox 566 763 657 818; x_wconf 86' lang='grc' dir='ltr'><strong><em>καὶ</em></strong></span> <span class='ocrx_word' id='word_1_52' title='bbox 702 766 1052 835; x_wconf 76' lang='grc' dir='ltr'><strong><em>θεράπαιναν</em></strong></span> <span class='ocrx_word' id='word_1_53' title='bbox 1095 769 1273 835; x_wconf 89' lang='grc' dir='ltr'><strong><em>χιλίας</em></strong></span> <span class='ocrx_word' id='word_1_54' title='bbox 1322 767 1566 836; x_wconf 82' lang='grc' dir='ltr'><strong><em>δραχμὰς</em></strong></span> <span class='ocrx_word' id='word_1_55' title='bbox 1613 765 1843 820; x_wconf 81' lang='grc' dir='ltr'><strong><em>ἑκάστου</em></strong></span> 
     </span>
     <span class='ocr_line' id='line_1_9' title="bbox 162 854 1841 926; baseline 0.001 -19"><span class='ocrx_word' id='word_1_56' title='bbox 162 854 435 922; x_wconf 73' lang='grc' dir='ltr'><strong><em>ἐνιαυτοῦ,</em></strong></span> <span class='ocrx_word' id='word_1_57' title='bbox 474 861 649 926; x_wconf 80' lang='grc' dir='ltr'><strong><em>μικρςό</em></strong></span> <span class='ocrx_word' id='word_1_58' title='bbox 689 856 916 907; x_wconf 82' lang='grc' dir='ltr'><strong><em>ἔλαττον</em></strong></span> <span class='ocrx_word' id='word_1_59' title='bbox 953 854 986 923; x_wconf 80' lang='grc' dir='ltr'>ἢ</span> <span class='ocrx_word' id='word_1_60' title='bbox 1026 863 1172 925; x_wconf 90' lang='grc' dir='ltr'><strong><em>τρεῖς</em></strong></span> <span class='ocrx_word' id='word_1_61' title='bbox 1210 855 1453 925; x_wconf 83' lang='grc' dir='ltr'><strong><em>δραχμὰς</em></strong></span> <span class='ocrx_word' id='word_1_62' title='bbox 1494 862 1589 923; x_wconf 82' lang='grc' dir='ltr'><strong><em>τῆς</em></strong></span> <span class='ocrx_word' id='word_1_63' title='bbox 1626 854 1841 925; x_wconf 83' lang='grc' dir='ltr'><strong><em>ἡμέρας.</em></strong></span> 
     </span>
     <span class='ocr_line' id='line_1_10' title="bbox 162 939 1848 1015; baseline 0.001 -20"><span class='ocrx_word' id='word_1_64' title='bbox 162 942 222 995; x_wconf 84' lang='grc' dir='ltr'><strong><em>ἐν</em></strong></span> <span class='ocrx_word' id='word_1_65' title='bbox 262 943 400 996; x_wconf 84' lang='grc' dir='ltr'><strong><em>ὀκτὼ</em></strong></span> <span class='ocrx_word' id='word_1_66' title='bbox 440 939 599 995; x_wconf 82' lang='grc' dir='ltr'><strong><em>αὗται</em></strong></span> <span class='ocrx_word' id='word_1_67' title='bbox 639 945 818 996; x_wconf 84' lang='grc' dir='ltr'><strong><em>ἔτεσιν</em></strong></span> <span class='ocrx_word' id='word_1_68' title='bbox 855 947 1141 1011; x_wconf 85' lang='grc' dir='ltr'><strong><em>γίγνονται</em></strong></span> <span class='ocrx_word' id='word_1_69' title='bbox 1181 943 1575 1013; x_wconf 82' lang='grc' dir='ltr'><strong><em>ὀκτακισχίλιαι</em></strong></span> <span class='ocrx_word' id='word_1_70' title='bbox 1606 946 1848 1015; x_wconf 88' lang='grc' dir='ltr'><strong><em>δραχμαί</em></strong></span> 
     </span>
     <span class='ocr_line' id='line_1_11' title="bbox 73 1030 1909 1102; baseline -0.001 -18"><span class='ocrx_word' id='word_1_71' title='bbox 73 1045 157 1085; x_wconf 84' lang='grc'>518</span> <span class='ocrx_word' id='word_1_72' title='bbox 184 1073 371 1084; x_wconf 92' lang='grc'><strong>.....</strong></span> <span class='ocrx_word' id='word_1_73' title='bbox 409 1031 414 1102; x_wconf 69' lang='grc' dir='ltr'>ξ</span> <span class='ocrx_word' id='word_1_74' title='bbox 451 1031 504 1095; x_wconf 76' lang='grc' dir='ltr'><strong><em>ἓξ</em></strong></span> <span class='ocrx_word' id='word_1_75' title='bbox 537 1032 774 1084; x_wconf 91' lang='grc' dir='ltr'><strong><em>τάλαντα</em></strong></span> <span class='ocrx_word' id='word_1_76' title='bbox 804 1034 1065 1102; x_wconf 86' lang='grc' dir='ltr'><strong><em>περιόντα</em></strong></span> <span class='ocrx_word' id='word_1_77' title='bbox 1096 1041 1207 1084; x_wconf 91' lang='grc' dir='ltr'><strong><em>τῶν</em></strong></span> <span class='ocrx_word' id='word_1_78' title='bbox 1239 1030 1371 1085; x_wconf 80' lang='grc' dir='ltr'><strong><em>ἑπτὰ</em></strong></span> <span class='ocrx_word' id='word_1_79' title='bbox 1414 1033 1713 1101; x_wconf 77' lang='grc' dir='ltr'><strong><em>ταλάντων,</em></strong></span> <span class='ocrx_word' id='word_1_80' title='bbox 1751 1032 1841 1086; x_wconf 85' lang='grc' dir='ltr'><strong><em>καὶ</em></strong></span> <span class='ocrx_word' id='word_1_81' title='bbox 1867 1051 1909 1082; x_wconf 91' lang='lat'><strong><em>10</em></strong></span> 
     </span>
    </p>

    <p class='ocr_par' dir='ltr' id='par_1_3' title="bbox 162 1120 1844 1191">
     <span class='ocr_line' id='line_1_12' title="bbox 162 1120 1844 1191; baseline 0.001 -18"><span class='ocrx_word' id='word_1_82' title='bbox 162 1126 334 1174; x_wconf 80' lang='grc' dir='ltr'><strong><em>εἴκοσι</em></strong></span> <span class='ocrx_word' id='word_1_83' title='bbox 388 1129 521 1189; x_wconf 87' lang='grc' dir='ltr'><strong><em>μναῖ</em></strong></span> <span class='ocrx_word' id='word_1_84' title='bbox 573 1120 722 1187; x_wconf 89' lang='grc' dir='ltr'><strong><em>&lt;τῶν</em></strong></span> <span class='ocrx_word' id='word_1_85' title='bbox 770 1121 1166 1190; x_wconf 86' lang='grc' dir='ltr'><strong><em>τετταράκοντα</em></strong></span> <span class='ocrx_word' id='word_1_86' title='bbox 1218 1122 1424 1189; x_wconf 79' lang='grc' dir='ltr'><strong><em>μνῶν).</em></strong></span> <span class='ocrx_word' id='word_1_87' title='bbox 1501 1121 1568 1174; x_wconf 86' lang='grc' dir='ltr'><strong><em>οὐ</em></strong></span> <span class='ocrx_word' id='word_1_88' title='bbox 1618 1123 1722 1191; x_wconf 80' lang='grc' dir='ltr'><strong><em>γὰρ</em></strong></span> <span class='ocrx_word' id='word_1_89' title='bbox 1773 1121 1844 1174; x_wconf 80' lang='grc' dir='ltr'><strong><em>ἂν</em></strong></span> 
     </span>
    </p>

    <p class='ocr_par' dir='ltr' id='par_1_4' title="bbox 161 1207 1843 1279">
     <span class='ocr_line' id='line_1_13' title="bbox 161 1207 1843 1279; baseline 0.001 -17"><span class='ocrx_word' id='word_1_90' title='bbox 161 1211 392 1263; x_wconf 88' lang='grc' dir='ltr'><strong><em>δύναιτο</em></strong></span> <span class='ocrx_word' id='word_1_91' title='bbox 432 1207 712 1272; x_wconf 83' lang='grc' dir='ltr'><strong><em>ἀποδεῖξαι</em></strong></span> <span class='ocrx_word' id='word_1_92' title='bbox 753 1207 883 1261; x_wconf 82' lang='grc' dir='ltr'><strong><em>οὔθ’</em></strong></span> <span class='ocrx_word' id='word_1_93' title='bbox 921 1209 1028 1261; x_wconf 87' lang='grc' dir='ltr'><strong><em>ὑπὸ</em></strong></span> <span class='ocrx_word' id='word_1_94' title='bbox 1069 1213 1286 1279; x_wconf 83' lang='grc' dir='ltr'><strong><em>λῃστῶν</em></strong></span> <span class='ocrx_word' id='word_1_95' title='bbox 1324 1209 1682 1272; x_wconf 85' lang='grc' dir='ltr'><strong><em>ἀπολωλεκὼς</em></strong></span> <span class='ocrx_word' id='word_1_96' title='bbox 1717 1211 1843 1263; x_wconf 82' lang='grc' dir='ltr'><strong><em>οὕτε</em></strong></span> 
     </span>
    </p>

    <p class='ocr_par' dir='ltr' id='par_1_5' title="bbox 163 1298 1647 1368">
     <span class='ocr_line' id='line_1_14' title="bbox 163 1298 1647 1368; baseline 0.001 -18"><span class='ocrx_word' id='word_1_97' title='bbox 163 1302 357 1368; x_wconf 80' lang='grc' dir='ltr'><strong><em>ζημίαν</em></strong></span> <span class='ocrx_word' id='word_1_98' title='bbox 395 1298 634 1366; x_wconf 84' lang='grc' dir='ltr'><strong><em>εἰληφὼς</em></strong></span> <span class='ocrx_word' id='word_1_99' title='bbox 672 1298 798 1350; x_wconf 81' lang='grc' dir='ltr'><strong><em>οὔτε</em></strong></span> <span class='ocrx_word' id='word_1_100' title='bbox 836 1299 1095 1367; x_wconf 87' lang='grc' dir='ltr'><strong><em>χρήσταις</em></strong></span> <span class='ocrx_word' id='word_1_101' title='bbox 1134 1298 1528 1360; x_wconf 74' lang='grc' dir='ltr'><strong><em>ἀποδεδωκώςῖ</em></strong></span> <span class='ocrx_word' id='word_1_102' title='bbox 1562 1339 1573 1351; x_wconf 92' lang='grc'><strong>.</strong></span> <span class='ocrx_word' id='word_1_103' title='bbox 1599 1340 1610 1351; x_wconf 90' lang='grc'><strong>.</strong></span> <span class='ocrx_word' id='word_1_104' title='bbox 1635 1339 1647 1351; x_wconf 92' lang='grc'><strong>.</strong></span> 
     </span>
    </p>

    <p class='ocr_par' dir='ltr' id='par_1_6' title="bbox 274 1383 1930 1456">
     <span class='ocr_line' id='line_1_15' title="bbox 274 1383 1930 1456; baseline 0.002 -18"><span class='ocrx_word' id='word_1_105' title='bbox 274 1386 333 1439; x_wconf 81' lang='grc' dir='ltr'><strong><em>ἐν</em></strong></span> <span class='ocrx_word' id='word_1_106' title='bbox 372 1383 472 1456; x_wconf 76' lang='grc' dir='ltr'><strong><em>μὲν</em></strong></span> <span class='ocrx_word' id='word_1_107' title='bbox 511 1387 578 1454; x_wconf 85' lang='grc' dir='ltr'><strong><em>δὴ</em></strong></span> <span class='ocrx_word' id='word_1_108' title='bbox 626 1395 740 1448; x_wconf 89' lang='grc' dir='ltr'><strong><em>τοῖς</em></strong></span> <span class='ocrx_word' id='word_1_109' title='bbox 787 1387 1092 1448; x_wconf 78' lang='grc' dir='ltr'><strong><em>δικανικοῖς</em></strong></span> <span class='ocrx_word' id='word_1_110' title='bbox 1138 1389 1325 1454; x_wconf 81' lang='grc' dir='ltr'><strong><em>λόγοις</em></strong></span> <span class='ocrx_word' id='word_1_111' title='bbox 1363 1387 1647 1453; x_wconf 86' lang='grc' dir='ltr'><strong><em>&lt;τοιοῦτός</em></strong></span> <span class='ocrx_word' id='word_1_112' title='bbox 1692 1407 1775 1449; x_wconf 91' lang='grc' dir='ltr'><strong><em>τις</em></strong></span> <span class='ocrx_word' id='word_1_113' title='bbox 1812 1386 1930 1442; x_wconf 81' lang='grc' dir='ltr'><strong><em>ὁ28</em></strong></span> 
     </span>
    </p>

    <p class='ocr_par' dir='ltr' id='par_1_7' title="bbox 73 1471 1910 2077">
     <span class='ocr_line' id='line_1_16' title="bbox 160 1471 1910 1546; baseline -0.001 -18"><span class='ocrx_word' id='word_1_114' title='bbox 160 1475 299 1546; x_wconf 86' lang='grc' dir='ltr'><strong><em>ἀνήρ</em></strong></span> <span class='ocrx_word' id='word_1_115' title='bbox 353 1475 526 1542; x_wconf 86' lang='grc' dir='ltr'><strong><em>ἐστιν,</em></strong></span> <span class='ocrx_word' id='word_1_116' title='bbox 581 1474 640 1528; x_wconf 81' lang='grc' dir='ltr'><strong><em>ἐν</em></strong></span> <span class='ocrx_word' id='word_1_117' title='bbox 694 1471 754 1527; x_wconf 77' lang='grc' dir='ltr'><strong><em>δὲ</em></strong></span> <span class='ocrx_word' id='word_1_118' title='bbox 807 1483 923 1537; x_wconf 88' lang='grc' dir='ltr'><strong><em>τοῖς</em></strong></span> <span class='ocrx_word' id='word_1_119' title='bbox 977 1474 1392 1542; x_wconf 82' lang='grc' dir='ltr'><strong><em>ἐπιδεικτικοῐς&gt;</em></strong></span> <span class='ocrx_word' id='word_1_120' title='bbox 1446 1476 1842 1546; x_wconf 84' lang='grc' dir='ltr'><strong><em>μαλακώτερος,</em></strong></span> <span class='ocrx_word' id='word_1_121' title='bbox 1868 1493 1910 1525; x_wconf 83' lang='grc'>15</span> 
     </span>
     <span class='ocr_line' id='line_1_17' title="bbox 73 1560 1843 1635; baseline 0.001 -21"><span class='ocrx_word' id='word_1_122' title='bbox 73 1575 159 1614; x_wconf 87' lang='grc'>519</span> <span class='ocrx_word' id='word_1_123' title='bbox 185 1566 365 1635; x_wconf 83' lang='grc' dir='ltr'><strong><em>ὥσπερ</em></strong></span> <span class='ocrx_word' id='word_1_124' title='bbox 406 1566 560 1633; x_wconf 80' lang='grc' dir='ltr'><strong><em>ἔφην.</em></strong></span> <span class='ocrx_word' id='word_1_125' title='bbox 622 1564 878 1632; x_wconf 88' lang='grc' dir='ltr'><strong><em>βούλεται</em></strong></span> <span class='ocrx_word' id='word_1_126' title='bbox 918 1560 1019 1632; x_wconf 75' lang='grc' dir='ltr'><strong><em>μὲν</em></strong></span> <span class='ocrx_word' id='word_1_127' title='bbox 1057 1565 1161 1634; x_wconf 84' lang='grc' dir='ltr'><strong><em>γὰρ</em></strong></span> <span class='ocrx_word' id='word_1_128' title='bbox 1193 1564 1534 1634; x_wconf 83' lang='grc' dir='ltr'><strong><em>ὑψηλότερος</em></strong></span> <span class='ocrx_word' id='word_1_129' title='bbox 1566 1560 1722 1634; x_wconf 42' lang='grc' dir='ltr'><strong><em>εἶῖναι</em></strong></span> <span class='ocrx_word' id='word_1_130' title='bbox 1753 1562 1843 1616; x_wconf 87' lang='grc' dir='ltr'><strong><em>καὶ</em></strong></span> 
     </span>
     <span class='ocr_line' id='line_1_18' title="bbox 161 1651 1844 1723; baseline -0.001 -17"><span class='ocrx_word' id='word_1_131' title='bbox 161 1651 729 1723; x_wconf 80' lang='grc' dir='ltr'><strong><em>μεγαλοπρεπέστερος</em></strong></span> <span class='ocrx_word' id='word_1_132' title='bbox 760 1651 850 1704; x_wconf 85' lang='grc' dir='ltr'><strong><em>καὶ</em></strong></span> <span class='ocrx_word' id='word_1_133' title='bbox 881 1661 993 1704; x_wconf 91' lang='grc' dir='ltr'><strong><em>τῶν</em></strong></span> <span class='ocrx_word' id='word_1_134' title='bbox 1023 1672 1084 1720; x_wconf 89' lang='grc' dir='ltr'><strong><em>γε</em></strong></span> <span class='ocrx_word' id='word_1_135' title='bbox 1115 1651 1246 1705; x_wconf 86' lang='grc' dir='ltr'><strong><em>καθ’</em></strong></span> <span class='ocrx_word' id='word_1_136' title='bbox 1280 1651 1478 1705; x_wconf 76' lang='grc' dir='ltr'><strong><em>ἑαυτὸν</em></strong></span> <span class='ocrx_word' id='word_1_137' title='bbox 1508 1652 1540 1720; x_wconf 80' lang='grc' dir='ltr'>ἢ</span> <span class='ocrx_word' id='word_1_138' title='bbox 1572 1654 1844 1722; x_wconf 90' lang='grc' dir='ltr'><strong><em>πρότερον</em></strong></span> 
     </span>
     <span class='ocr_line' id='line_1_19' title="bbox 163 1737 1843 1811; baseline -0.001 -17"><span class='ocrx_word' id='word_1_139' title='bbox 163 1742 413 1811; x_wconf 80' lang='grc' dir='ltr'><strong><em>ρητόρων</em></strong></span> <span class='ocrx_word' id='word_1_140' title='bbox 451 1740 813 1809; x_wconf 75' lang='grc' dir='ltr'><strong><em>ἀκμασάντων</em></strong></span> <span class='ocrx_word' id='word_1_141' title='bbox 850 1739 1087 1803; x_wconf 89' lang='grc' dir='ltr'><strong><em>οὐθενὸς</em></strong></span> <span class='ocrx_word' id='word_1_142' title='bbox 1125 1739 1196 1793; x_wconf 76' lang='grc' dir='ltr'><strong><em>ἂν</em></strong></span> <span class='ocrx_word' id='word_1_143' title='bbox 1235 1740 1446 1805; x_wconf 80' lang='grc' dir='ltr'><strong><em>δόξειεν</em></strong></span> <span class='ocrx_word' id='word_1_144' title='bbox 1492 1737 1634 1794; x_wconf 84' lang='grc' dir='ltr'><strong><em>εἶναι</em></strong></span> <span class='ocrx_word' id='word_1_145' title='bbox 1683 1759 1843 1792; x_wconf 87' lang='grc' dir='ltr'><strong><em>κατα-</em></strong></span> 
     </span>
     <span class='ocr_line' id='line_1_20' title="bbox 163 1826 1843 1900; baseline -0.001 -18"><span class='ocrx_word' id='word_1_146' title='bbox 163 1829 467 1900; x_wconf 85' lang='grc' dir='ltr'><strong><em>δεέστερος,</em></strong></span> <span class='ocrx_word' id='word_1_147' title='bbox 515 1829 581 1882; x_wconf 86' lang='grc' dir='ltr'><strong><em>οὐ</em></strong></span> <span class='ocrx_word' id='word_1_148' title='bbox 622 1830 878 1898; x_wconf 82' lang='grc' dir='ltr'><strong><em>διεγείρει</em></strong></span> <span class='ocrx_word' id='word_1_149' title='bbox 918 1826 979 1882; x_wconf 76' lang='grc' dir='ltr'><strong><em>δὲ</em></strong></span> <span class='ocrx_word' id='word_1_150' title='bbox 1025 1830 1123 1882; x_wconf 89' lang='grc' dir='ltr'><strong><em>τὸν</em></strong></span> <span class='ocrx_word' id='word_1_151' title='bbox 1169 1829 1443 1899; x_wconf 88' lang='grc' dir='ltr'><strong><em>ἀκροατὴν</em></strong></span> <span class='ocrx_word' id='word_1_152' title='bbox 1489 1831 1670 1899; x_wconf 80' lang='grc' dir='ltr'><strong><em>ὥσπερ</em></strong></span> <span class='ocrx_word' id='word_1_153' title='bbox 1709 1828 1843 1882; x_wconf 86' lang='grc' dir='ltr'><strong><em>Ἰσο-</em></strong></span> 
     </span>
     <span class='ocr_line' id='line_1_21' title="bbox 162 1915 1910 1990; baseline -0.002 -19"><span class='ocrx_word' id='word_1_154' title='bbox 162 1920 362 1990; x_wconf 88' lang='grc' dir='ltr'><strong><em>κράτης</em></strong></span> <span class='ocrx_word' id='word_1_155' title='bbox 402 1917 457 1987; x_wconf 82' lang='grc' dir='ltr'><strong><em>[ἢ</em></strong></span> <span class='ocrx_word' id='word_1_156' title='bbox 497 1916 902 1987; x_wconf 84' lang='grc' dir='ltr'><strong><em>Δημοσθένης].</em></strong></span> <span class='ocrx_word' id='word_1_157' title='bbox 972 1919 1131 1986; x_wconf 83' lang='grc' dir='ltr'><strong><em>θήσω</em></strong></span> <span class='ocrx_word' id='word_1_158' title='bbox 1172 1915 1232 1970; x_wconf 76' lang='grc' dir='ltr'><strong><em>δὲ</em></strong></span> <span class='ocrx_word' id='word_1_159' title='bbox 1278 1917 1367 1970; x_wconf 87' lang='grc' dir='ltr'><strong><em>καὶ</em></strong></span> <span class='ocrx_word' id='word_1_160' title='bbox 1415 1919 1628 1972; x_wconf 87' lang='grc' dir='ltr'><strong><em>τούτων</em></strong></span> <span class='ocrx_word' id='word_1_161' title='bbox 1672 1919 1843 1988; x_wconf 90' lang='grc' dir='ltr'><strong><em>παρά-</em></strong></span> <span class='ocrx_word' id='word_1_162' title='bbox 1868 1936 1910 1967; x_wconf 73' lang='lat'><strong><em>20</em></strong></span> 
     </span>
     <span class='ocr_line' id='line_1_22' title="bbox 162 2009 372 2077; baseline -0.005 -17"><span class='ocrx_word' id='word_1_163' title='bbox 162 2009 372 2077; x_wconf 91' lang='grc' dir='ltr'><strong><em>δειγμα.</em></strong></span> 
     </span>
    </p>

    <p class='ocr_par' dir='ltr' id='par_1_8' title="bbox 162 2088 1929 2254">
     <span class='ocr_line' id='line_1_23' title="bbox 274 2088 1929 2166; baseline 0.001 -18"><span class='ocrx_word' id='word_1_164' title='bbox 274 2098 388 2148; x_wconf 84' lang='grc' dir='ltr'><strong><em>ἔστι</em></strong></span> <span class='ocrx_word' id='word_1_165' title='bbox 427 2097 496 2163; x_wconf 83' lang='grc' dir='ltr'><strong><em>δή</em></strong></span> <span class='ocrx_word' id='word_1_166' title='bbox 534 2115 617 2157; x_wconf 90' lang='grc' dir='ltr'><strong><em>τις</em></strong></span> <span class='ocrx_word' id='word_1_167' title='bbox 655 2095 803 2166; x_wconf 76' lang='grc' dir='ltr'><strong><em>αὐτῷ</em></strong></span> <span class='ocrx_word' id='word_1_168' title='bbox 840 2095 1214 2165; x_wconf 85' lang='grc' dir='ltr'><strong><em>πανηγυρικὸς</em></strong></span> <span class='ocrx_word' id='word_1_169' title='bbox 1253 2097 1438 2163; x_wconf 88' lang='grc' dir='ltr'><strong><em>λόγος,</em></strong></span> <span class='ocrx_word' id='word_1_170' title='bbox 1480 2095 1540 2148; x_wconf 85' lang='grc' dir='ltr'><strong><em>ἐν</em></strong></span> <span class='ocrx_word' id='word_1_171' title='bbox 1580 2088 1622 2166; x_wconf 75' lang='grc' dir='ltr'><em>ᾧ</em></span> <span class='ocrx_word' id='word_1_172' title='bbox 1659 2099 1842 2148; x_wconf 81' lang='grc' dir='ltr'><strong><em>πείθει</em></strong></span> <span class='ocrx_word' id='word_1_173' title='bbox 1861 2098 1929 2150; x_wconf 78' lang='grc'><strong><em>29</em></strong></span> 
     </span>
     <span class='ocr_line' id='line_1_24' title="bbox 162 2181 1844 2254; baseline 0 -17"><span class='ocrx_word' id='word_1_174' title='bbox 162 2186 292 2247; x_wconf 87' lang='grc' dir='ltr'><strong><em>τοὺς</em></strong></span> <span class='ocrx_word' id='word_1_175' title='bbox 327 2183 596 2252; x_wconf 69' lang='grc' dir='ltr'><strong><em>”Ἐλληνας</em></strong></span> <span class='ocrx_word' id='word_1_176' title='bbox 649 2181 919 2252; x_wconf 81' lang='grc' dir='ltr'><strong><em>ἀγομένης</em></strong></span> <span class='ocrx_word' id='word_1_177' title='bbox 963 2181 1287 2251; x_wconf 90' lang='grc' dir='ltr'><strong><em>Ὀλυμπιάσι</em></strong></span> <span class='ocrx_word' id='word_1_178' title='bbox 1342 2190 1436 2251; x_wconf 84' lang='grc' dir='ltr'><strong><em>τῆς</em></strong></span> <span class='ocrx_word' id='word_1_179' title='bbox 1488 2185 1844 2254; x_wconf 86' lang='grc' dir='ltr'><strong><em>πανηγύρεως</em></strong></span> 
     </span>
    </p>
   </div>
   <div class='ocr_carea' id='block_1_3' title="bbox 0 0 95 1961">
    <p class='ocr_par' dir='ltr' id='par_1_9' title="bbox 0 0 95 1961">
     <span class='ocr_line' id='line_1_25' title="bbox 0 0 95 1961; baseline 0 0"><span class='ocrx_word' id='word_1_180' title='bbox 0 0 95 1961; x_wconf 95' lang='lat' dir='ltr'><strong><em> </em></strong></span> 
     </span>
    </p>
   </div>
   <div class='ocr_carea' id='block_1_4' title="bbox 162 2312 1844 2961">
    <p class='ocr_par' dir='ltr' id='par_1_10' title="bbox 162 2312 1844 2607">
     <span class='ocr_line' id='line_1_26' title="bbox 284 2312 1844 2371; baseline 0.001 -13"><span class='ocrx_word' id='word_1_181' title='bbox 284 2320 305 2357; x_wconf 92' lang='grc'>1</span> <span class='ocrx_word' id='word_1_182' title='bbox 348 2314 516 2369; x_wconf 78' lang='grc' dir='ltr'><strong><em>ἄνδρες</em></strong></span> <span class='ocrx_word' id='word_1_183' title='bbox 554 2314 647 2356; x_wconf 84' lang='lat' dir='ltr'><strong><em>add</em></strong></span> <span class='ocrx_word' id='word_1_184' title='bbox 686 2313 967 2356; x_wconf 87' lang='lat' dir='ltr'><strong>Herwerden</strong></span> <span class='ocrx_word' id='word_1_185' title='bbox 1088 2319 1113 2355; x_wconf 82' lang='lat'>2</span> <span class='ocrx_word' id='word_1_186' title='bbox 1155 2312 1434 2370; x_wconf 79' lang='grc' dir='ltr'><strong><em>ὁμολόγησεν</em></strong></span> <span class='ocrx_word' id='word_1_187' title='bbox 1465 2314 1598 2358; x_wconf 87' lang='lat' dir='ltr'><strong><em>PBG</em></strong></span> <span class='ocrx_word' id='word_1_188' title='bbox 1647 2316 1652 2371; x_wconf 89' lang='grc' dir='ltr'>Ι</span> <span class='ocrx_word' id='word_1_189' title='bbox 1703 2315 1844 2366; x_wconf 83' lang='grc' dir='ltr'><strong><em>αὐτὸς</em></strong></span> 
     </span>
     <span class='ocr_line' id='line_1_27' title="bbox 166 2370 1843 2432; baseline 0.001 -15"><span class='ocrx_word' id='word_1_190' title='bbox 166 2373 287 2432; x_wconf 79' lang='grc' dir='ltr'><strong><em>ἔχειν</em></strong></span> <span class='ocrx_word' id='word_1_191' title='bbox 319 2373 396 2417; x_wconf 86' lang='lat' dir='ltr'><strong><em>Gv</em></strong></span> <span class='ocrx_word' id='word_1_192' title='bbox 479 2378 504 2415; x_wconf 87' lang='grc'><strong><em>3</em></strong></span> <span class='ocrx_word' id='word_1_193' title='bbox 538 2374 690 2416; x_wconf 85' lang='grc' dir='ltr'><strong><em>αὐτῶν</em></strong></span> <span class='ocrx_word' id='word_1_194' title='bbox 716 2372 793 2415; x_wconf 80' lang='lat' dir='ltr'><strong><em>Gv</em></strong></span> <span class='ocrx_word' id='word_1_195' title='bbox 879 2377 902 2414; x_wconf 85' lang='lat'>7</span> <span class='ocrx_word' id='word_1_196' title='bbox 937 2370 1110 2416; x_wconf 81' lang='grc' dir='ltr'><strong><em>ἑκάστω</em></strong></span> <span class='ocrx_word' id='word_1_197' title='bbox 1134 2372 1183 2415; x_wconf 89' lang='grc' dir='ltr'>Μ</span> <span class='ocrx_word' id='word_1_198' title='bbox 1266 2377 1292 2415; x_wconf 90' lang='grc'>8</span> <span class='ocrx_word' id='word_1_199' title='bbox 1326 2372 1541 2417; x_wconf 80' lang='grc' dir='ltr'><strong><em>ἐνιαυτοῦ</em></strong></span> <span class='ocrx_word' id='word_1_200' title='bbox 1567 2387 1622 2417; x_wconf 85' lang='lat' dir='ltr'><strong><em>ex</em></strong></span> <span class='ocrx_word' id='word_1_201' title='bbox 1647 2373 1843 2418; x_wconf 81' lang='grc' dir='ltr'><strong><em>ἐνιαυτῶ</em></strong></span> 
     </span>
     <span class='ocr_line' id='line_1_28' title="bbox 162 2427 1843 2489; baseline 0 -12"><span class='ocrx_word' id='word_1_202' title='bbox 162 2436 215 2477; x_wconf 75' lang='lat' dir='ltr'><strong><em>ut</em></strong></span> <span class='ocrx_word' id='word_1_203' title='bbox 245 2433 433 2477; x_wconf 79' lang='lat' dir='ltr'><strong>uidetur</strong></span> <span class='ocrx_word' id='word_1_204' title='bbox 463 2433 511 2475; x_wconf 92' lang='lat' dir='ltr'>M</span> <span class='ocrx_word' id='word_1_205' title='bbox 602 2436 627 2474; x_wconf 88' lang='grc'><strong>9</strong></span> <span class='ocrx_word' id='word_1_206' title='bbox 661 2431 798 2474; x_wconf 70' lang='grc' dir='ltr'><strong><em>αὗται</em></strong></span> <span class='ocrx_word' id='word_1_207' title='bbox 833 2430 947 2474; x_wconf 77' lang='grc' dir='ltr'><strong><em>ἔτεσι</em></strong></span> <span class='ocrx_word' id='word_1_208' title='bbox 971 2431 1006 2474; x_wconf 83' lang='lat' dir='ltr'><strong>F</strong></span> <span class='ocrx_word' id='word_1_209' title='bbox 1056 2430 1200 2475; x_wconf 79' lang='grc' dir='ltr'><strong><em>ἔτεσιν</em></strong></span> <span class='ocrx_word' id='word_1_210' title='bbox 1232 2427 1370 2475; x_wconf 85' lang='grc' dir='ltr'><strong><em>αὗται</em></strong></span> <span class='ocrx_word' id='word_1_211' title='bbox 1393 2432 1572 2476; x_wconf 84' lang='lat' dir='ltr'><strong>MPBv</strong></span> <span class='ocrx_word' id='word_1_212' title='bbox 1600 2434 1605 2489; x_wconf 92' lang='grc' dir='ltr'>Ι</span> <span class='ocrx_word' id='word_1_213' title='bbox 1634 2430 1843 2489; x_wconf 80' lang='grc' dir='ltr'><strong><em>γίνονται</em></strong></span> 
     </span>
     <span class='ocr_line' id='line_1_29' title="bbox 163 2488 1842 2543; baseline 0 -7"><span class='ocrx_word' id='word_1_214' title='bbox 163 2491 288 2536; x_wconf 79' lang='lat' dir='ltr'><strong><em>FGv</em></strong></span> <span class='ocrx_word' id='word_1_215' title='bbox 379 2497 435 2535; x_wconf 89' lang='lat'><strong><em>10</em></strong></span> <span class='ocrx_word' id='word_1_216' title='bbox 465 2491 546 2536; x_wconf 84' lang='grc' dir='ltr'><strong><em>καὶ</em></strong></span> <span class='ocrx_word' id='word_1_217' title='bbox 569 2488 934 2535; x_wconf 80' lang='grc' dir='ltr'><strong><em>ἀποδείκνυνται</em></strong></span> <span class='ocrx_word' id='word_1_218' title='bbox 965 2492 1073 2534; x_wconf 69' lang='lat' dir='ltr'><strong>ante</strong></span> <span class='ocrx_word' id='word_1_219' title='bbox 1099 2489 1145 2543; x_wconf 82' lang='grc' dir='ltr'><strong><em>ἓξ</em></strong></span> <span class='ocrx_word' id='word_1_220' title='bbox 1177 2490 1343 2534; x_wconf 76' lang='lat' dir='ltr'><strong>inserit</strong></span> <span class='ocrx_word' id='word_1_221' title='bbox 1367 2490 1444 2534; x_wconf 87' lang='lat' dir='ltr'><strong><em>Gv</em></strong></span> <span class='ocrx_word' id='word_1_222' title='bbox 1539 2497 1590 2534; x_wconf 92' lang='lat'><strong><em>11</em></strong></span> <span class='ocrx_word' id='word_1_223' title='bbox 1625 2500 1716 2536; x_wconf 87' lang='grc' dir='ltr'><strong><em>τῶν</em></strong></span> <span class='ocrx_word' id='word_1_224' title='bbox 1747 2508 1842 2536; x_wconf 85' lang='grc' dir='ltr'><strong><em>τετ-</em></strong></span> 
     </span>
     <span class='ocr_line' id='line_1_30' title="bbox 162 2548 1724 2608; baseline 0 -14"><span class='ocrx_word' id='word_1_225' title='bbox 162 2549 427 2607; x_wconf 82' lang='grc' dir='ltr'><strong><em>ταράκοντα</em></strong></span> <span class='ocrx_word' id='word_1_226' title='bbox 451 2558 578 2606; x_wconf 88' lang='grc' dir='ltr'><strong><em>μνῶν</em></strong></span> <span class='ocrx_word' id='word_1_227' title='bbox 611 2550 705 2594; x_wconf 85' lang='lat' dir='ltr'><strong><em>add</em></strong></span> <span class='ocrx_word' id='word_1_228' title='bbox 729 2548 1033 2592; x_wconf 84' lang='lat' dir='ltr'>Marklandus</span> <span class='ocrx_word' id='word_1_229' title='bbox 1126 2554 1180 2592; x_wconf 79' lang='lat'><strong><em>12</em></strong></span> <span class='ocrx_word' id='word_1_230' title='bbox 1213 2557 1302 2593; x_wconf 91' lang='grc' dir='ltr'><strong><em>τῶν</em></strong></span> <span class='ocrx_word' id='word_1_231' title='bbox 1326 2552 1500 2608; x_wconf 85' lang='grc' dir='ltr'><strong><em>λῃστῶν</em></strong></span> <span class='ocrx_word' id='word_1_232' title='bbox 1525 2566 1555 2594; x_wconf 84' lang='lat' dir='ltr'><strong>v</strong></span> <span class='ocrx_word' id='word_1_233' title='bbox 1579 2553 1644 2606; x_wconf 71' lang='lat' dir='ltr'><strong><em>(eb</em></strong></span> <span class='ocrx_word' id='word_1_234' title='bbox 1667 2551 1724 2607; x_wconf 92' lang='lat' dir='ltr'><strong><em>A)</em></strong></span> 
     </span>
    </p>

    <p class='ocr_par' dir='ltr' id='par_1_11' title="bbox 163 2607 1841 2725">
     <span class='ocr_line' id='line_1_31' title="bbox 166 2607 1841 2668; baseline 0.001 -15"><span class='ocrx_word' id='word_1_235' title='bbox 166 2615 220 2653; x_wconf 87' lang='lat'><strong><em>13</em></strong></span> <span class='ocrx_word' id='word_1_236' title='bbox 251 2610 443 2668; x_wconf 82' lang='grc' dir='ltr'><strong><em>χρήσται</em></strong></span> <span class='ocrx_word' id='word_1_237' title='bbox 473 2611 508 2653; x_wconf 90' lang='grc' dir='ltr'><strong><em>Ρ</em></strong></span> <span class='ocrx_word' id='word_1_238' title='bbox 632 2614 686 2652; x_wconf 84' lang='grc'>14</span> <span class='ocrx_word' id='word_1_239' title='bbox 725 2608 943 2651; x_wconf 84' lang='lat' dir='ltr'>lacunam</span> <span class='ocrx_word' id='word_1_240' title='bbox 981 2607 1217 2665; x_wconf 77' lang='lat' dir='ltr'><strong>suppleuit</strong></span> <span class='ocrx_word' id='word_1_241' title='bbox 1252 2609 1432 2666; x_wconf 81' lang='lat' dir='ltr'><strong>Krfiger</strong></span> <span class='ocrx_word' id='word_1_242' title='bbox 1555 2615 1609 2653; x_wconf 83' lang='lat'><strong><em>17</em></strong></span> <span class='ocrx_word' id='word_1_243' title='bbox 1649 2613 1841 2666; x_wconf 76' lang='grc' dir='ltr'><strong><em>μεγαλο-</em></strong></span> 
     </span>
     <span class='ocr_line' id='line_1_32' title="bbox 163 2664 1724 2725; baseline 0 -13"><span class='ocrx_word' id='word_1_244' title='bbox 163 2670 467 2725; x_wconf 81' lang='grc' dir='ltr'><strong><em>πρεπέστερος</em></strong></span> <span class='ocrx_word' id='word_1_245' title='bbox 498 2683 547 2714; x_wconf 86' lang='lat' dir='ltr'><strong><em>a:</em></strong></span> <span class='ocrx_word' id='word_1_246' title='bbox 579 2664 1060 2725; x_wconf 81' lang='grc' dir='ltr'><strong><em>μεγαλοπρεπέστατος</em></strong></span> <span class='ocrx_word' id='word_1_247' title='bbox 1089 2667 1199 2711; x_wconf 89' lang='lat' dir='ltr'>libri</span> <span class='ocrx_word' id='word_1_248' title='bbox 1317 2672 1372 2711; x_wconf 83' lang='lat'><strong><em>18</em></strong></span> <span class='ocrx_word' id='word_1_249' title='bbox 1405 2669 1598 2719; x_wconf 80' lang='grc' dir='ltr'><strong><em>οὐδενὸς</em></strong></span> <span class='ocrx_word' id='word_1_250' title='bbox 1629 2669 1724 2712; x_wconf 83' lang='lat' dir='ltr'><strong><em>P¹v</em></strong></span> 
     </span>
    </p>

    <p class='ocr_par' dir='ltr' id='par_1_12' title="bbox 164 2725 1841 2961">
     <span class='ocr_line' id='line_1_33' title="bbox 165 2725 1841 2785; baseline 0 -14"><span class='ocrx_word' id='word_1_251' title='bbox 165 2733 223 2771; x_wconf 81' lang='lat'><strong><em>20</em></strong></span> <span class='ocrx_word' id='word_1_252' title='bbox 253 2727 281 2784; x_wconf 83' lang='grc' dir='ltr'>ἢ</span> <span class='ocrx_word' id='word_1_253' title='bbox 314 2725 622 2785; x_wconf 81' lang='grc' dir='ltr'><strong><em>Δημοσθένης</em></strong></span> <span class='ocrx_word' id='word_1_254' title='bbox 653 2726 820 2781; x_wconf 87' lang='lat' dir='ltr'><strong>deleui‚</strong></span> <span class='ocrx_word' id='word_1_255' title='bbox 851 2739 1001 2781; x_wconf 86' lang='lat' dir='ltr'><strong>neque</strong></span> <span class='ocrx_word' id='word_1_256' title='bbox 1037 2726 1161 2770; x_wconf 88' lang='lat' dir='ltr'><strong>enim</strong></span> <span class='ocrx_word' id='word_1_257' title='bbox 1194 2726 1529 2778; x_wconf 79' lang='grc' dir='ltr'><strong><em>ἐπιδεικτικοὺς</em></strong></span> <span class='ocrx_word' id='word_1_258' title='bbox 1566 2727 1729 2784; x_wconf 86' lang='grc' dir='ltr'><strong><em>λόγους</em></strong></span> <span class='ocrx_word' id='word_1_259' title='bbox 1768 2742 1841 2771; x_wconf 85' lang='lat' dir='ltr'><strong><em>sec</em></strong></span> 
     </span>
     <span class='ocr_line' id='line_1_34' title="bbox 164 2784 1840 2843; baseline 0.001 -14"><span class='ocrx_word' id='word_1_260' title='bbox 164 2785 439 2843; x_wconf 82' lang='lat' dir='ltr'><strong>Dionysium</strong></span> <span class='ocrx_word' id='word_1_261' title='bbox 477 2787 810 2830; x_wconf 74' lang='lat' dir='ltr'><strong>Demosthenes</strong></span> <span class='ocrx_word' id='word_1_262' title='bbox 851 2784 1048 2841; x_wconf 76' lang='lat' dir='ltr'><strong>scripsit.</strong></span> <span class='ocrx_word' id='word_1_263' title='bbox 1104 2788 1187 2829; x_wconf 76' lang='lat' dir='ltr'><strong><em>aut</em></strong></span> <span class='ocrx_word' id='word_1_264' title='bbox 1219 2800 1358 2842; x_wconf 81' lang='lat' dir='ltr'>supra</span> <span class='ocrx_word' id='word_1_265' title='bbox 1389 2786 1638 2843; x_wconf 86' lang='lat' dir='ltr'><strong>legendum</strong></span> <span class='ocrx_word' id='word_1_266' title='bbox 1668 2787 1758 2830; x_wconf 77' lang='lat' dir='ltr'><strong>fuit</strong></span> <span class='ocrx_word' id='word_1_267' title='bbox 1791 2786 1840 2830; x_wconf 80' lang='grc' dir='ltr'><strong><em>ἐν</em></strong></span> 
     </span>
     <span class='ocr_line' id='line_1_35' title="bbox 166 2843 1840 2902; baseline -0.001 -14"><span class='ocrx_word' id='word_1_268' title='bbox 166 2843 218 2888; x_wconf 72' lang='grc' dir='ltr'><strong><em>δὲ</em></strong></span> <span class='ocrx_word' id='word_1_269' title='bbox 242 2853 338 2897; x_wconf 87' lang='grc' dir='ltr'><strong><em>τοῖς</em></strong></span> <span class='ocrx_word' id='word_1_270' title='bbox 363 2846 685 2896; x_wconf 79' lang='grc' dir='ltr'><strong><em>ἐπιδεικτικοῖς</em></strong></span> <span class='ocrx_word' id='word_1_271' title='bbox 707 2861 754 2889; x_wconf 89' lang='grc' dir='ltr'><strong><em>τε</em></strong></span> <span class='ocrx_word' id='word_1_272' title='bbox 778 2844 858 2888; x_wconf 83' lang='grc' dir='ltr'><strong><em>καὶ</em></strong></span> <span class='ocrx_word' id='word_1_273' title='bbox 882 2845 1282 2902; x_wconf 79' lang='grc' dir='ltr'><strong><em>συμβουλευτικοῖς</em></strong></span> <span class='ocrx_word' id='word_1_274' title='bbox 1306 2846 1624 2901; x_wconf 84' lang='grc' dir='ltr'><strong><em>μαλακώτερος</em></strong></span> <span class='ocrx_word' id='word_1_275' title='bbox 1656 2849 1702 2889; x_wconf 72' lang='lat' dir='ltr'><strong><em>et</em></strong></span> <span class='ocrx_word' id='word_1_276' title='bbox 1731 2861 1759 2888; x_wconf 89' lang='lat' dir='ltr'><strong>u</strong></span> <span class='ocrx_word' id='word_1_277' title='bbox 1785 2850 1840 2887; x_wconf 84' lang='lat'><strong><em>20</em></strong></span> 
     </span>
     <span class='ocr_line' id='line_1_36' title="bbox 167 2903 519 2961; baseline 0.009 -16"><span class='ocrx_word' id='word_1_278' title='bbox 167 2903 519 2961; x_wconf 78' lang='grc' dir='ltr'><strong><em>παραδείγματα</em></strong></span> 
     </span>
    </p>
   </div>
  </div>
 </body>
</html>
