<?xml version="1.0" encoding="UTF-8"?>
<!DOCTYPE html PUBLIC "-//W3C//DTD XHTML 1.0 Transitional//EN"
    "http://www.w3.org/TR/xhtml1/DTD/xhtml1-transitional.dtd">
<html xmlns="http://www.w3.org/1999/xhtml" xml:lang="en" lang="en">
 <head>
  <title>
</title>
<meta http-equiv="Content-Type" content="text/html;charset=utf-8" />
  <meta name='ocr-system' content='tesseract 3.04.00' />
  <meta name='ocr-capabilities' content='ocr_page ocr_carea ocr_par ocr_line ocrx_word'/>
</head>
<body>
  <div class='ocr_page' id='page_1' title='image "./quaeexstant05dionuoft_0279.png"; bbox 0 0 2004 3202; ppageno 0'>
   <div class='ocr_carea' id='block_1_1' title="bbox 781 153 1830 206">
    <p class='ocr_par' dir='ltr' id='par_1_1' title="bbox 781 153 1830 206">
     <span class='ocr_line' id='line_1_1' title="bbox 781 153 1830 206; baseline 0.01 -10"><span class='ocrx_word' id='word_1_1' title='bbox 781 153 1204 198; x_wconf 73' lang='grc' dir='ltr'><strong>ΔΗΜΟΣΘΕΝΗΣ</strong></span> <span class='ocrx_word' id='word_1_2' title='bbox 1722 153 1830 206; x_wconf 80' lang='grc'><strong><em>229</em></strong></span> 
     </span>
    </p>
   </div>
   <div class='ocr_carea' id='block_1_2' title="bbox 64 284 1915 2392">
    <p class='ocr_par' dir='ltr' id='par_1_2' title="bbox 64 284 1915 2392">
     <span class='ocr_line' id='line_1_2' title="bbox 152 284 1915 358; baseline -0.001 -16"><span class='ocrx_word' id='word_1_3' title='bbox 152 287 454 353; x_wconf 76' lang='grc' dir='ltr'><em>ἀποδείξεις</em></span> <span class='ocrx_word' id='word_1_4' title='bbox 494 288 594 358; x_wconf 85' lang='grc' dir='ltr'><strong><em>οὐχ</em></strong></span> <span class='ocrx_word' id='word_1_5' title='bbox 626 284 786 351; x_wconf 88' lang='grc' dir='ltr'><strong><em>οὗτος</em></strong></span> <span class='ocrx_word' id='word_1_6' title='bbox 825 288 854 343; x_wconf 88' lang='grc' dir='ltr'>ὁ</span> <span class='ocrx_word' id='word_1_7' title='bbox 886 289 1074 358; x_wconf 89' lang='grc' dir='ltr'><strong><em>καιρὸς</em></strong></span> <span class='ocrx_word' id='word_1_8' title='bbox 1112 285 1306 356; x_wconf 90' lang='grc' dir='ltr'><strong><em>λέγειν.</em></strong></span> <span class='ocrx_word' id='word_1_9' title='bbox 1384 285 1442 339; x_wconf 90' lang='grc' dir='ltr'><strong><em>ἐκ</em></strong></span> <span class='ocrx_word' id='word_1_10' title='bbox 1475 284 1534 339; x_wconf 81' lang='grc' dir='ltr'><strong><em>δὲ</em></strong></span> <span class='ocrx_word' id='word_1_11' title='bbox 1565 297 1675 340; x_wconf 86' lang='grc' dir='ltr'><strong><em>τῶν</em></strong></span> <span class='ocrx_word' id='word_1_12' title='bbox 1707 287 1827 341; x_wconf 85' lang='grc' dir='ltr'><strong><em>ἐνα-</em></strong></span> <span class='ocrx_word' id='word_1_13' title='bbox 1842 285 1915 340; x_wconf 84' lang='grc'><strong><em>45</em></strong></span> 
     </span>
     <span class='ocr_line' id='line_1_3' title="bbox 151 377 1827 447; baseline -0.001 -17"><span class='ocrx_word' id='word_1_14' title='bbox 151 380 369 446; x_wconf 89' lang='grc' dir='ltr'><strong><em>γωνίων</em></strong></span> <span class='ocrx_word' id='word_1_15' title='bbox 407 377 578 431; x_wconf 81' lang='grc' dir='ltr'><strong><em>αὐτοῦ</em></strong></span> <span class='ocrx_word' id='word_1_16' title='bbox 617 380 814 445; x_wconf 88' lang='grc' dir='ltr'><strong><em>λόγων,</em></strong></span> <span class='ocrx_word' id='word_1_17' title='bbox 853 377 1047 431; x_wconf 87' lang='grc' dir='ltr'><strong><em>ὁπόσοι</em></strong></span> <span class='ocrx_word' id='word_1_18' title='bbox 1083 377 1221 447; x_wconf 91' lang='grc' dir='ltr'><strong><em>πρὸς</em></strong></span> <span class='ocrx_word' id='word_1_19' title='bbox 1251 377 1572 446; x_wconf 85' lang='grc' dir='ltr'><strong><em>δικαστήρια</em></strong></span> <span class='ocrx_word' id='word_1_20' title='bbox 1603 379 1827 444; x_wconf 90' lang='grc' dir='ltr'><strong><em>γεγόνα-</em></strong></span> 
     </span>
     <span class='ocr_line' id='line_1_4' title="bbox 153 465 1829 539; baseline -0.002 -20"><span class='ocrx_word' id='word_1_21' title='bbox 153 480 244 519; x_wconf 93' lang='grc' dir='ltr'><strong><em>σιν</em></strong></span> <span class='ocrx_word' id='word_1_22' title='bbox 289 465 321 534; x_wconf 81' lang='grc' dir='ltr'>ἢ</span> <span class='ocrx_word' id='word_1_23' title='bbox 367 467 504 536; x_wconf 91' lang='grc' dir='ltr'><strong><em>πρὸς</em></strong></span> <span class='ocrx_word' id='word_1_24' title='bbox 551 465 856 534; x_wconf 77' lang='grc' dir='ltr'><strong><em>ἐκκλησίας,</em></strong></span> <span class='ocrx_word' id='word_1_25' title='bbox 910 467 1287 535; x_wconf 76' lang='grc' dir='ltr'><strong><em>τεκμαίρομαι,</em></strong></span> <span class='ocrx_word' id='word_1_26' title='bbox 1341 465 1443 539; x_wconf 50' lang='grc' dir='ltr'><strong><em>ὅτιἱ</em></strong></span> <span class='ocrx_word' id='word_1_27' title='bbox 1479 465 1684 534; x_wconf 89' lang='grc' dir='ltr'><strong><em>ταύτην</em></strong></span> <span class='ocrx_word' id='word_1_28' title='bbox 1727 466 1829 532; x_wconf 83' lang='grc' dir='ltr'><strong><em>τὴν</em></strong></span> 
     </span>
     <span class='ocr_line' id='line_1_5' title="bbox 151 551 1830 625; baseline -0.002 -17"><span class='ocrx_word' id='word_1_29' title='bbox 151 555 376 623; x_wconf 86' lang='grc' dir='ltr'><strong><em>γνώμην</em></strong></span> <span class='ocrx_word' id='word_1_30' title='bbox 414 554 442 607; x_wconf 89' lang='grc' dir='ltr'>ὁ</span> <span class='ocrx_word' id='word_1_31' title='bbox 483 554 623 625; x_wconf 88' lang='grc' dir='ltr'><strong><em>ἀνὴρ</em></strong></span> <span class='ocrx_word' id='word_1_32' title='bbox 664 551 822 624; x_wconf 81' lang='grc' dir='ltr'><strong><em>εἶχεν.</em></strong></span> <span class='ocrx_word' id='word_1_33' title='bbox 899 554 1008 623; x_wconf 85' lang='grc' dir='ltr'><strong><em>ὁρῶ</em></strong></span> <span class='ocrx_word' id='word_1_34' title='bbox 1048 555 1152 624; x_wconf 81' lang='grc' dir='ltr'><strong><em>γὰρ</em></strong></span> <span class='ocrx_word' id='word_1_35' title='bbox 1189 553 1382 621; x_wconf 89' lang='grc' dir='ltr'><strong><em>αὐτόν,</em></strong></span> <span class='ocrx_word' id='word_1_36' title='bbox 1407 554 1476 606; x_wconf 56' lang='grc' dir='ltr'><strong><em>ἐἴ</em></strong></span> <span class='ocrx_word' id='word_1_37' title='bbox 1506 571 1638 606; x_wconf 90' lang='grc' dir='ltr'><strong><em>ποτε</em></strong></span> <span class='ocrx_word' id='word_1_38' title='bbox 1669 554 1830 621; x_wconf 81' lang='grc' dir='ltr'><em>λάβοι</em></span> 
     </span>
     <span class='ocr_line' id='line_1_6' title="bbox 149 642 1895 714; baseline -0.002 -18"><span class='ocrx_word' id='word_1_39' title='bbox 149 643 439 712; x_wconf 87' lang='grc' dir='ltr'><strong><em>πράγματα</em></strong></span> <span class='ocrx_word' id='word_1_40' title='bbox 477 642 825 714; x_wconf 77' lang='grc' dir='ltr'><strong><em>χαριεστέρας</em></strong></span> <span class='ocrx_word' id='word_1_41' title='bbox 872 644 1103 712; x_wconf 91' lang='grc' dir='ltr'><strong><em>δεόμενα</em></strong></span> <span class='ocrx_word' id='word_1_42' title='bbox 1140 649 1488 710; x_wconf 79' lang='grc' dir='ltr'><strong><em>κατασκευῆς,</em></strong></span> <span class='ocrx_word' id='word_1_43' title='bbox 1527 660 1829 711; x_wconf 90' lang='grc' dir='ltr'><strong><em>πανηγυρι-</em></strong></span> <span class='ocrx_word' id='word_1_44' title='bbox 1873 658 1895 691; x_wconf 83' lang='grc'>5</span> 
     </span>
     <span class='ocr_line' id='line_1_7' title="bbox 150 729 1830 800; baseline -0.001 -17"><span class='ocrx_word' id='word_1_45' title='bbox 150 731 253 798; x_wconf 88' lang='grc' dir='ltr'><strong><em>κὴν</em></strong></span> <span class='ocrx_word' id='word_1_46' title='bbox 299 731 486 795; x_wconf 84' lang='grc' dir='ltr'><strong><em>αὐτοῖς</em></strong></span> <span class='ocrx_word' id='word_1_47' title='bbox 531 732 868 785; x_wconf 78' lang='grc' dir='ltr'><strong><em>ἀποδιδόντα</em></strong></span> <span class='ocrx_word' id='word_1_48' title='bbox 912 739 1007 800; x_wconf 82' lang='grc' dir='ltr'><strong><em>τῆς</em></strong></span> <span class='ocrx_word' id='word_1_49' title='bbox 1060 731 1250 795; x_wconf 82' lang='grc' dir='ltr'><strong><em>λέξεως</em></strong></span> <span class='ocrx_word' id='word_1_50' title='bbox 1303 731 1595 800; x_wconf 77' lang='grc' dir='ltr'><strong><em>ἁρμονίαν,</em></strong></span> <span class='ocrx_word' id='word_1_51' title='bbox 1650 731 1723 793; x_wconf 81' lang='grc' dir='ltr'><strong><em>ὡς</em></strong></span> <span class='ocrx_word' id='word_1_52' title='bbox 1770 729 1830 782; x_wconf 86' lang='grc' dir='ltr'><strong><em>ἐν</em></strong></span> 
     </span>
     <span class='ocr_line' id='line_1_8' title="bbox 150 816 1830 892; baseline 0 -21"><span class='ocrx_word' id='word_1_53' title='bbox 150 825 226 890; x_wconf 77' lang='grc' dir='ltr'><strong><em>τῷ</em></strong></span> <span class='ocrx_word' id='word_1_54' title='bbox 271 822 407 874; x_wconf 81' lang='grc' dir='ltr'><strong><em>κατὰ</em></strong></span> <span class='ocrx_word' id='word_1_55' title='bbox 437 819 889 891; x_wconf 81' lang='grc' dir='ltr'><strong><em>Ἀριστοκράτους</em></strong></span> <span class='ocrx_word' id='word_1_56' title='bbox 934 823 1192 888; x_wconf 87' lang='grc' dir='ltr'><strong><em>πεποιήκε</em></strong></span> <span class='ocrx_word' id='word_1_57' title='bbox 1239 822 1382 892; x_wconf 80' lang='grc' dir='ltr'><strong><em>λόγῳ</em></strong></span> <span class='ocrx_word' id='word_1_58' title='bbox 1434 823 1679 890; x_wconf 80' lang='grc' dir='ltr'><strong><em>πολλαχῇ</em></strong></span> <span class='ocrx_word' id='word_1_59' title='bbox 1729 816 1830 887; x_wconf 78' lang='grc' dir='ltr'><strong><em>μὲν</em></strong></span> 
     </span>
     <span class='ocr_line' id='line_1_9' title="bbox 149 902 1830 979; baseline 0 -20"><span class='ocrx_word' id='word_1_60' title='bbox 149 906 240 959; x_wconf 85' lang='grc' dir='ltr'><strong><em>καὶ</em></strong></span> <span class='ocrx_word' id='word_1_61' title='bbox 295 910 456 979; x_wconf 80' lang='grc' dir='ltr'><strong><em>ἄλλῃ,</em></strong></span> <span class='ocrx_word' id='word_1_62' title='bbox 511 911 744 979; x_wconf 91' lang='grc' dir='ltr'><strong><em>μάλιστα</em></strong></span> <span class='ocrx_word' id='word_1_63' title='bbox 796 907 848 961; x_wconf 89' lang='grc' dir='ltr'><strong><em>δ’</em></strong></span> <span class='ocrx_word' id='word_1_64' title='bbox 903 908 963 961; x_wconf 85' lang='grc' dir='ltr'><strong><em>ἐν</em></strong></span> <span class='ocrx_word' id='word_1_65' title='bbox 1016 902 1099 971; x_wconf 81' lang='grc' dir='ltr'><strong><em>οἷς</em></strong></span> <span class='ocrx_word' id='word_1_66' title='bbox 1151 910 1249 961; x_wconf 91' lang='grc' dir='ltr'><strong><em>τὸν</em></strong></span> <span class='ocrx_word' id='word_1_67' title='bbox 1300 907 1426 979; x_wconf 86' lang='grc' dir='ltr'><strong><em>περὶ</em></strong></span> <span class='ocrx_word' id='word_1_68' title='bbox 1479 918 1590 961; x_wconf 86' lang='grc' dir='ltr'><strong><em>τῶν</em></strong></span> <span class='ocrx_word' id='word_1_69' title='bbox 1642 909 1830 977; x_wconf 89' lang='grc' dir='ltr'><strong><em>νόμων</em></strong></span> 
     </span>
     <span class='ocr_line' id='line_1_10' title="bbox 64 995 1830 1068; baseline 0.002 -23"><span class='ocrx_word' id='word_1_70' title='bbox 64 1006 179 1047; x_wconf 88' lang='grc'>1096</span> <span class='ocrx_word' id='word_1_71' title='bbox 204 996 507 1051; x_wconf 88' lang='grc' dir='ltr'><strong><em>ἀποδίδωσι</em></strong></span> <span class='ocrx_word' id='word_1_72' title='bbox 539 1000 708 1066; x_wconf 93' lang='grc' dir='ltr'><strong><em>λόγον</em></strong></span> <span class='ocrx_word' id='word_1_73' title='bbox 738 996 828 1050; x_wconf 87' lang='grc' dir='ltr'><strong><em>καὶ</em></strong></span> <span class='ocrx_word' id='word_1_74' title='bbox 858 998 956 1050; x_wconf 88' lang='grc' dir='ltr'><strong><em>τὸν</em></strong></span> <span class='ocrx_word' id='word_1_75' title='bbox 986 996 1110 1067; x_wconf 84' lang='grc' dir='ltr'><strong><em>περὶ</em></strong></span> <span class='ocrx_word' id='word_1_76' title='bbox 1142 1006 1252 1050; x_wconf 84' lang='grc' dir='ltr'><strong><em>τῶν</em></strong></span> <span class='ocrx_word' id='word_1_77' title='bbox 1282 995 1544 1068; x_wconf 53' lang='grc' dir='ltr'><strong><em>φοίνικῶν</em></strong></span> <span class='ocrx_word' id='word_1_78' title='bbox 1579 998 1830 1064; x_wconf 88' lang='grc' dir='ltr'><strong><em>δικαστη-</em></strong></span> 
     </span>
     <span class='ocr_line' id='line_1_11' title="bbox 153 1082 1895 1156; baseline -0.001 -20"><span class='ocrx_word' id='word_1_79' title='bbox 153 1086 307 1154; x_wconf 87' lang='grc' dir='ltr'><strong><em>ρίων,</em></strong></span> <span class='ocrx_word' id='word_1_80' title='bbox 347 1085 435 1155; x_wconf 79' lang='grc' dir='ltr'><strong><em>ἐφ’</em></strong></span> <span class='ocrx_word' id='word_1_81' title='bbox 482 1082 545 1154; x_wconf 84' lang='grc' dir='ltr'><strong><em>ἧς</em></strong></span> <span class='ocrx_word' id='word_1_82' title='bbox 582 1089 765 1156; x_wconf 80' lang='grc' dir='ltr'><strong><em>χρείας</em></strong></span> <span class='ocrx_word' id='word_1_83' title='bbox 804 1084 1033 1139; x_wconf 79' lang='grc' dir='ltr'><strong><em>ἕκαστον</em></strong></span> <span class='ocrx_word' id='word_1_84' title='bbox 1073 1086 1255 1139; x_wconf 83' lang='grc' dir='ltr'><strong><em>αὐτῶν</em></strong></span> <span class='ocrx_word' id='word_1_85' title='bbox 1301 1085 1573 1139; x_wconf 91' lang='grc' dir='ltr'><strong><em>τέτακται·</em></strong></span> <span class='ocrx_word' id='word_1_86' title='bbox 1611 1085 1716 1138; x_wconf 87' lang='grc' dir='ltr'><strong><em>κάν</em></strong></span> <span class='ocrx_word' id='word_1_87' title='bbox 1753 1092 1829 1156; x_wconf 78' lang='grc' dir='ltr'><strong><em>τῷ</em></strong></span> <span class='ocrx_word' id='word_1_88' title='bbox 1853 1102 1895 1134; x_wconf 88' lang='lat'><strong><em>10</em></strong></span> 
     </span>
     <span class='ocr_line' id='line_1_12' title="bbox 151 1172 1828 1244; baseline 0.001 -19"><span class='ocrx_word' id='word_1_89' title='bbox 151 1175 286 1227; x_wconf 83' lang='grc' dir='ltr'><strong><em>κατὰ</em></strong></span> <span class='ocrx_word' id='word_1_90' title='bbox 326 1178 603 1227; x_wconf 83' lang='grc' dir='ltr'><strong><em>Λεπτίνου</em></strong></span> <span class='ocrx_word' id='word_1_91' title='bbox 656 1173 781 1244; x_wconf 84' lang='grc' dir='ltr'><strong><em>περὶ</em></strong></span> <span class='ocrx_word' id='word_1_92' title='bbox 828 1182 922 1242; x_wconf 82' lang='grc' dir='ltr'><strong><em>τῆς</em></strong></span> <span class='ocrx_word' id='word_1_93' title='bbox 971 1174 1213 1236; x_wconf 81' lang='grc' dir='ltr'><strong><em>ἀτελείας</em></strong></span> <span class='ocrx_word' id='word_1_94' title='bbox 1266 1176 1402 1227; x_wconf 81' lang='grc' dir='ltr'><strong><em>κατὰ</em></strong></span> <span class='ocrx_word' id='word_1_95' title='bbox 1448 1175 1625 1227; x_wconf 81' lang='grc' dir='ltr'><strong><em>πολλὰ</em></strong></span> <span class='ocrx_word' id='word_1_96' title='bbox 1675 1172 1828 1244; x_wconf 83' lang='grc' dir='ltr'><strong><em>μέρη,</em></strong></span> 
     </span>
     <span class='ocr_line' id='line_1_13' title="bbox 152 1261 1829 1334; baseline -0.001 -19"><span class='ocrx_word' id='word_1_97' title='bbox 152 1263 384 1331; x_wconf 88' lang='grc' dir='ltr'><strong><em>μάλιστα</em></strong></span> <span class='ocrx_word' id='word_1_98' title='bbox 423 1261 474 1315; x_wconf 86' lang='grc' dir='ltr'><strong><em>δ’</em></strong></span> <span class='ocrx_word' id='word_1_99' title='bbox 522 1262 583 1315; x_wconf 86' lang='grc' dir='ltr'><strong><em>ἐν</em></strong></span> <span class='ocrx_word' id='word_1_100' title='bbox 627 1272 743 1326; x_wconf 89' lang='grc' dir='ltr'><strong><em>τοῖς</em></strong></span> <span class='ocrx_word' id='word_1_101' title='bbox 781 1262 1068 1332; x_wconf 81' lang='grc' dir='ltr'><strong><em>ἐγκωμίοις</em></strong></span> <span class='ocrx_word' id='word_1_102' title='bbox 1113 1273 1225 1316; x_wconf 86' lang='grc' dir='ltr'><strong><em>τῶν</em></strong></span> <span class='ocrx_word' id='word_1_103' title='bbox 1264 1263 1563 1334; x_wconf 79' lang='grc' dir='ltr'><strong><em>εὐεργετῶν</em></strong></span> <span class='ocrx_word' id='word_1_104' title='bbox 1601 1269 1695 1330; x_wconf 78' lang='grc' dir='ltr'><strong><em>τῆς</em></strong></span> <span class='ocrx_word' id='word_1_105' title='bbox 1732 1262 1829 1314; x_wconf 87' lang='grc' dir='ltr'><strong><em>πό-</em></strong></span> 
     </span>
     <span class='ocr_line' id='line_1_14' title="bbox 152 1348 1829 1421; baseline -0.001 -18"><span class='ocrx_word' id='word_1_106' title='bbox 152 1355 287 1413; x_wconf 88' lang='grc' dir='ltr'><strong><em>λεως</em></strong></span> <span class='ocrx_word' id='word_1_107' title='bbox 339 1354 589 1421; x_wconf 86' lang='grc' dir='ltr'><strong><em>Χαβρίου</em></strong></span> <span class='ocrx_word' id='word_1_108' title='bbox 654 1371 710 1404; x_wconf 95' lang='grc' dir='ltr'><strong><em>τε</em></strong></span> <span class='ocrx_word' id='word_1_109' title='bbox 771 1350 861 1404; x_wconf 82' lang='grc' dir='ltr'><strong><em>καὶ</em></strong></span> <span class='ocrx_word' id='word_1_110' title='bbox 914 1354 1178 1415; x_wconf 88' lang='grc' dir='ltr'><strong><em>Κόνωνος</em></strong></span> <span class='ocrx_word' id='word_1_111' title='bbox 1236 1355 1332 1405; x_wconf 90' lang='grc' dir='ltr'><strong><em>καί</em></strong></span> <span class='ocrx_word' id='word_1_112' title='bbox 1387 1371 1556 1404; x_wconf 88' lang='grc' dir='ltr'><strong><em>τινων</em></strong></span> <span class='ocrx_word' id='word_1_113' title='bbox 1612 1348 1829 1420; x_wconf 80' lang='grc' dir='ltr'><strong><em>ἑτέρων,</em></strong></span> 
     </span>
     <span class='ocr_line' id='line_1_15' title="bbox 149 1437 1830 1510; baseline 0.001 -20"><span class='ocrx_word' id='word_1_114' title='bbox 149 1437 254 1491; x_wconf 87' lang='grc' dir='ltr'><strong><em>κάν</em></strong></span> <span class='ocrx_word' id='word_1_115' title='bbox 306 1446 382 1510; x_wconf 81' lang='grc' dir='ltr'><strong><em>τῷ</em></strong></span> <span class='ocrx_word' id='word_1_116' title='bbox 434 1438 559 1510; x_wconf 86' lang='grc' dir='ltr'><strong><em>περὶ</em></strong></span> <span class='ocrx_word' id='word_1_117' title='bbox 612 1448 711 1493; x_wconf 89' lang='grc' dir='ltr'><strong><em>τοῦ</em></strong></span> <span class='ocrx_word' id='word_1_118' title='bbox 767 1441 1043 1508; x_wconf 87' lang='grc' dir='ltr'><strong><em>στεφάνου</em></strong></span> <span class='ocrx_word' id='word_1_119' title='bbox 1096 1439 1186 1492; x_wconf 81' lang='grc' dir='ltr'><strong><em>καὶ</em></strong></span> <span class='ocrx_word' id='word_1_120' title='bbox 1242 1440 1302 1493; x_wconf 89' lang='grc' dir='ltr'><strong><em>ἐν</em></strong></span> <span class='ocrx_word' id='word_1_121' title='bbox 1355 1442 1541 1502; x_wconf 78' lang='grc' dir='ltr'><strong><em>ἄλλοις</em></strong></span> <span class='ocrx_word' id='word_1_122' title='bbox 1593 1448 1830 1508; x_wconf 82' lang='grc' dir='ltr'><strong><em>συχνοῖς.</em></strong></span> 
     </span>
     <span class='ocr_line' id='line_1_16' title="bbox 150 1525 1895 1598; baseline -0.002 -19"><span class='ocrx_word' id='word_1_123' title='bbox 150 1535 312 1580; x_wconf 90' lang='grc' dir='ltr'><strong><em>τοῦτο</em></strong></span> <span class='ocrx_word' id='word_1_124' title='bbox 367 1525 428 1580; x_wconf 78' lang='grc' dir='ltr'><strong><em>δὲ</em></strong></span> <span class='ocrx_word' id='word_1_125' title='bbox 482 1529 551 1596; x_wconf 86' lang='grc' dir='ltr'><strong><em>δή</em></strong></span> <span class='ocrx_word' id='word_1_126' title='bbox 604 1548 699 1597; x_wconf 93' lang='grc' dir='ltr'><strong><em>μοι</em></strong></span> <span class='ocrx_word' id='word_1_127' title='bbox 750 1537 972 1598; x_wconf 84' lang='grc' dir='ltr'><strong><em>πρῶτον</em></strong></span> <span class='ocrx_word' id='word_1_128' title='bbox 1025 1527 1364 1597; x_wconf 87' lang='grc' dir='ltr'><strong><em>ἐνθυμηθεὶς</em></strong></span> <span class='ocrx_word' id='word_1_129' title='bbox 1418 1530 1568 1581; x_wconf 85' lang='grc' dir='ltr'><strong><em>δοκεῖ</em></strong></span> <span class='ocrx_word' id='word_1_130' title='bbox 1629 1541 1829 1596; x_wconf 88' lang='grc' dir='ltr'><strong><em>συμμε-</em></strong></span> <span class='ocrx_word' id='word_1_131' title='bbox 1853 1544 1895 1576; x_wconf 88' lang='lat'><strong><em>15</em></strong></span> 
     </span>
     <span class='ocr_line' id='line_1_17' title="bbox 150 1615 1829 1687; baseline 0.001 -20"><span class='ocrx_word' id='word_1_132' title='bbox 150 1618 527 1685; x_wconf 80' lang='grc' dir='ltr'><strong><em>θαρμόζεσθαι</em></strong></span> <span class='ocrx_word' id='word_1_133' title='bbox 571 1625 690 1679; x_wconf 90' lang='grc' dir='ltr'><strong><em>ταῖς</em></strong></span> <span class='ocrx_word' id='word_1_134' title='bbox 736 1615 1036 1670; x_wconf 82' lang='grc' dir='ltr'><strong><em>ὑποθέσεσι</em></strong></span> <span class='ocrx_word' id='word_1_135' title='bbox 1082 1618 1180 1670; x_wconf 91' lang='grc' dir='ltr'><strong><em>τὸν</em></strong></span> <span class='ocrx_word' id='word_1_136' title='bbox 1218 1624 1529 1687; x_wconf 83' lang='grc' dir='ltr'><strong><em>χαρακτῆρα</em></strong></span> <span class='ocrx_word' id='word_1_137' title='bbox 1567 1624 1661 1684; x_wconf 83' lang='grc' dir='ltr'><strong><em>τῆς</em></strong></span> <span class='ocrx_word' id='word_1_138' title='bbox 1701 1630 1829 1668; x_wconf 89' lang='grc' dir='ltr'><strong><em>συν-</em></strong></span> 
     </span>
     <span class='ocr_line' id='line_1_18' title="bbox 151 1703 1831 1775; baseline 0 -19"><span class='ocrx_word' id='word_1_139' title='bbox 151 1703 357 1766; x_wconf 83' lang='grc' dir='ltr'><strong><em>θέσεως</em></strong></span> <span class='ocrx_word' id='word_1_140' title='bbox 412 1705 549 1774; x_wconf 88' lang='grc' dir='ltr'><strong><em>[τοῖς</em></strong></span> <span class='ocrx_word' id='word_1_141' title='bbox 611 1704 992 1774; x_wconf 86' lang='grc' dir='ltr'><strong><em>ὑποκειμένοις</em></strong></span> <span class='ocrx_word' id='word_1_142' title='bbox 1043 1705 1344 1775; x_wconf 77' lang='grc' dir='ltr'><strong><em>πράγμασι]</em></strong></span> <span class='ocrx_word' id='word_1_143' title='bbox 1414 1704 1504 1758; x_wconf 87' lang='grc' dir='ltr'><strong><em>καὶ</em></strong></span> <span class='ocrx_word' id='word_1_144' title='bbox 1566 1707 1645 1758; x_wconf 80' lang='grc' dir='ltr'><strong><em>ἔτι</em></strong></span> <span class='ocrx_word' id='word_1_145' title='bbox 1698 1706 1831 1774; x_wconf 79' lang='grc' dir='ltr'><strong><em>μετὰ</em></strong></span> 
     </span>
     <span class='ocr_line' id='line_1_19' title="bbox 152 1792 1830 1864; baseline 0 -20"><span class='ocrx_word' id='word_1_146' title='bbox 152 1800 316 1845; x_wconf 91' lang='grc' dir='ltr'><strong><em>τοῦτο</em></strong></span> <span class='ocrx_word' id='word_1_147' title='bbox 355 1794 451 1855; x_wconf 84' lang='grc' dir='ltr'><strong><em>τὰς</em></strong></span> <span class='ocrx_word' id='word_1_148' title='bbox 484 1792 632 1856; x_wconf 82' lang='grc' dir='ltr'><strong><em>ἰδέας</em></strong></span> <span class='ocrx_word' id='word_1_149' title='bbox 662 1802 761 1847; x_wconf 89' lang='grc' dir='ltr'><strong><em>τοῦ</em></strong></span> <span class='ocrx_word' id='word_1_150' title='bbox 794 1796 964 1862; x_wconf 87' lang='grc' dir='ltr'><strong><em>λόγου</em></strong></span> <span class='ocrx_word' id='word_1_151' title='bbox 995 1796 1347 1864; x_wconf 84' lang='grc' dir='ltr'><strong><em>καταμαθών,</em></strong></span> <span class='ocrx_word' id='word_1_152' title='bbox 1380 1795 1463 1848; x_wconf 82' lang='grc' dir='ltr'><strong><em>ὅτι</em></strong></span> <span class='ocrx_word' id='word_1_153' title='bbox 1496 1794 1595 1863; x_wconf 86' lang='grc' dir='ltr'><strong><em>οὐχ</em></strong></span> <span class='ocrx_word' id='word_1_154' title='bbox 1628 1794 1830 1846; x_wconf 79' lang='grc' dir='ltr'><strong><em>ἅπασαι</em></strong></span> 
     </span>
     <span class='ocr_line' id='line_1_20' title="bbox 153 1881 1830 1952; baseline 0.001 -19"><span class='ocrx_word' id='word_1_155' title='bbox 153 1882 251 1933; x_wconf 90' lang='grc' dir='ltr'><strong><em>τὸν</em></strong></span> <span class='ocrx_word' id='word_1_156' title='bbox 290 1881 459 1934; x_wconf 89' lang='grc' dir='ltr'><strong><em>αὐτὸν</em></strong></span> <span class='ocrx_word' id='word_1_157' title='bbox 498 1881 825 1935; x_wconf 82' lang='grc' dir='ltr'><strong><em>ἀπαιτοῦσιν</em></strong></span> <span class='ocrx_word' id='word_1_158' title='bbox 864 1884 990 1936; x_wconf 79' lang='grc' dir='ltr'><strong><em>οὔτε</em></strong></span> <span class='ocrx_word' id='word_1_159' title='bbox 1037 1882 1262 1951; x_wconf 83' lang='grc' dir='ltr'><strong><em>ἐκλογῆς</em></strong></span> <span class='ocrx_word' id='word_1_160' title='bbox 1301 1884 1586 1952; x_wconf 77' lang='grc' dir='ltr'><strong><em>ὀνομάτων</em></strong></span> <span class='ocrx_word' id='word_1_161' title='bbox 1623 1884 1830 1951; x_wconf 89' lang='grc' dir='ltr'><strong><em>κόσμον</em></strong></span> 
     </span>
     <span class='ocr_line' id='line_1_21' title="bbox 154 1969 1896 2042; baseline -0.002 -20"><span class='ocrx_word' id='word_1_162' title='bbox 154 1970 280 2022; x_wconf 81' lang='grc' dir='ltr'><strong><em>οὔτε</em></strong></span> <span class='ocrx_word' id='word_1_163' title='bbox 334 1969 670 2038; x_wconf 81' lang='grc' dir='ltr'><strong><em>συνθέσεως,</em></strong></span> <span class='ocrx_word' id='word_1_164' title='bbox 727 1969 847 2024; x_wconf 86' lang='grc' dir='ltr'><strong><em>ἀλλ’</em></strong></span> <span class='ocrx_word' id='word_1_165' title='bbox 894 1974 954 2024; x_wconf 83' lang='grc' dir='ltr'><strong><em>αἳ</em></strong></span> <span class='ocrx_word' id='word_1_166' title='bbox 1003 1969 1104 2041; x_wconf 76' lang='grc' dir='ltr'><strong><em>μὲν</em></strong></span> <span class='ocrx_word' id='word_1_167' title='bbox 1148 1973 1247 2024; x_wconf 88' lang='grc' dir='ltr'><strong><em>τὸν</em></strong></span> <span class='ocrx_word' id='word_1_168' title='bbox 1291 1972 1721 2042; x_wconf 85' lang='grc' dir='ltr'><strong><em>γλαφυρώτερον</em></strong></span> <span class='ocrx_word' id='word_1_169' title='bbox 1774 1973 1834 2022; x_wconf 81' lang='grc' dir='ltr'><strong><em>αἳ</em></strong></span> <span class='ocrx_word' id='word_1_170' title='bbox 1853 1987 1896 2019; x_wconf 72' lang='lat'><strong><em>20</em></strong></span> 
     </span>
     <span class='ocr_line' id='line_1_22' title="bbox 154 2055 1830 2130; baseline 0.001 -20"><span class='ocrx_word' id='word_1_171' title='bbox 154 2055 214 2110; x_wconf 76' lang='grc' dir='ltr'><strong><em>δὲ</em></strong></span> <span class='ocrx_word' id='word_1_172' title='bbox 268 2059 366 2111; x_wconf 91' lang='grc' dir='ltr'><strong><em>τὸν</em></strong></span> <span class='ocrx_word' id='word_1_173' title='bbox 419 2058 845 2128; x_wconf 82' lang='grc' dir='ltr'><strong><em>αὐστηρότερον,</em></strong></span> <span class='ocrx_word' id='word_1_174' title='bbox 899 2058 989 2111; x_wconf 88' lang='grc' dir='ltr'><strong><em>καὶ</em></strong></span> <span class='ocrx_word' id='word_1_175' title='bbox 1050 2068 1113 2130; x_wconf 79' lang='grc' dir='ltr'><strong><em>τῇ</em></strong></span> <span class='ocrx_word' id='word_1_176' title='bbox 1175 2061 1387 2113; x_wconf 90' lang='grc' dir='ltr'><strong><em>τούτων</em></strong></span> <span class='ocrx_word' id='word_1_177' title='bbox 1447 2059 1830 2127; x_wconf 84' lang='grc' dir='ltr'><strong><em>ἀκολουθήσας</em></strong></span> 
     </span>
     <span class='ocr_line' id='line_1_23' title="bbox 152 2143 1828 2217; baseline -0.001 -18"><span class='ocrx_word' id='word_1_178' title='bbox 152 2149 308 2217; x_wconf 76' lang='grc' dir='ltr'><strong><em>χρεία</em></strong></span> <span class='ocrx_word' id='word_1_179' title='bbox 359 2148 425 2199; x_wconf 81' lang='grc' dir='ltr'><strong><em>τὰ</em></strong></span> <span class='ocrx_word' id='word_1_180' title='bbox 471 2143 571 2215; x_wconf 73' lang='grc' dir='ltr'><strong><em>μὲν</em></strong></span> <span class='ocrx_word' id='word_1_181' title='bbox 607 2149 868 2217; x_wconf 89' lang='grc' dir='ltr'><strong><em>προοίμια</em></strong></span> <span class='ocrx_word' id='word_1_182' title='bbox 916 2146 1006 2200; x_wconf 85' lang='grc' dir='ltr'><strong><em>καὶ</em></strong></span> <span class='ocrx_word' id='word_1_183' title='bbox 1052 2149 1147 2210; x_wconf 80' lang='grc' dir='ltr'><strong><em>τὰς</em></strong></span> <span class='ocrx_word' id='word_1_184' title='bbox 1185 2150 1463 2216; x_wconf 83' lang='grc' dir='ltr'><strong><em>διηγήσεις</em></strong></span> <span class='ocrx_word' id='word_1_185' title='bbox 1498 2156 1680 2201; x_wconf 88' lang='grc' dir='ltr'><strong><em>ποιεῖν</em></strong></span> <span class='ocrx_word' id='word_1_186' title='bbox 1719 2146 1828 2215; x_wconf 88' lang='grc' dir='ltr'><strong><em>[τὸ]</em></strong></span> 
     </span>
     <span class='ocr_line' id='line_1_24' title="bbox 152 2233 1830 2305; baseline -0.001 -17"><span class='ocrx_word' id='word_1_187' title='bbox 152 2240 346 2288; x_wconf 91' lang='grc' dir='ltr'><strong><em>πλεῖον</em></strong></span> <span class='ocrx_word' id='word_1_188' title='bbox 400 2234 627 2304; x_wconf 88' lang='grc' dir='ltr'><strong><em>ἐχούσας</em></strong></span> <span class='ocrx_word' id='word_1_189' title='bbox 680 2243 779 2288; x_wconf 89' lang='grc' dir='ltr'><strong><em>τοῦ</em></strong></span> <span class='ocrx_word' id='word_1_190' title='bbox 834 2244 1037 2305; x_wconf 90' lang='grc' dir='ltr'><strong><em>σεμνοῦ</em></strong></span> <span class='ocrx_word' id='word_1_191' title='bbox 1091 2237 1151 2288; x_wconf 90' lang='grc' dir='ltr'><strong><em>τὸ</em></strong></span> <span class='ocrx_word' id='word_1_192' title='bbox 1205 2236 1337 2304; x_wconf 82' lang='grc' dir='ltr'><strong><em>ἡδύ,</em></strong></span> <span class='ocrx_word' id='word_1_193' title='bbox 1390 2238 1485 2299; x_wconf 82' lang='grc' dir='ltr'><strong><em>τὰς</em></strong></span> <span class='ocrx_word' id='word_1_194' title='bbox 1523 2233 1584 2288; x_wconf 76' lang='grc' dir='ltr'><strong><em>δὲ</em></strong></span> <span class='ocrx_word' id='word_1_195' title='bbox 1622 2238 1830 2297; x_wconf 89' lang='grc' dir='ltr'><strong><em>πίστεις</em></strong></span> 
     </span>
     <span class='ocr_line' id='line_1_25' title="bbox 153 2322 1828 2392; baseline 0 -16"><span class='ocrx_word' id='word_1_196' title='bbox 153 2323 244 2377; x_wconf 85' lang='grc' dir='ltr'><strong><em>καὶ</em></strong></span> <span class='ocrx_word' id='word_1_197' title='bbox 286 2326 414 2386; x_wconf 88' lang='grc' dir='ltr'><strong><em>τοὺς</em></strong></span> <span class='ocrx_word' id='word_1_198' title='bbox 454 2323 743 2391; x_wconf 84' lang='grc' dir='ltr'><strong><em>ἐπιλόγους</em></strong></span> <span class='ocrx_word' id='word_1_199' title='bbox 781 2331 875 2391; x_wconf 84' lang='grc' dir='ltr'><strong><em>τῆς</em></strong></span> <span class='ocrx_word' id='word_1_200' title='bbox 913 2322 1014 2392; x_wconf 78' lang='grc' dir='ltr'><strong><em>μὲν</em></strong></span> <span class='ocrx_word' id='word_1_201' title='bbox 1051 2324 1236 2392; x_wconf 81' lang='grc' dir='ltr'><strong><em>ἡδείας</em></strong></span> <span class='ocrx_word' id='word_1_202' title='bbox 1275 2324 1587 2387; x_wconf 88' lang='grc' dir='ltr'><strong><em>συνθέσεως</em></strong></span> <span class='ocrx_word' id='word_1_203' title='bbox 1628 2323 1828 2377; x_wconf 87' lang='grc' dir='ltr'><strong><em>ἐλάττω</em></strong></span> 
     </span>
    </p>
   </div>
   <div class='ocr_carea' id='block_1_3' title="bbox 155 2480 1829 3011">
    <p class='ocr_par' dir='ltr' id='par_1_3' title="bbox 155 2480 1829 3011">
     <span class='ocr_line' id='line_1_26' title="bbox 275 2480 1827 2539; baseline 0.001 -12"><span class='ocrx_word' id='word_1_204' title='bbox 275 2489 297 2527; x_wconf 98' lang='grc'>1</span> <span class='ocrx_word' id='word_1_205' title='bbox 331 2480 592 2536; x_wconf 80' lang='grc' dir='ltr'><strong><em>ἀποδείξεις</em></strong></span> <span class='ocrx_word' id='word_1_206' title='bbox 617 2509 671 2514; x_wconf 96' lang='grc'>-</span> <span class='ocrx_word' id='word_1_207' title='bbox 699 2482 748 2527; x_wconf 81' lang='grc' dir='ltr'><strong><em>ἐκ</em></strong></span> <span class='ocrx_word' id='word_1_208' title='bbox 781 2481 832 2526; x_wconf 80' lang='grc' dir='ltr'><strong><em>δὲ</em></strong></span> <span class='ocrx_word' id='word_1_209' title='bbox 864 2491 954 2527; x_wconf 84' lang='grc' dir='ltr'><strong><em>τῶν</em></strong></span> <span class='ocrx_word' id='word_1_210' title='bbox 987 2498 1061 2527; x_wconf 91' lang='lat' dir='ltr'><strong><em>om</em></strong></span> <span class='ocrx_word' id='word_1_211' title='bbox 1092 2484 1128 2526; x_wconf 92' lang='lat' dir='ltr'>B</span> <span class='ocrx_word' id='word_1_212' title='bbox 1249 2488 1274 2527; x_wconf 90' lang='lat'>6</span> <span class='ocrx_word' id='word_1_213' title='bbox 1307 2485 1464 2535; x_wconf 80' lang='grc' dir='ltr'><strong><em>αὐτοῖς</em></strong></span> <span class='ocrx_word' id='word_1_214' title='bbox 1486 2484 1549 2539; x_wconf 87' lang='grc' dir='ltr'><strong><em>Μ,</em></strong></span> <span class='ocrx_word' id='word_1_215' title='bbox 1579 2484 1616 2526; x_wconf 93' lang='grc' dir='ltr'>Β</span> <span class='ocrx_word' id='word_1_216' title='bbox 1649 2484 1698 2526; x_wconf 87' lang='lat' dir='ltr'><strong><em>in</em></strong></span> <span class='ocrx_word' id='word_1_217' title='bbox 1727 2498 1827 2528; x_wconf 63' lang='lat'>1110‘:</span> 
     </span>
     <span class='ocr_line' id='line_1_27' title="bbox 155 2519 1829 2600; baseline 0 -14"><span class='ocrx_word' id='word_1_218' title='bbox 155 2544 298 2600; x_wconf 79' lang='grc' dir='ltr'><strong><em>αὐτῆς</em></strong></span> <span class='ocrx_word' id='word_1_219' title='bbox 322 2543 372 2598; x_wconf 90' lang='grc' dir='ltr'><strong><em>Ρ,</em></strong></span> <span class='ocrx_word' id='word_1_220' title='bbox 403 2542 441 2585; x_wconf 94' lang='grc' dir='ltr'>Β</span> <span class='ocrx_word' id='word_1_221' title='bbox 472 2541 522 2585; x_wconf 89' lang='lat' dir='ltr'><strong><em>in</em></strong></span> <span class='ocrx_word' id='word_1_222' title='bbox 552 2544 684 2586; x_wconf 73' lang='lat' dir='ltr'>textu</span> <span class='ocrx_word' id='word_1_223' title='bbox 777 2546 832 2584; x_wconf 93' lang='lat'><strong><em>10</em></strong></span> <span class='ocrx_word' id='word_1_224' title='bbox 864 2543 953 2587; x_wconf 82' lang='grc' dir='ltr'><strong><em>κάν</em></strong></span> <span class='ocrx_word' id='word_1_225' title='bbox 985 2543 1278 2600; x_wconf 76' lang='lat' dir='ltr'><strong>Sylburgius·</strong></span> <span class='ocrx_word' id='word_1_226' title='bbox 1311 2543 1390 2587; x_wconf 83' lang='grc' dir='ltr'><strong><em>καὶ</em></strong></span> <span class='ocrx_word' id='word_1_227' title='bbox 1481 2548 1534 2586; x_wconf 88' lang='grc'><strong><em>11</em></strong></span> <span class='ocrx_word' id='word_1_228' title='bbox 1568 2542 1712 2587; x_wconf 81' lang='grc' dir='ltr'><strong><em>πολλὰ</em></strong></span> <span class='ocrx_word' id='word_1_229' title='bbox 1744 2519 1829 2598; x_wconf 59' lang='grc' dir='ltr'><strong><em>μῗν</em></strong></span> 
     </span>
     <span class='ocr_line' id='line_1_28' title="bbox 155 2601 1829 2676; baseline -0.001 -31"><span class='ocrx_word' id='word_1_230' title='bbox 155 2602 235 2645; x_wconf 84' lang='grc' dir='ltr'><strong><em>καὶ</em></strong></span> <span class='ocrx_word' id='word_1_231' title='bbox 268 2602 382 2645; x_wconf 80' lang='grc' dir='ltr'><strong><em>ἄλλα</em></strong></span> <span class='ocrx_word' id='word_1_232' title='bbox 416 2601 622 2645; x_wconf 82' lang='lat' dir='ltr'>Sadaeus</span> <span class='ocrx_word' id='word_1_233' title='bbox 747 2605 799 2644; x_wconf 83' lang='lat'><strong><em>12</em></strong></span> <span class='ocrx_word' id='word_1_234' title='bbox 835 2602 1101 2676; x_wconf 80' lang='grc' dir='ltr'><strong><em>εὐεργετῶν]</em></strong></span> <span class='ocrx_word' id='word_1_235' title='bbox 1135 2603 1472 2662; x_wconf 67' lang='grc' dir='ltr'><strong><em>ευεργῙγιτικῶν</em></strong></span> <span class='ocrx_word' id='word_1_236' title='bbox 1503 2603 1540 2646; x_wconf 90' lang='grc' dir='ltr'>Ρ</span> <span class='ocrx_word' id='word_1_237' title='bbox 1663 2607 1716 2645; x_wconf 91' lang='grc'><strong><em>13</em></strong></span> <span class='ocrx_word' id='word_1_238' title='bbox 1748 2602 1829 2645; x_wconf 80' lang='grc' dir='ltr'><strong><em>καὶ</em></strong></span> 
     </span>
     <span class='ocr_line' id='line_1_29' title="bbox 155 2659 1828 2720; baseline -0.001 -15"><span class='ocrx_word' id='word_1_239' title='bbox 155 2660 293 2711; x_wconf 82' lang='grc' dir='ltr'><strong><em>κόνος</em></strong></span> <span class='ocrx_word' id='word_1_240' title='bbox 324 2661 404 2705; x_wconf 83' lang='grc' dir='ltr'><strong><em>καὶ</em></strong></span> <span class='ocrx_word' id='word_1_241' title='bbox 435 2659 642 2710; x_wconf 82' lang='grc' dir='ltr'><strong><em>κόνωνος</em></strong></span> <span class='ocrx_word' id='word_1_242' title='bbox 664 2660 700 2702; x_wconf 87' lang='grc' dir='ltr'>Ρ</span> <span class='ocrx_word' id='word_1_243' title='bbox 823 2664 878 2703; x_wconf 82' lang='grc'>14</span> <span class='ocrx_word' id='word_1_244' title='bbox 909 2659 1072 2712; x_wconf 87' lang='grc' dir='ltr'><strong><em>αλλοις.</em></strong></span> <span class='ocrx_word' id='word_1_245' title='bbox 1119 2669 1201 2706; x_wconf 88' lang='grc' dir='ltr'><strong><em>τοῦ</em></strong></span> <span class='ocrx_word' id='word_1_246' title='bbox 1234 2670 1417 2720; x_wconf 86' lang='grc' dir='ltr'><strong><em>συχνοῖς</em></strong></span> <span class='ocrx_word' id='word_1_247' title='bbox 1447 2662 1484 2704; x_wconf 90' lang='grc' dir='ltr'>Β</span> <span class='ocrx_word' id='word_1_248' title='bbox 1609 2667 1660 2705; x_wconf 86' lang='grc'>15</span> <span class='ocrx_word' id='word_1_249' title='bbox 1692 2660 1828 2705; x_wconf 87' lang='grc' dir='ltr'><strong><em>τοῦτό</em></strong></span> 
     </span>
     <span class='ocr_line' id='line_1_30' title="bbox 155 2719 1828 2777; baseline -0.001 -15"><span class='ocrx_word' id='word_1_250' title='bbox 155 2734 202 2762; x_wconf 86' lang='grc' dir='ltr'><strong><em>τε</em></strong></span> <span class='ocrx_word' id='word_1_251' title='bbox 234 2720 292 2776; x_wconf 85' lang='grc' dir='ltr'><strong><em>δὴ</em></strong></span> <span class='ocrx_word' id='word_1_252' title='bbox 319 2720 508 2775; x_wconf 83' lang='lat' dir='ltr'>Usener,</span> <span class='ocrx_word' id='word_1_253' title='bbox 541 2719 590 2762; x_wconf 83' lang='lat' dir='ltr'><strong><em>ef</em></strong></span> <span class='ocrx_word' id='word_1_254' title='bbox 610 2719 666 2762; x_wconf 88' lang='lat' dir='ltr'><strong><em>de</em></strong></span> <span class='ocrx_word' id='word_1_255' title='bbox 692 2719 828 2763; x_wconf 86' lang='lat' dir='ltr'>Isoer.</span> <span class='ocrx_word' id='word_1_256' title='bbox 855 2724 939 2763; x_wconf 85' lang='lat'><strong><em>559</em></strong></span> <span class='ocrx_word' id='word_1_257' title='bbox 968 2723 973 2776; x_wconf 89' lang='grc' dir='ltr'>Ι</span> <span class='ocrx_word' id='word_1_258' title='bbox 1002 2722 1480 2777; x_wconf 79' lang='grc' dir='ltr'><strong><em>συμμαθαρμόζεσθαι</em></strong></span> <span class='ocrx_word' id='word_1_259' title='bbox 1503 2721 1539 2764; x_wconf 91' lang='grc' dir='ltr'>Ρ</span> <span class='ocrx_word' id='word_1_260' title='bbox 1618 2725 1671 2763; x_wconf 83' lang='grc'>17</span> <span class='ocrx_word' id='word_1_261' title='bbox 1703 2720 1828 2776; x_wconf 87' lang='lat' dir='ltr'>glos-</span> 
     </span>
     <span class='ocr_line' id='line_1_31' title="bbox 158 2775 1822 2837; baseline 0 -16"><span class='ocrx_word' id='word_1_262' title='bbox 158 2791 284 2822; x_wconf 83' lang='lat' dir='ltr'>sema</span> <span class='ocrx_word' id='word_1_263' title='bbox 317 2778 471 2822; x_wconf 84' lang='lat' dir='ltr'>deleui</span> <span class='ocrx_word' id='word_1_264' title='bbox 593 2782 647 2821; x_wconf 88' lang='grc'>18</span> <span class='ocrx_word' id='word_1_265' title='bbox 681 2775 808 2828; x_wconf 86' lang='grc' dir='ltr'><strong><em>ἰδέας</em></strong></span> <span class='ocrx_word' id='word_1_266' title='bbox 840 2792 942 2822; x_wconf 86' lang='lat' dir='ltr'>corr</span> <span class='ocrx_word' id='word_1_267' title='bbox 972 2779 1022 2822; x_wconf 89' lang='lat' dir='ltr'><strong><em>in</em></strong></span> <span class='ocrx_word' id='word_1_268' title='bbox 1052 2795 1131 2837; x_wconf 87' lang='lat' dir='ltr'><strong><em>mg</em></strong></span> <span class='ocrx_word' id='word_1_269' title='bbox 1161 2780 1198 2822; x_wconf 95' lang='lat' dir='ltr'>B</span> <span class='ocrx_word' id='word_1_270' title='bbox 1321 2785 1376 2824; x_wconf 84' lang='lat'><strong><em>20</em></strong></span> <span class='ocrx_word' id='word_1_271' title='bbox 1409 2777 1730 2829; x_wconf 85' lang='grc' dir='ltr'><strong><em>συνθεθέσεως</em></strong></span> <span class='ocrx_word' id='word_1_272' title='bbox 1761 2778 1822 2821; x_wconf 78' lang='grc' dir='ltr'><strong><em>ΒΙ</em></strong></span> 
     </span>
     <span class='ocr_line' id='line_1_32' title="bbox 157 2836 1710 2894; baseline 0.001 -15"><span class='ocrx_word' id='word_1_273' title='bbox 157 2838 509 2894; x_wconf 81' lang='grc' dir='ltr'><strong><em>γλαφυρώτερον</em></strong></span> <span class='ocrx_word' id='word_1_274' title='bbox 551 2836 845 2893; x_wconf 82' lang='lat' dir='ltr'>Sylburgius:</span> <span class='ocrx_word' id='word_1_275' title='bbox 886 2840 1246 2894; x_wconf 82' lang='grc' dir='ltr'><strong><em>γλαφυρώτατον</em></strong></span> <span class='ocrx_word' id='word_1_276' title='bbox 1409 2844 1462 2882; x_wconf 84' lang='grc'>21</span> <span class='ocrx_word' id='word_1_277' title='bbox 1496 2839 1640 2882; x_wconf 84' lang='grc' dir='ltr'><strong><em>τούτω</em></strong></span> <span class='ocrx_word' id='word_1_278' title='bbox 1673 2838 1710 2880; x_wconf 90' lang='grc' dir='ltr'>Β</span> 
     </span>
     <span class='ocr_line' id='line_1_33' title="bbox 157 2895 1828 2953; baseline 0 -15"><span class='ocrx_word' id='word_1_279' title='bbox 157 2899 212 2938; x_wconf 79' lang='lat'><strong><em>22</em></strong></span> <span class='ocrx_word' id='word_1_280' title='bbox 244 2904 372 2940; x_wconf 85' lang='grc' dir='ltr'><strong><em>ποιεῖ</em></strong></span> <span class='ocrx_word' id='word_1_281' title='bbox 401 2895 675 2952; x_wconf 79' lang='lat' dir='ltr'>Sylburgius</span> <span class='ocrx_word' id='word_1_282' title='bbox 708 2911 736 2939; x_wconf 85' lang='lat' dir='ltr'>v</span> <span class='ocrx_word' id='word_1_283' title='bbox 765 2898 770 2953; x_wconf 90' lang='grc' dir='ltr'>Ι</span> <span class='ocrx_word' id='word_1_284' title='bbox 798 2895 848 2940; x_wconf 88' lang='grc' dir='ltr'><strong><em>τὸ</em></strong></span> <span class='ocrx_word' id='word_1_285' title='bbox 882 2896 1058 2942; x_wconf 73' lang='lat' dir='ltr'>deleuit</span> <span class='ocrx_word' id='word_1_286' title='bbox 1090 2898 1296 2942; x_wconf 82' lang='lat' dir='ltr'>Sadaeus</span> <span class='ocrx_word' id='word_1_287' title='bbox 1400 2903 1455 2941; x_wconf 77' lang='grc'><strong><em>23</em></strong></span> <span class='ocrx_word' id='word_1_288' title='bbox 1488 2898 1592 2953; x_wconf 80' lang='grc' dir='ltr'><strong><em>περὶ</em></strong></span> <span class='ocrx_word' id='word_1_289' title='bbox 1623 2905 1712 2941; x_wconf 87' lang='grc' dir='ltr'><strong><em>τῶν</em></strong></span> <span class='ocrx_word' id='word_1_290' title='bbox 1745 2910 1828 2938; x_wconf 79' lang='grc' dir='ltr'><strong><em>πο-</em></strong></span> 
     </span>
     <span class='ocr_line' id='line_1_34' title="bbox 156 2955 725 3011; baseline 0.004 -16"><span class='ocrx_word' id='word_1_291' title='bbox 156 2955 336 2999; x_wconf 78' lang='grc' dir='ltr'><strong><em>λιτικῶν</em></strong></span> <span class='ocrx_word' id='word_1_292' title='bbox 368 2955 415 2998; x_wconf 92' lang='lat' dir='ltr'><strong><em>in</em></strong></span> <span class='ocrx_word' id='word_1_293' title='bbox 447 2969 526 3011; x_wconf 85' lang='lat' dir='ltr'><strong><em>mg</em></strong></span> <span class='ocrx_word' id='word_1_294' title='bbox 558 2968 659 2998; x_wconf 86' lang='lat' dir='ltr'>corr</span> <span class='ocrx_word' id='word_1_295' title='bbox 689 2955 725 2997; x_wconf 91' lang='lat' dir='ltr'><strong>B</strong></span> 
     </span>
    </p>
   </div>
  </div>
 </body>
</html>
