2004 3202
153 188 275 251 5148
304 240 312 256 ,
594 199 933 242 ΔιοΝΤΣΙοΤ
966 197 1432 240 ΑΜΚΑΡΝΑΣΕΩΣ
1933 0 2004 295 ἲ

152 329 233 387 -δὲ
265 342 363 387 τοῦ
389 332 650 402 δευτέρου
681 332 844 401 μέρος
866 328 936 400 ἦν
959 339 1058 384 τοῦ
1087 335 1195 383 εἴτε
1225 349 1308 393 τις
1338 331 1593 399 βούλεται
1625 333 1846 399 νομίσαι

152 424 390 492 (μανίαν.
452 422 512 474 τὸ
546 420 596 473 δ’
630 419 716 473 ἐπὶ
748 421 965 482 τούτοις
997 421 1294 488 λεγόμενον
1324 420 1491 472 ἅπασι
1522 420 1583 471 τὸ
1616 419 1849 487 χορηγὸς

152 510 415 578 ἓὺπέστην
453 517 551 562 τοῦ
590 510 810 578 πρώτου
848 507 1012 576 μέρος
1044 503 1114 575 ἦν
1143 515 1243 560 τοῦ
1275 505 1395 576 ἐμοὶ
1427 506 1504 575 δέ,
1545 508 1616 570 ὅς.
1679 510 1848 576 μυρία

153 599 397 652 ’τοιαῦτά
445 597 556 650 ἐστι
609 598 756 666 παρὰ
802 594 1154 664 Δημοσθένει
1207 594 1298 648 καὶ
1351 597 1582 664 μάλιστα
1630 595 1691 648 ἐν
1734 605 1850 658 τοῖς

85 696 104 726 «³
129 689 307 769 exat&
365 690 644 739 Φιλίππου
699 687 907 752 λόγοις,
962 689 1173 753 μᾶλλον
1223 681 1283 737 δὲ
1338 726 1348 736 .
1389 726 1400 737 .
1441 726 1452 737 .
1491 726 1502 737 .
1557 685 1628 754 μὴ
1677 684 1850 747 οὕτως

151 779 367 845 ν’··’ἔχοντα
403 776 547 842 πλὴν
587 773 708 835 ἑνὸς
747 775 917 840 λόγου
955 780 1055 826 τοῦ
1102 771 1226 842 περὶ
1266 772 1627 841 Ἁλοννήσου,
1673 775 1850 826 πολλὰ

154 862 233 917 ··δὲ
273 863 361 916 καὶ
403 863 461 916 ἐν
492 871 605 924 τοῖς
638 863 941 924 δικανικοῖς
976 861 1148 929 ἀγῶσι
1179 871 1294 924 τοῖς
1325 882 1387 930 γε
1419 858 1521 915 οὖν
1553 863 1848 931 δημοσίοις.

155 951 263 1005 ‘noel
303 953 499 1021 σχεδὸν
538 953 598 1003 ἔν
635 970 692 1002 τε
730 951 947 1012 τούτοις
985 948 1076 1002 καὶ
1114 959 1232 1013 ταῖς
1270 952 1652 1020 δημηγορίαις,
1705 943 1848 1022 ᾧπερ

151 1030 338 1109 ἔφην,
393 1039 462 1091 ἂν
508 1041 792 1107 διαγνοίης
839 1042 1041 1109 σημείῳ
1088 1040 1490 1110 προχειροτάτῳ
1529 1040 1628 1091 τὸν
1666 1043 1850 1108 Δημο-

86 1137 159 1176 ⁰10*
175 1127 412 1190 σθένους
466 1135 788 1197 χαρακτῆρα.
866 1134 941 1198 τῷ
997 1124 1057 1180 δὲ
1110 1123 1276 1196 ἧττον
1321 1127 1354 1196 ἢ
1408 1132 1619 1196 μᾶλλον
1665 1127 1851 1190 αὐτοῖς

151 1222 473 1286 ’κεχρῆσθαι
521 1217 618 1268 τὸν
665 1217 842 1285 ἄνδρα
896 1217 1034 1285 πρὸς
1087 1217 1182 1278 τὰς
1229 1217 1426 1285 φύσεις
1472 1215 1851 1285 ἀποβλέποντα

154 1315 282 1357 τῶν
320 1303 644 1358 ὑποθέσεων
682 1303 772 1357 καὶ
811 1306 907 1366 τὰς
949 1304 1196 1368 ἀξιώσεις
1234 1315 1345 1357 τῶν
1378 1306 1688 1374 προσώπων
1718 1309 1851 1357 πλα-

152 1395 481 1462 ··νηθη’σεταί
514 1409 621 1455 τις·
662 1393 793 1462 ὅπερ
836 1398 966 1454 ἴσως
1006 1392 1106 1445 οὐκ
1147 1395 1364 1460 ἄλογον.

92 1484 172 1534 10),
285 1482 417 1551 φέρε
450 1482 518 1548 δὴ
549 1479 640 1533 καὶ
671 1484 782 1533 τίνι
816 1482 1126 1533 διαλλάττει
1156 1488 1251 1548 τῆς
1279 1481 1628 1534 Θουκυδίδου
1661 1480 1852 1544 λέξεως

85 1570 206 1638 Μῖῑῆ
257 1568 658 1639 Δημοσθένους
706 1569 739 1636 ἡ
794 1571 941 1638 παρὰ
987 1570 1086 1621 τὸν
1133 1569 1302 1622 αὐτὸν
1347 1568 1847 1638 κατεσκευασμένηὶ

154 1665 508 1727 λ’κχαρακτῆρω
556 1663 816 1725 εἴπωμεν·
865 1657 1082 1710 ἀπαιτεῖ
1128 1659 1232 1727 γὰρ
1272 1657 1300 1711 ὁ
1341 1660 1516 1725 λόγος.
1594 1656 1715 1726 οὐχὶ
1756 1663 1832 1728 τῷ
1856 1673 1940 1711 982
2002 1679 2004 1681 ’

156 1753 315 1816 »ῑποιςό
366 1747 439 1814 μὰ
485 1748 622 1798 Δία·
677 1753 838 1798 τοῦτο
886 1742 986 1814 μὲν
1035 1747 1139 1815 γὰρ
1187 1746 1387 1815 ὁμοίως
1434 1746 1853 1814 ἐπιτηδεύουσιν

155 1833 499 1903 ἃμφότεροι,
547 1833 683 1901 λέγω
726 1831 786 1886 δὲ
833 1835 893 1886 τὸ
938 1833 1280 1897 ἐξαλλάττειν
1321 1834 1378 1887 ἐκ
1423 1842 1522 1887 τοῦ
1569 1837 1852 1903 συνήθους

156 1921 265 1974 ’καὶ
312 1923 383 1990 μὴ
431 1923 491 1973 τὸ
538 1923 730 1975 κοινὸν
776 1922 914 1975 ἀλλὰ
961 1924 1021 1974 τὸ
1070 1924 1327 1992 περιττὸν
1374 1924 1621 1975 διώκειν·
1659 1930 1745 1994 τῷ
1791 1920 1853 1975 δὲ

88 2020 153 2057 ‘190
175 2017 327 2081 ποσῷ
374 2008 460 2061 καὶ
510 2012 587 2063 ἔτι
635 2015 845 2079 μᾶλλον
891 2019 1005 2073 τοῖς
1054 2021 1278 2080 καιροῖς.
1357 2011 1385 2064 ὃ
1430 2008 1531 2080 μὲν
1575 2013 1680 2081 γὰρ
1728 2010 1851 2064 ἆτα-

177 2099 407 2166 μιεύτως
446 2106 508 2167 τῇ
541 2107 841 2169 κατασκευῇ
882 2098 1135 2168 κέχρηται
1173 2099 1264 2152 καὶ
1297 2101 1483 2168 ἄγεται
1514 2104 1724 2168 μᾶλλον
1743 2098 1844 2152 ’ὑπ’
1877 2118 1884 2125 ·

157 2186 343 2253 ἀὐτῆς
381 2186 413 2254 ἢ
453 2186 686 2254 <αὐτὸς>
725 2189 843 2254 ἄγει
883 2187 971 2240 καὶ
1013 2185 1143 2241 οὐδὲ
1181 2190 1280 2241 τὸν
1310 2189 1506 2257 καιρὸν
1537 2187 1702 2255 αὐτῆς
1741 2187 1851 2240 ἐπί-

179 2289 366 2327 σταται
406 2278 595 2342 λαβεῖν
627 2275 832 2343 δεξιῶς,
873 2276 1009 2329 ἀλλὰ
1048 2271 1137 2329 καὶ
1175 2278 1323 2347 παρὰ
1361 2285 1560 2330 τοῦτον
1590 2277 1852 2338 πολλάκις

297 2438 351 2475 22
385 2432 433 2476 cf
459 2433 753 2489 Thucydides
786 2435 828 2478 II
860 2440 929 2491 65,
963 2441 988 2479 8

298 2585 322 2622 2
356 2577 500 2622 ἅπασι
522 2579 668 2624 Vliet:
702 2579 829 2625 ἅπαν
858 2584 863 2638 Ι
898 2583 1081 2639 χοριγὸς
1102 2584 1138 2626 Ρ
1253 2588 1278 2626 3
1311 2581 1476 2639 μέρους
1499 2582 1547 2624 Μ
1663 2586 1688 2624 5
1720 2581 1850 2624 laeu-

160 2627 289 2681 Inam
314 2637 457 2680 sensit
474 2637 760 2695 Sylburgius,
787 2640 867 2695 qui
885 2639 1015 2698 ὀλίγα
1037 2641 1096 2685 τὰ
1113 2642 1299 2686 addidit
1316 2639 1506 2698 (σπάνια
1524 2639 1582 2683 τὰ
1598 2639 1848 2695 Reiskius).

158 2687 315 2757 “plura
343 2696 509 2739 desunt
534 2697 664 2740 uelut
696 2697 746 2741 ἐν
771 2698 916 2743 ἅπασι
939 2708 1035 2751 τοῖς
1060 2715 1148 2757 συμ
1181 2703 1460 2751 ουλευτικοῖς
1483 2698 1656 2743 σπάνια
1679 2698 1736 2742 τὰ

160 2760 208 2798 ²6
234 2754 463 2810 ἁλονήσου
480 2755 657 2798 MBPv
743 2762 764 2798 ’ἶ
790 2758 952 2816 ἀγῶσι]
982 2760 1125 2804 ἀᾶῗὼσι
1269 2765 1295 2804 8
1318 2776 1388 2803 τοι
1411 2759 1591 2808 τούτοις
1614 2758 1663 2811 Ρ,
1689 2757 1854 2801 horum

161 2817 229 2858 *et
269 2813 564 2868 sequentium
603 2814 915 2871 interpunctio
948 2817 997 2860 in
1036 2834 1065 2861 v
1103 2818 1328 2874 librisque
1367 2817 1617 2862 admodum
1655 2816 1851 2860 laborat.

158 2880 165 2887 '
301 2879 325 2916 9
358 2870 571 2929 διανοίης
602 2874 637 2915 Ρ
753 2880 803 2917 11
838 2883 928 2919 τῶν
961 2875 1284 2934 ἀποβλέποντα
1315 2877 1352 2920 Β
1460 2880 1513 2919 13
1546 2874 1740 2931 ἄλλογον
1771 2876 1853 2918 ΒΡ

302 2937 354 2974 16
388 2930 474 2987 γὰρ
496 2939 699 2975 -τοῦτο
740 2931 824 2988 μὲν
863 2934 934 2976 bis
976 2935 1162 2992 scripsit
1192 2936 1228 2978 B
1350 2941 1404 2979 18
1443 2933 1585 2991 λέγων
1616 2931 1667 2978 δὲ
1700 2934 1735 2976 Β

182 2996 236 3033 22
270 2989 297 3046 ἢ
331 3004 405 3033 om
438 2991 471 3033 P
514 2993 518 3046 Ι
562 2991 700 3042 αὐτὸς
731 2992 823 3034 add
857 2991 1129 3050 Sylburgius
