1958 3192
94 1110 136 1140 10

94 1550 135 1582 15

93 1992 136 2023 20

161 155 232 208 28
583 158 925 201 ΔΙΟΝΤΣῙΟΤ
954 158 1422 199 ΑΛΙΚΑΡΝΑΣΕΩΣ

160 289 618 362 παραγγέλλουῖσι
655 290 746 344 καὶ
785 293 850 344 τὰ
887 291 1176 360 πράγματα
1215 291 1485 359 βούλεται.
1555 293 1676 344 τότε
1714 288 1866 360 μὲν4

161 382 264 451 γὰρ
321 380 426 434 ἀπὸ
480 389 580 434 τοῦ
640 381 787 433 ἰδίου
849 379 1078 431 ἐπαίνου
1139 377 1315 446 λέγων
1376 379 1539 441 αὐτὸς
1602 381 1839 449 ἄρχεται,

161 472 282 522 τότε
321 466 382 522 δὲ
421 469 526 521 ἀπὸ
566 475 660 536 τῆς
699 470 960 536 διαβολῆς
998 474 1096 519 τοῦ
1136 465 1445 535 ἀντιδίκου,
1497 469 1545 520 εἰ
1585 465 1645 520 δὲ
1683 468 1840 537 τύχοι
1919 503 1921 507 >

162 557 326 619 αὐτὸς
378 556 833 627 προδιαβληθείς,
895 556 989 616 τὰς
1043 556 1219 616 αἰτίας
1271 565 1490 625 πρῶτον
1544 555 1840 609 ἀπολύεται
1922 558 1925 602 ἶ

161 647 256 707 τὰς
294 644 423 698 καθ’
464 646 659 698 αὑτοῦ·
710 647 830 697 τότε
877 641 936 696 δὲ
983 645 1112 705 τοὺς
1159 644 1417 706 δικαστὰς
1463 643 1703 697 ἐπαινῶν
1747 643 1839 697 καὶ

161 734 488 803 θεραπεύων
527 735 763 794 οἰκείους
803 731 976 804 ἑαυτῷ
1013 751 1069 784 τε
1115 730 1206 784 καὶ
1244 739 1320 803 τῷ
1357 733 1633 802 πράγματι
1679 735 1840 785 καθί-
1903 724 1929 781 ’.

162 835 335 890 στησι,
375 824 493 874 τότε
534 818 594 874 δὲ
632 822 733 889 τὴν
771 819 1069 873 ἀσθένειαν
1107 820 1208 888 τὴν
1249 821 1398 873 ἰδίαν
1428 819 1518 873 καὶ
1550 822 1651 889 τὴν
1680 825 1840 874 πλεο-

160 909 346 973 νεξίαν
390 911 491 977 τὴν
537 917 635 962 τοῦ
682 909 966 961 ἀντιδίκου
1011 906 1102 960 καὶ
1147 909 1208 961 τὸ
1255 909 1326 978 μὴ
1373 907 1498 979 περὶ
1544 918 1655 961 τῶν
1703 914 1840 961 ἴσων

161 996 491 1067 ἀμφοτέροις
531 994 670 1050 εἶναι
710 998 807 1050 τὸν
846 997 1032 1064 ἀγῶνα
1069 997 1455 1050 ὑποδείκνυσι·
1505 1000 1627 1050 τότε
1666 994 1727 1050 δὲ
1767 998 1840 1059 ὡς

160 1087 318 1138 κοινὰ
357 1087 422 1138 τα
459 1086 748 1155 πράγματα
801 1084 891 1138 καὶ
938 1085 1207 1153 ἀναγκαῖα
1252 1093 1385 1138 πᾶσι
1430 1084 1522 1138 καὶ
1569 1085 1669 1138 οὐκ
1717 1084 1840 1149 ἄξια

159 1174 266 1226 ὑπὸ
306 1183 415 1226 τῶν
454 1174 771 1227 ἀκουόντων
809 1172 1131 1243 ἀμελεῖσθαι
1171 1173 1334 1242 λέγει,
1372 1176 1494 1227 τότε
1526 1171 1586 1226 δὲ
1619 1176 1751 1228 ἄλλο
1787 1194 1840 1227 τι

159 1263 605 1326 κατασκευάζεται
650 1272 761 1315 τῶν
809 1261 1134 1332 δυναμένων
1180 1262 1350 1315 αὐτὸν
1395 1259 1496 1331 μὲν
1543 1263 1839 1332 ὠφελῆσαι,

159 1351 256 1402 τὸν
294 1347 355 1402 δὲ
394 1350 677 1404 ἀντίδικον
717 1351 1024 1404 ἐλαττῶσαι.
1094 1359 1263 1404 ταῦτα
1310 1348 1371 1403 δὲ
1419 1353 1702 1420 συντόμως
1747 1349 1838 1403 καὶ

159 1438 373 1507 ἀφελῶς
413 1440 683 1502 διανοίαις
728 1460 785 1492 τε
831 1448 1088 1510 χρησταῖς
1133 1439 1223 1492 καὶ
1269 1440 1511 1508 γνώμαις
1563 1439 1840 1509 εὐκαίροις

159 1525 248 1579 καὶ
290 1526 635 1597 ἐνθυμήμασι
674 1531 914 1598 μετρίοις
952 1529 1263 1598 περιλαβὼν
1303 1526 1389 1580 ἐπὶ
1429 1529 1530 1596 τὴν
1563 1530 1839 1598 πρόθεσιν

161 1614 445 1683 ἐπείγεται,
471 1618 503 1668 δ
508 1615 544 1668 ι’
568 1613 632 1684 ἧς
655 1618 720 1669 τὰ
744 1616 1013 1685 μέλλοντα
1031 1615 1091 1669 ἐν
1107 1625 1224 1678 ταῖς
1247 1615 1556 1680 ἀποδείξεσι
1577 1615 1838 1684 λέγεσθαι

158 1705 436 1773 προειπὼν
467 1703 556 1757 καὶ
588 1706 686 1757 τὸν
717 1705 991 1775 ἀκροατὴν
1014 1706 1430 1775 παρασκευάσας
1454 1705 1669 1774 εὐμαθῆ
1701 1706 1838 1775 πρὸς

159 1793 257 1844 τὸν
295 1791 562 1860 μέλλοντα
601 1796 769 1861 λόγον
809 1792 895 1846 ἐπὶ
935 1794 1035 1862 τὴν
1070 1794 1326 1861 διήγησιν
1357 1796 1708 1846 καθίσταται·
1747 1792 1838 1846 καὶ

1931 963 1937 1025 ⁴}

1932 1035 1943 1219 ,ξ

1938 1228 1945 1349 ξ

1941 1356 1952 1568 ἐξ

1947 1614 1953 1649 ἱ

1950 1667 1958 1820 «ἓ

159 1882 274 1932 ἔστι
306 1883 571 1951 μεθόριον
604 1882 750 1953 αὐτῷ
784 1881 1036 1952 ἑκατέρας
1072 1882 1076 1952 Ι
1111 1891 1221 1934 τῶν
1254 1883 1417 1934 ἰδεῶν
1449 1883 1521 1944 ὡς
1551 1884 1617 1935 τὰ
1640 1884 1815 1936 πολλὰ
1839 1893 1924 1932 491

159 1968 191 2036 ἡ
228 1971 509 2038 πρόθεσις,
548 1971 650 2038 ἤδη
685 1970 750 2023 δέ
775 1989 906 2023 ποτε
937 1969 1028 2023 καὶ
1061 1970 1165 2023 ἀπὸ
1197 1973 1368 2039 μόνης
1398 1972 1596 2039 ταύτης
1623 1970 1837 2041 ἤρξατο.

159 2055 249 2109 καὶ
289 2057 725 2127 ἀπροοιμιάστως
763 2056 893 2112 ποτὲ
933 2058 1174 2127 εἰσέβαλε
1213 2059 1313 2126 τὴν
1362 2060 1617 2128 διήγησιν
1663 2059 1838 2130 ἀρχὴν

160 2146 357 2214 λαβών.
420 2145 508 2198 καὶ
535 2146 634 2198 οὐκ
660 2149 869 2216 ἄψυχος
895 2146 1015 2200 οὐδ’
1048 2147 1300 2215 ἀκίνητός
1334 2146 1445 2199 ἐστι
1477 2147 1601 2218 περὶ
1632 2148 1839 2216 ταύτην

160 2234 260 2301 τὴν
312 2233 488 2310 ἰδέαν·
543 2236 775 2303 μάλιστα
823 2235 873 2288 δ’
921 2237 990 2288 ἄν
1035 2256 1117 2298 τις
1163 2235 1333 2287 αὐτοῦ
1380 2237 1683 2304 θαυμάσειε
1737 2236 1838 2304 τὴν

281 2486 301 2523 1
329 2480 429 2524 τότε
454 2481 502 2522 Μ
539 2496 639 2524 τοτε
666 2495 720 2524 ex
744 2480 845 2525 τότε
869 2482 903 2524 F
943 2480 1044 2526 τοτὲ
1070 2482 1237 2526 BPGv
1329 2487 1352 2524 2
1378 2479 1525 2525 ἰδίους
1552 2499 1575 2525 ο
1601 2481 1650 2524 in
1675 2500 1709 2525 ω
1734 2496 1837 2525 corr

162 2539 244 2583 sed
275 2556 303 2582 v
335 2539 526 2594 reliquit
557 2540 592 2582 F
621 2543 625 2596 Ι
655 2540 792 2591 αὐτὸς
822 2541 1151 2586 Marklandus:
1185 2541 1296 2585 αὐτὸ
1328 2540 1582 2583 F2MPBG
1622 2542 1744 2584 αὐτῶ
1776 2541 1834 2584 F1

279 2604 304 2640 3
337 2596 436 2641 τότε
469 2598 517 2640 Μ
566 2614 666 2642 τοτε
707 2613 761 2642 ex
801 2599 901 2643 τότε
940 2601 974 2643 F
1023 2599 1124 2645 τοτὲ
1163 2599 1333 2643 BPGv
1454 2605 1478 2642 5
1513 2598 1678 2642 ἑαυτοῦ
1712 2599 1790 2643 Gv
1825 2600 1827 2657 1

158 2654 257 2700 τότε
290 2657 337 2699 Μ
392 2672 492 2700 τοτε
533 2671 587 2700 ex
618 2657 718 2700 τότε
750 2659 783 2699 F
823 2658 937 2701 item
966 2674 996 2702 v
1031 2665 1054 2702 7
1094 2662 1142 2703 eb
1174 2663 1199 2702 9
1239 2661 1286 2702 et
1319 2663 1371 2701 11
1411 2655 1511 2701 τοτὲ
1544 2657 1715 2701 BPGv

160 2719 185 2759 8
231 2715 316 2771 τὴν
358 2730 431 2759 om
470 2716 610 2758 MPB
731 2721 755 2758 9
803 2716 1102 2762 ὑποδείκνυσι
1147 2717 1303 2761 FGP:
1351 2714 1654 2760 ἀποδείκνυσι
1700 2717 1834 2760 MBv

279 2779 328 2817 11
365 2774 472 2818 ἄλλό
504 2791 572 2825 τις
595 2775 643 2817 Μ
735 2781 788 2818 12
821 2773 904 2830 μὲν
937 2777 1030 2819 add
1061 2778 1118 2819 F¹
1163 2774 1245 2832 μὲν
1277 2775 1419 2819 αὐτὸν
1454 2774 1492 2818 G
1585 2780 1638 2818 13
1670 2775 1751 2819 τὸν
1782 2773 1833 2819 δὲ

159 2831 398 2878 αντιδίκον
430 2847 485 2877 ex
516 2841 607 2877 τῶν
639 2831 689 2877 δὲ
724 2832 971 2878 ἀντιδίκων
995 2835 1054 2877 F²
1081 2836 1085 2894 Ι
1116 2836 1380 2879 ἐλαττοῦσαι
1403 2834 1450 2876 Μ
1544 2839 1597 2877 15
1631 2833 1833 2878 ἐπὶ-ἐν

158 2900 259 2942 ταῖς
286 2892 457 2936 omissa
482 2892 530 2935 in
554 2907 633 2949 mg
658 2893 793 2949 suppl
819 2907 919 2936 corr
942 2894 989 2935 M
1082 2900 1134 2937 17
1168 2893 1300 2951 πρὸς]
1336 2893 1399 2943 εἰς
1425 2891 1463 2935 G
1554 2898 1606 2935 21
1641 2893 1834 2947 ἀπροοι-

159 2949 347 3007 μίαστός
379 2951 457 2995 Gv
548 2957 603 2994 22
637 2950 744 2996 οὐδὲ
776 2952 859 2994 ΒΡ
950 2957 1004 2995 23
1036 2952 1275 3008 θαυμάσοι
1310 2951 1347 2995 G
1390 2950 1678 3007 θαυμάσειεν
1709 2951 1768 2994 F²
