1958 3192
860 117 1243 161 —XXVI—

210 258 424 308 tantum
462 254 673 323 fecisse,
711 253 960 323 uulgatae
998 252 1240 304 lectionis
1286 251 1380 304 ubi
1417 252 1568 322 origo
1615 251 1894 304 indicanda

211 346 341 396 erat.

324 430 505 482 Etiam
558 430 718 499 primi
772 430 834 482 de
889 428 1187 481 oratoribus
1250 429 1484 498 antiquis
1545 429 1670 481 libri
1731 431 1890 497 caput

213 520 357 588 quod
395 522 476 572 est
515 519 577 571 de
614 518 812 587 Lysia
851 516 1135 585 separatim
1175 517 1431 586 scriptum
1477 521 1559 569 est
1605 517 1660 568 in
1699 516 1893 569 codici—

213 608 314 660 bus
377 611 647 660 oratorum
710 610 762 658 et
817 606 1228 658 declamatorum
1290 604 1706 674 Guelferbytano
1763 604 1889 657 olim

213 695 628 748 Helmstadiensi
666 695 884 757 membr.
925 713 963 746 S.
1002 691 1133 745 XVI
1174 711 1331 762 quem
1368 693 1668 747 Fridericus
1713 692 1891 746 Hano-

212 785 333 836 uius
360 785 489 836 olim
514 802 718 836 mecum
737 783 953 844 Bonnae
979 781 1220 851 contulit,
1235 781 1625 835 Parisiensibus
1650 800 1726 852 gr.
1744 781 1886 834 2131

212 871 329 924 Iani
366 872 606 924 Lascaris
645 890 804 922 manu
853 870 1050 938 scripto
1092 869 1155 942 (O
1204 870 1325 922 inde
1373 889 1403 922 a
1443 869 1631 923 Grosio
1671 868 1887 942 dicitur)

207 964 268 1013 vet
306 961 452 1012 2944
499 978 628 1013 saec.
661 959 763 1012 XV
803 957 946 1030 (D)1,
998 958 1204 1011 Veneto
1256 959 1623 1027 bybliothecae
1669 958 1891 1011 Marcia-

211 1067 309 1100 nae
348 1048 456 1100 522
494 1049 711 1100 membr.
753 1066 791 1099 s,
829 1047 948 1116 XV,
996 1046 1270 1100 Vaticanis
1308 1046 1567 1099 Palatinis
1605 1067 1654 1099 n.
1691 1047 1796 1100 134
1835 1050 1889 1100 et

207 1137 334 1189 269.
431 1136 533 1188 hoc
595 1154 803 1204 quoque
864 1135 1125 1188 librorum
1195 1153 1361 1206 genus
1423 1136 1887 1204 interpolationem

204 1225 543 1294 grammatici
574 1224 859 1293 Byz‘antini
890 1242 1106 1293 passum
1139 1227 1235 1293 est,
1265 1224 1403 1276 unde
1435 1225 1612 1276 euenit
1635 1227 1696 1276 ut
1727 1224 1886 1277 lectio

209 1314 368 1382 paulo
430 1313 639 1382 planior
699 1317 753 1366 et
806 1313 1133 1366 commodior
1193 1316 1332 1365 esset
1393 1331 1551 1382 quam
1613 1331 1674 1364 ea
1727 1331 1887 1382 quam

202 1405 371 1454 testes
411 1402 628 1471 genuini
667 1402 932 1454 exhibent.
996 1402 1087 1454 sed
1119 1401 1413 1454 cauendum
1451 1420 1517 1454 ne
1555 1401 1735 1454 fallaci
1773 1420 1885 1470 spe-

207 1491 286 1543 cie
312 1490 647 1559 decipiamur.
703 1509 806 1559 qua
837 1491 900 1542 de
923 1509 980 1543 re
1002 1489 1455 1542 Radermacherus
1485 1489 1631 1542 hisce
1660 1489 1885 1543 lectores

209 1579 477 1631 admonet:
539 1578 621 1631 ‘In
658 1579 820 1647 Lysia
867 1579 1115 1631 lectionis
1161 1578 1508 1647 interpolatae
1557 1581 1748 1631 testem
1800 1597 1884 1631 ex-

206 1667 482 1719 hibuimus
542 1667 739 1719 librum
797 1666 1273 1736 Guelferbytanum
1319 1686 1367 1719 n.
1408 1667 1538 1736 8063
1599 1667 1711 1719 eius
1757 1667 1884 1720 libri

208 1755 568 1824 similiumque
593 1756 836 1808 defensor
860 1756 1068 1808 exstitit
1093 1756 1185 1825 qui
1217 1758 1337 1808 ante
1360 1755 1459 1808 hos
1491 1774 1684 1808 nouem
1717 1774 1882 1808 annos

206 1843 460 1895 iudicium
530 1844 592 1895 de
653 1844 814 1912 Lysia
874 1845 1039 1897 edidit
1090 1843 1154 1896 A.
1204 1843 1275 1897 M.
1330 1843 1731 1896 Desrousseaux
1799 1844 1884 1897 uir
1952 1903 1953 1906 Ἴ

204 1931 558 1984 doctissimus.
621 1951 752 2001 quae
792 1933 972 2002 opinio
1013 1951 1172 2002 quam
1202 1932 1367 1984 fallax
1398 1932 1574 2002 fuerit,
1613 1933 1669 1984 in
1699 1931 1882 1985 Fleck-

203 2020 371 2072 eiseni
402 2020 579 2071 annali
615 2021 753 2073 1895
786 2041 834 2090 p.
853 2022 960 2073 243
987 2040 1061 2090 sq.
1095 2021 1456 2073 demonstrare
1489 2021 1665 2073 conati
1698 2039 1881 2074 sumus

202 2108 416 2160 ‘selectis
447 2108 644 2160 talibus
678 2110 947 2179 exempliS,
987 2109 1232 2178 qualibus
1267 2108 1671 2177 Guelferbytani
1700 2109 1879 2162 lectio-

203 2215 298 2248 nes
324 2196 443 2248 illas
469 2197 768 2249 emendatas
794 2216 913 2250 cum
939 2198 1145 2250 dicendi
1169 2216 1270 2250 usu
1287 2197 1617 2266 Dionysiano
1641 2216 1879 2267 pugnare

202 2284 499 2336 >certissime
538 2289 826 2353 appareret.
903 2285 1018 2348 Qua
1062 2304 1118 2338 re
1165 2286 1220 2338 in
1268 2286 1581 2354 corruptelis
1628 2285 1879 2338 tollendis

202 2375 383 2441 spreta
432 2372 756 2440 reliquorum
801 2374 1059 2426 librorum
1106 2375 1331 2427 lectione
1385 2393 1414 2426 a
1462 2373 1907 2442 Guelferbytano·

201 2460 422 2528 eiusque
483 2460 696 2512 asseclis
749 2462 1013 2528 proficisci
1075 2463 1291 2515 omnino
1352 2462 1500 2514 nefas
1554 2462 1878 2531 putauimUS,

202 2549 354 2600 cuius
394 2549 469 2600 rei
509 2548 900 2616 apertissimum
939 2549 1108 2603 habeo
1150 2551 1524 2604 documentum
1564 2550 1626 2601 de
1665 2549 1787 2618 Lys.
1826 2569 1877 2618 p.

326 2773 345 2810 1
382 2765 446 2810 Cf.
480 2766 639 2823 Denys
677 2765 1050 2812 &Halicarnasso
1086 2770 1317 2826 juyemefnt
1354 2784 1434 2814 sm·
1463 2769 1651 2826 Lysias,
1691 2772 1804 2811 texte
1836 2774 1877 2812 et

202 2841 463 2886 traduction
492 2841 720 2894 franqaz‘se
754 2875 760 2882 .
791 2874 800 2882 .
827 2875 833 2882 .
861 2854 953 2895 par
971 2842 1025 2884 A.
1047 2842 1113 2884 M.
1134 2842 1476 2887 Desroussecmx
1506 2847 1549 2887 et
1572 2842 1703 2885 Max.
1723 2841 1878 2899 Eyyer

197 2914 361 2972 (Paris.
398 2915 528 2969 1890)
559 2928 603 2969 p.
636 2912 698 2955 IX
724 2927 788 2967 sq.
