2004 3202
256 139 366 190 412
675 142 1017 183 ΔΙΟΝΤΣΙΟΤ
1049 141 1514 183 ΑΛΙΚΑΡΝΑΣΕΩΣ

259 273 692 344 κατηξιώθησαν.
770 277 863 328 ἵνα
915 272 986 328 ’δὲ
1046 276 1281 344 μηδεμία
1341 274 1551 339 ὑποψία
1603 273 1728 328 καθ’
1781 275 1938 345 ἡμῶν

259 364 484 432 τοιαύτη
518 363 770 432 γένηται,
809 365 870 416 τὸ
911 361 1013 432 μὲν
1051 363 1304 432 ἐπιτιμᾶν
1341 377 1452 416 τισι
1495 361 1584 416 καὶ
1625 369 1937 433 μεμνῆσθαι
1973 358 1977 405 ‘f

259 461 372 504 τῶν
424 452 819 522 ἡμαρτημένων
859 452 1046 514 αὐτοῖς
1086 451 1336 521 ἐάσομεν·
1382 451 1502 523 περὶ
1558 449 1618 504 δὲ
1655 461 1767 504 τῶν
1810 472 1936 505 κατ-

261 541 635 609 ορθωσάντων
676 540 735 592 ἐν
775 549 838 611 τῇ
879 542 1099 609 μιμήσει
1139 541 1304 609 μικρά
1349 539 1686 610 προσθέντες
1725 542 1804 593 ἔτι
1843 561 1936 593 κα-

214 654 235 685 5
260 630 611 698 ταπαύσομεν
636 628 806 681 αὐτοῦ
831 629 931 681 τὸν
954 631 1135 696 λόγον.
1184 628 1568 699 Συγγραφέων
1591 626 1692 698 μὲν
1716 625 1818 682 οὖν
1843 628 1937 699 ἀρ-
1979 639 1981 646 “

259 720 448 785 χαίων,
482 715 582 770 ὅσα
613 715 747 786 κάμὲ
780 717 1002 788 εἰδέναι,
1038 719 1388 771 Θουκυδίδου
1419 718 1649 787 μιμητὴς
1680 716 1938 784 <οὐδεὶς>

262 804 476 873 ἐγένετο
530 807 667 858 κατὰ
720 807 890 859 ταῦτά
945 826 1023 875 γε,
1075 805 1202 858 καθ’
1251 806 1284 859 ἃ
1338 808 1488 859 δοκεῖ
1540 807 1773 875 μάλιστα
1792 781 1810 854 ἶ
1825 815 1938 859 τῶν
1980 831 1981 834 “

261 895 443 946 ἄλλων
483 893 797 965 διαφέρειν,
836 897 972 947 κατὰ
1011 896 1110 963 τὴν
1149 896 1601 964 γλωσσηματικὴν
1639 893 1727 947 καὶ
1768 894 1936 965 ἀπηρ-
1983 947 1985 950 ,

259 982 569 1051 χαιωμένην
615 981 705 1036 καὶ
751 985 1042 1052 ποιητικὴν
1086 982 1174 1036 καὶ
1225 983 1386 1052 ξένην
1432 982 1607 1052 λέξιν,
1661 981 1750 1036 καὶ
1803 984 1940 1036 κατὰ

196 1095 235 1125 10
260 1072 355 1132 τὰς
415 1072 760 1142 ὑπερβατοὺς
820 1071 910 1124 καὶ
972 1075 1355 1134 πολυπλόκους
1407 1070 1497 1124 καὶ
1554 1071 1606 1135 ἐξ
1661 1071 1939 1141 ἀποκοπῆς

259 1161 436 1212 πολλὰ
469 1164 759 1229 σημαίνειν
789 1162 1079 1230 πράγματα
1109 1160 1450 1230 βουλομένας
1478 1160 1569 1213 καὶ
1602 1162 1695 1213 διὰ
1725 1168 1937 1230 μακροῦ

267 1249 362 1310 τὰς
402 1248 693 1311 ἀποδόσεις
727 1251 1112 1319 λαμβανούσας
1143 1251 1375 1322 νοήσεις,
1414 1248 1505 1302 καὶ
1537 1252 1615 1302 ἔτι
1647 1251 1784 1321 πρὸς
1813 1249 1939 1302 τού-

261 1358 376 1399 τοις
430 1339 566 1390 κατά
618 1341 748 1401 τοὺς
802 1341 1027 1402 σκαιοὺς
1078 1337 1168 1391 καὶ
1227 1337 1679 1408 πεπλανημένους
1734 1338 1791 1391 ἐκ
1843 1346 1939 1407 τῆς

260 1427 396 1478 κατὰ
451 1427 624 1495 φύσιν
687 1431 947 1495 συζυγίας
1006 1426 1096 1480 καὶ
1158 1426 1275 1480 οὐδ’
1331 1426 1390 1479 ἐν
1444 1427 1623 1497 ἁπάσῃ
1684 1435 1936 1498 ποιητικῇ

195 1536 237 1568 15
261 1515 446 1583 χώραν
485 1518 708 1584 ἔχοντας
748 1516 1168 1585 σχηματισμούς,
1208 1515 1260 1579 ἐξ
1302 1512 1380 1568 ὧν
1409 1516 1442 1584 ἡ
1481 1517 1656 1568 πάντα
1691 1515 1696 1583 Ι
1733 1521 1923 1585 λυμαι-
1941 1533 1994 1572 94

260 1603 463 1672 νομένη
517 1605 583 1656 τὰ
628 1606 766 1657 καλά
813 1603 904 1657 καὶ
952 1607 1149 1657 σκότον
1193 1603 1507 1674 παρέχουσα
1555 1613 1673 1666 ταῖς
1724 1604 1939 1675 ἀρεταῖς

262 1691 498 1761 ἀσάφεια
536 1698 824 1763 παρῆλθεν
864 1695 941 1755 εἰς
979 1695 1108 1755 τοὺς
1147 1695 1360 1759 λόγους.

189 1789 259 1840 53
365 1780 635 1851 Ῥητόρων
670 1778 730 1833 δὲ
761 1780 1129 1850 Δημοσθένης
1168 1783 1351 1849 μόνος,
1392 1782 1566 1851 ὥςπερ
1606 1791 1717 1834 τῶν
1755 1783 1939 1835 ἄλλων
1988 1814 1993 1846 3

265 1869 385 1922 ὅσοι
433 1869 569 1938 μέγα
616 1889 666 1921 τι
713 1868 803 1921 καὶ
850 1870 1101 1938 λαμπρὸν
1154 1867 1349 1932 ἔδοξαν
1401 1878 1582 1922 ποιεῖν
1630 1869 1690 1921 ἐν
1736 1872 1939 1938 λόγοις,

195 1980 240 2011 20
264 1958 406 2011 οὕτω
446 1957 536 2010 καὶ
573 1959 925 2010 Θουκυδίδου
960 1959 1193 2026 ζηλωτὴς
1234 1956 1446 2024 ἐγένετο
1478 1959 1613 2010 κατὰ
1642 1959 1819 2011 πολλὰ
1848 1956 1940 2011 καὶ
1991 1966 1993 1973 ⁴

261 2046 574 2116 προσέθηκε
612 2056 727 2109 τοῖς
766 2051 1069 2108 πολιτικοῖς
1109 2048 1294 2114 λόγοις
1324 2044 1449 2117 παρ’
1490 2046 1702 2099 ἐκείνου
1734 2049 1938 2116 λαβών,
1987 2061 1993 2103 ’ξ

264 2135 327 2197 ἃς
360 2136 485 2188 οὔτε
510 2134 785 2203 Ἀντιφῶν
818 2136 942 2187 οὔτε
977 2138 1187 2197 Λυσίας
1219 2136 1344 2188 οὔτε
1368 2134 1678 2205 Ἰσοκράτης
1710 2136 1763 2188 οἱ
1793 2153 1938 2205 πρω-
1992 2181 1993 2204 3

264 2224 553 2286 τεύσαντες
600 2234 710 2276 τῶν
755 2227 876 2276 τότε
925 2224 1173 2294 ῥητόρων
1219 2226 1381 2292 ἔσχον
1431 2223 1646 2294 ἀρετάς,
1692 2225 1757 2276 τὰ
1803 2225 1936 2292 τάχη

265 2312 403 2380 λέγω
437 2311 526 2364 καὶ
558 2314 653 2374 τὰς
686 2314 999 2382 συστροφὰς
1030 2311 1120 2364 καὶ
1152 2314 1281 2374 τοὺς
1312 2314 1508 2375 τόνους
1539 2311 1628 2364 καὶ
1653 2313 1712 2364 τὸ
1738 2312 1939 2382 πικρὸν

198 2419 241 2451 25
265 2399 355 2452 καὶ
395 2402 454 2452 τὸ
497 2402 767 2470 στριφνὸν
805 2400 894 2453 καὶ
930 2402 1031 2469 τὴν
1063 2400 1441 2470 ἐξεγείρουσαν
1472 2402 1537 2453 τὰ
1568 2402 1719 2468 πάθη
1761 2401 1938 2452 δεινό-

265 2505 418 2555 τητα·
465 2490 525 2540 τὸ
573 2486 633 2540 δὲ
687 2491 1076 2556 κατάγλωσσον
1122 2497 1215 2556 τῆς
1271 2488 1460 2553 λέξεως
1506 2488 1595 2541 καὶ
1644 2488 1802 2552 ξένον
1847 2486 1938 2540 καὶ
1994 2523 1996 2525 ·

385 2654 409 2689 3
445 2644 649 2702 ἐάσωμεν
680 2647 727 2689 Μ
764 2652 768 2701 l
805 2646 855 2691 δὲ
888 2648 968 2692 τὸν
994 2648 1086 2691 ΜΡ
1273 2653 1298 2691 5
1330 2648 1697 2704 καταπαύσωμεν
1728 2647 1819 2689 MP

267 2711 293 2749 6
328 2706 480 2756 οὐδεὶς
504 2706 541 2749 f:
578 2720 651 2748 om
676 2706 768 2747 MP
870 2712 921 2748 12
955 2705 1193 2759 ἀποδέξεις
1217 2708 1252 2750 Ρ
1339 2711 1391 2749 13
1426 2708 1630 2763 σκαιοὺς]
1657 2706 1863 2755 σκολιοὺς
1895 2703 1938 2748 ci

266 2765 528 2820 Kruegerus
719 2769 772 2805 14
804 2767 911 2819 post
936 2773 1151 2823 ποιητικῇ
1183 2765 1477 2809 intercidisse
1501 2772 1759 2822 κατασκευῇ
1785 2764 1936 2806 ‘Krue-

265 2837 403 2880 gerus
437 2823 478 2866 ei
631 2827 683 2865 15
717 2819 800 2879 ὧν]
835 2821 868 2865 ὣ
901 2823 936 2865 Ρ
1098 2829 1149 2866 21
1184 2823 1295 2880 παρ’
1327 2821 1506 2869 ἐκείνου
1538 2824 1574 2866 Ρ
1605 2826 1742 2878 reete,
1777 2823 1857 2867 sed
1887 2821 1937 2864 in

266 2898 346 2938 mg
379 2899 445 2939 γρ.
479 2879 591 2936 παρ’
623 2878 803 2925 ἐκείνου
836 2881 959 2923 idem
1081 2887 1135 2926 25
1169 2883 1390 2940 στριφνὸν
1422 2883 1533 2927 MP:
1567 2883 1799 2937 στρυφνὸν
1830 2882 1853 2923 f

266 2947 322 2985 26
355 2940 473 2985 κατὰ
506 2943 709 2997 γλῶσσαν
742 2940 765 2981 f
