1958 3192
723 173 776 179 —
839 146 1010 190 XXXV
1069 174 1124 179 —

92 281 272 351 peium
313 280 595 334 Geminum
633 282 916 352 epistulam
960 282 1157 351 ederet,
1207 281 1292 334 cui
1346 284 1506 350 caput
1541 280 1668 333 libri
1706 281 1769 334 de

92 370 393 423 imitatione
442 370 660 423 secundi
713 370 951 424 subiecit.
1040 373 1164 439 post
1226 387 1385 438 quam
1445 369 1645 422 librum
1707 370 1770 422 de

94 458 392 512 imitatione
454 458 672 511 tertium
727 460 985 528 scriptum
1045 461 1326 527 totumque
1381 475 1516 528 opus
1570 458 1773 510 editum

97 565 212 600 esse
250 547 364 616 ipse
402 547 557 599 testis
597 551 679 599 est
718 548 781 601 de
820 547 983 600 Thuc.
1021 566 1071 616 p.
1110 545 1234 615 325,
1266 546 1314 599 3.
1367 543 1508 599 inter
1545 546 1774 615 antiqui-

94 653 187 688 ora
247 635 446 704 scripta
498 635 740 688 habenda
794 639 874 689 est
929 636 1088 689 etiam
1143 635 1445 688 dissertatio
1498 633 1624 705 περὶ
1678 642 1774 703 τῆς

93 729 377 792 πολιτικῆς
417 728 752 794 φιλοσοφίας
796 725 935 795 πρὸς
972 727 1102 787 τοὺς
1139 723 1568 795 κατατρέχοντας
1606 723 1775 791 αὐτῆς

94 812 294 876 ἀδίκως
345 811 740 884 (Philodemum
795 813 984 882 opinor
1037 813 1255 882 eiusque
1310 811 1561 884 asseclas)
1614 830 1774 881 quam

94 901 158 954 de
196 901 360 954 Thuc.
397 921 448 971 p.
487 902 612 973 327,
635 903 702 954 21
754 920 809 955 se
849 902 976 955 olim
1027 902 1303 972 euolgasse
1342 902 1556 955 fatetur.
1633 901 1774 953 dein-

12 999 20 1017 ·'
93 1008 216 1059 ceps
279 1009 398 1042 cum
461 991 861 1060 quaestionibus
924 991 986 1043 de
1041 991 1371 1044 orationibus
1424 988 1776 1043 Demostheni

93 1081 186 1130 aut
223 1082 365 1131 recte
404 1082 497 1131 aut
534 1078 670 1131 falso
710 1079 990 1148 adscriptis
1023 1083 1311 1148 occupatus
1342 1083 1496 1149 esset,
1535 1077 1594 1140 Q.
1618 1076 1774 1130 Aelio

93 1166 361 1219 Tuberoni
383 1167 594 1237 roganti
618 1185 819 1219 morem
851 1170 912 1220 ut
943 1171 1164 1238 gereret,
1194 1168 1450 1220 iudicium
1482 1167 1545 1219 de
1569 1167 1776 1234 Thucy-

93 1255 213 1308 dide
273 1256 500 1324 scripsit.
597 1258 721 1324 post
782 1255 924 1324 quod
987 1256 1269 1324 epistulam
1331 1256 1398 1308 ad
1459 1254 1775 1308 Ammaeum

15 1343 33 1384 ἱ-
92 1342 478 1411 Thucydidiam
528 1342 679 1395 breui
717 1346 957 1411 tempore
1003 1343 1320 1412 interposito
1372 1345 1620 1397 emissam
1660 1361 1774 1396 esse

16 1424 34 1514 ff
92 1431 320 1500 scriptor
367 1431 481 1499 ipse
527 1450 577 1499 p.
615 1430 740 1501 421,
775 1431 840 1483 11
890 1434 1132 1484 testatur.
1223 1431 1551 1500 reliquorum
1606 1435 1775 1484 orato·

16 1525 22 1562 ῑ
90 1538 211 1573 rum
259 1519 470 1572 tabulas
523 1519 735 1589 quando
787 1519 1081 1588 Dionysius
1139 1520 1388 1590 ediderit,
1441 1519 1648 1572 nullum
1700 1520 1775 1571 in-

15 1631 33 1662 2-
93 1608 290 1661 dicium
340 1611 435 1660 est.
510 1608 566 1660 in
619 1608 704 1661 his
759 1609 926 1678 igitur
980 1609 1419 1678 acquiescendum
1471 1609 1626 1661 nobis
1680 1611 1775 1660 est.

15 1707 25 1755 J
91 1697 271 1750 nullus
332 1697 473 1749 enim
537 1696 674 1750 liber
737 1715 841 1766 quo
906 1697 1015 1750 fere
1077 1716 1214 1750 anno
1281 1698 1454 1750 editus
1516 1697 1587 1750 sit
1653 1696 1776 1748 sciri

26 1849 30 1854 ¹
89 1789 289 1855 potest:
338 1785 440 1838 hoc
486 1803 652 1838 unum
700 1789 909 1838 constat
962 1786 1140 1838 omnia
1192 1790 1316 1855 post
1370 1805 1566 1838 annum
1620 1784 1775 1837 XXX

4 1888 5 1893 ’
92 1892 136 1925 a.
177 1872 298 1926 Chr.
338 1878 462 1926 nata
500 1892 639 1943 esse,
691 1893 795 1943 quo
849 1873 1142 1943 Dionysius
1179 1874 1382 1928 Romae
1430 1875 1606 1927 sedem
1655 1874 1777 1926 fixit

93 1960 183 2033 (cf.
223 1966 327 2015 ant.
366 1962 519 2014 Rom.
558 1960 584 2013 I
619 1960 690 2033 7),
729 1962 1002 2031 aliquanto
1042 1965 1164 2015 ante
1205 1981 1335 2015 coss
1375 1961 1453 2014 Ti.
1494 1961 1775 2014 Claudium

90 2050 359 2105 Neronem
406 2051 599 2102 iterum
646 2054 700 2102 et
746 2049 837 2102 Cn.
879 2049 1224 2119 Calpurnium
1262 2051 1513 2103 Pisonem
1562 2049 1630 2122 (a.
1668 2048 1775 2103 VH

92 2157 136 2191 a.
176 2137 349 2210 Chr),
403 2157 508 2207 quo
559 2157 696 2191 anno
737 2139 1148 2208 antiquitatibus
1194 2139 1450 2192 Romanis
1503 2139 1775 2208 praefatus

92 2231 190 2296 est,
227 2228 370 2280 edita
407 2227 574 2280 fuisse
612 2227 767 2280 ualde
805 2227 1080 2296 probabile
1120 2231 1213 2280 est.
1493 2222 1502 2230 ’

202 2493 411 2546 Edendi
459 2491 708 2560 Dionysii
755 2492 930 2544 socius
979 2493 1114 2545 mihi
1169 2494 1507 2563 gratissimus
1555 2495 1776 2548 accessit

18 2570 27 2653 f
93 2581 395 2634 Ludouicus
422 2580 827 2649 Radermacher,
868 2581 960 2649 qui
993 2600 1151 2650 quam
1185 2582 1494 2635 adulescens
1533 2587 1775 2636 mouerat

11 2669 31 2714 ἔ
94 2687 242 2738 spem
281 2670 410 2722 adeo
449 2688 556 2722 non
594 2668 813 2738 fefellit,
858 2673 920 2721 ut
958 2670 1020 2722 de
1060 2669 1321 2738 Dionysio
1370 2672 1581 2741 egregie
1620 2672 1774 2724 meri-

13 2742 32 2837 ἕ,,
94 2760 181 2810 tus
220 2758 304 2810 sit.
374 2757 703 2826 prouinciam
743 2758 818 2809 ita
855 2758 1041 2826 partiti
1082 2777 1281 2828 sumUS,
1318 2763 1380 2812 ut
1417 2777 1515 2830 ego
1555 2760 1772 2828 reliqua,

17 2838 32 2931 ‘-
95 2845 186 2898 ille
222 2846 420 2898 librum
460 2845 523 2898 de
565 2845 864 2898 oratoribus
904 2846 1140 2915 antiquis
1171 2847 1420 2916 primum,
1458 2848 1773 2900 Demosthe-

94 2951 232 3001 nem,
261 2932 589 2985 Dinarchum
623 2933 851 2985 edendos
882 2933 1153 3001 receperit.
1208 2924 1616 2988 Radermacheri
1655 2953 1771 3003 por-

1449 3022 1505 3063 C*
