2004 3202
0 0 90 172 Γ
205 0 302 72 1

94 297 264 363 ἀξιῶν
302 294 442 351 εἶναι
482 298 583 366 τὴν
614 299 918 366 διάλεκτον,
959 299 1032 361 ὡς
1069 305 1164 367 τῆς
1201 298 1404 366 ἡδονῆς
1443 300 1589 352 ἅπαν
1621 299 1773 369 ἐχού-

96 400 194 456 σης
233 386 293 440 ἐν
332 388 518 454 λόγοις
555 386 616 439 τὸ
660 387 880 455 κράτος,
929 386 1285 440 ἀπολείπεταί
1325 405 1455 440 ποτε
1500 396 1601 441 τοῦ
1646 389 1773 458 πρέ-

94 494 308 538 ποντος.
385 475 485 543 οὐχ
532 475 746 528 ἅπαντα
793 474 858 528 δέ
898 495 960 544 γε
1006 477 1071 528 τὰ
1119 475 1408 545 πράγματα
1454 477 1555 544 τὴν
1601 477 1774 546 αὐτὴν

7 577 121 616 1008
148 564 364 617 ἀπαιτεῖ
409 564 713 630 διάλεκτον,
762 562 882 617 ἀλλ’
926 565 931 632 Ι
974 566 1124 617 ἔστιν
1161 565 1342 633 ὥσπερ
1390 557 1600 634 σῶμασι
1646 566 1773 636 πρέ-

94 654 275 706 πουσά
312 672 395 714 τις
434 651 619 720 ἐσθής,
660 652 833 715 οὕτως
871 651 961 705 καὶ
1001 654 1273 722 νοήμασιν
1307 653 1653 722 ἁρμόττουσά
1691 675 1774 718 τις
1820 672 1841 704 5

725 163 1147 207 ΔΗΜΟΣΘΕΝΗΣ
1669 166 1771 219 167

96 741 377 810 ὀνομασία.
453 742 513 793 τὸ
555 739 606 793 δ’
639 740 696 793 ἐκ
742 742 946 804 παντὸς
991 741 1220 810 ἡδύνειν
1257 743 1352 804 τὰς
1391 741 1774 812 ἀκοάςεύφώ-

95 850 210 882 νων
271 850 327 883 τε
388 828 478 882 καὶ
504 834 797 903 ,μαλακῶν
850 830 1136 899 ὀνομάτων
1189 829 1384 901 ἐκλογῇ
1446 829 1535 884 καὶ
1596 832 1775 885 πάντα

95 918 288 983 ἀξιοῦν
327 920 405 981 εἰς
451 918 770 988 εὐρύθμους
816 922 1156 972 κατακλείειν
1193 921 1470 989 περιόδων
1509 919 1775 990 ἁρμονίας

94 1006 184 1060 καὶ
240 1009 331 1060 διὰ
385 1017 496 1060 τῶν
548 1013 858 1076 θεατρικῶν
912 1009 1202 1076 σχημάτων
1257 1011 1618 1073 καλλωπίζειν
1677 1011 1775 1063 τὸν

96 1099 265 1164 λόγον
304 1095 405 1149 οὐκ
450 1092 520 1164 ἦν
557 1104 801 1166 πανταχῇ
849 1098 1131 1165 χρήσιμον.
1198 1096 1336 1150 ἀλλὰ
1382 1100 1546 1151 τοῦτό
1592 1118 1654 1166 γε
1693 1101 1774 1152 δι-
1799 1117 1842 1148 10

95 1186 399 1237 δάσκουσιν
437 1184 576 1253 ἡμᾶς
622 1183 711 1237 καὶ
760 1186 812 1237 οἱ
858 1186 925 1237 τὰ
964 1187 1064 1253 ἔπη
1111 1183 1201 1238 καὶ
1242 1187 1295 1238 οἱ
1333 1187 1429 1248 τὰς
1467 1189 1775 1259 τραγῳδίας

94 1272 184 1325 καὶ
226 1274 279 1326 οἱ
317 1275 383 1326 τὰ
421 1272 555 1342 με’λη
594 1275 660 1326 τὰ
700 1274 973 1326 σπουδαῖα
1015 1275 1347 1343 γράψαντες,
1395 1275 1463 1328 οὐ
1502 1277 1775 1346 τοσαύτην

93 1362 418 1430 ποιούμενοι
456 1369 552 1429 τῆς
589 1361 794 1430 ἡδονῆς
834 1363 1009 1429 δόσιν,
1050 1363 1186 1431 ὅσην
1223 1371 1319 1430 τῆς
1357 1363 1634 1432 ἀληθείας.

206 1451 254 1502 εἰ
295 1447 354 1502 δὲ
394 1450 579 1519 ὀρθῶς
626 1450 997 1519 ἐπιλογίζομαι
1045 1450 1198 1504 ταῦτ’
1239 1451 1343 1519 ἐγὼ
1390 1451 1481 1505 καὶ
1524 1455 1675 1506 ἔστιν
1714 1453 1775 1506 ἐν
1795 1452 1861 1503 19

94 1538 316 1601 ταύταις
355 1548 473 1601 ταῖς
511 1538 730 1610 ἀρεταῖς
770 1538 1114 1609 ἐνδεέστερος
1153 1539 1181 1593 ὁ
1222 1539 1387 1610 ἀνήρ,
1433 1542 1660 1611 πάρεστι
1699 1549 1774 1613 τῷ
1800 1562 1842 1593 15

94 1626 413 1700 βουλομένῳ
447 1626 787 1681 σκοπεῖν’ἐπὶ
811 1635 906 1696 τῆς
929 1627 1130 1698 ἀρτίως
1159 1632 1561 1699 παρατεθείσης
1585 1630 1776 1695 λέξεως

93 1715 405 1788 ποιουμένῳ
458 1717 560 1785 τὴν
607 1716 864 1781 ἐξέτασιν.
941 1716 1151 1780 εὐθέως
1202 1725 1345 1785 γοῦν
1398 1719 1500 1787 τὴν
1552 1720 1776 1789 πρώτην

95 1805 352 1857 διάνοιαν
391 1805 600 1872 ὀλίγοις
638 1805 907 1875 ὀνόμασιν
939 1805 1292 1875 ἐξενεχθῆναι
1331 1806 1647 1876 δυναμένην
1677 1828 1776 1877 μα-

96 1894 236 1962 κρὰν
257 1902 405 1946 ποιεῖ
433 1898 838 1963 κυκλογραφῶν
868 1893 958 1947 καὶ
992 1893 1078 1957 δὶς
1108 1894 1140 1963 ἢ
1173 1894 1291 1965 τρὶς
1320 1897 1387 1948 τὰ
1418 1895 1557 1949 αὐτὰ
1586 1895 1775 1964 λέγων.
1841 1917 1871 1936 1

0 1994 122 2034 '1009
151 1981 282 2050 ἐνῆν
325 1982 330 2051 ᾗ
375 1978 476 2050 μὲν
515 1978 618 2035 οὗν
657 1982 718 2034 ἐν
755 1989 831 2054 τῷ
867 1984 1064 2055 πρώτῳ
1103 1984 1259 2055 κώλῳ
1299 1991 1375 2055 τῷ
1415 1985 1524 2046 ετίς
1561 1986 1666 2054 γὰρ
1706 1984 1776 2037 ἂν
1800 2004 1843 2036 20

97 2072 340 2123 ἄλλοθεν
379 2069 657 2123 ἐπελθών’
696 2071 756 2123 τὸ
806 2070 920 2123 (καὶ
959 2072 1031 2140 μὴ
1073 2071 1590 2142 συνδιεφθαρμένος
1627 2073 1776 2142 ἡμῖν,

96 2158 216 2212 ἀλλ’
258 2158 517 2227 ἐξαίφνης
560 2158 780 2221 ἐπιστὰς
817 2168 932 2221 τοῖς
978 2158 1344 2228 γινομένοις·’
1394 2161 1624 2230 δυνάμει
1671 2163 1775 2230 γὰρ

96 2249 258 2316 ἄμφω
307 2246 490 2300 ταύτά.
567 2245 656 2299 καὶ
706 2246 766 2300 ἐν
803 2253 880 2316 τῷ
926 2247 1004 2300 (οἳ
1047 2248 1491 2317 φιλοτιμούμεθα
1539 2245 1641 2317 μὲν
1688 2247 1775 2301 ἐπὶ

95 2345 211 2399 τοῖς
249 2345 360 2389 τῶν
397 2338 692 2405 προγόνων
730 2334 939 2405 ἔργοις’
980 2336 1041 2388 τὸ
1082 2334 1197 2388 (καὶ
1238 2337 1339 2404 τὴν
1371 2338 1537 2389 πόλιν
1569 2336 1627 2390 ἐκ
1666 2346 1777 2389 τῶν

96 2426 217 2477 τότε
254 2423 618 2493 πραχθέντων
650 2423 1000 2493 ἐγκωμιάζειν
1039 2423 1348 2493 ἀξιοῦμεν’·
1395 2426 1456 2477 τὸ
1495 2427 1600 2494 γὰρ
1640 2424 1774 2478 αὐτὸ
1800 2442 1843 2476 25

216 2676 241 2715 2
273 2673 466 2727 κρούτος
488 2673 525 2716 Ρ
616 2678 641 2715 5
676 2671 818 2728 ἐσθὴς
840 2671 934 2715 ΜΒ
962 2674 968 2727 Ι
995 2688 1063 2723 τις
1094 2670 1320 2729 ὀνομασία
1351 2672 1647 2730 Sylburgius:
1680 2680 1776 2723 τοῖς

98 2730 292 2787 ὀνόμασι
379 2737 403 2775 7
429 2734 647 2788 μαλακῶν
673 2731 901 2775 Sadaeus:
934 2730 1155 2776 ἐκλεκτῶν
1182 2734 1188 2788 Ι
1218 2731 1380 2789 ἐκλογὴ
1407 2733 1479 2775 Pv
1565 2737 1618 2775 13
1644 2731 1776 2775 δόσιν

95 2789 268 2834 multos
301 2789 496 2835 offendit
535 2790 584 2834 ef
615 2806 647 2848 p
670 2795 797 2834 1103.
827 2794 938 2833 1112
1055 2796 1107 2834 15
1142 2789 1402 2847 ἐνδεέτερος
1432 2791 1468 2835 Ρ
1589 2796 1641 2834 16
1680 2798 1777 2840 τοῖς

98 2846 180 2891 ΒΡ
222 2851 227 2905 Ι
269 2847 478 2908 ἀρτ[ι’]ως
509 2864 615 2894 cum
645 2863 719 2893 ras
752 2849 799 2891 M
916 2853 969 2892 17
1001 2846 1086 2895 οὖν
1119 2849 1394 2907 Sylburgius
1520 2854 1573 2893 18
1606 2847 1776 2905 ὀλίγοις

96 2912 192 3007 ἑοῖς
224 2907 430 3009 Ξειεὲμοιιε
550 2914 607 2953 20
639 2912 700 2967 τῷ
740 2907 939 2951 alterum
969 2908 1206 2965 suppleuit
1236 2909 1298 2952 Β2
1419 2913 1473 2952 23
1514 2909 1611 2966 καὶ]
1654 2908 1776 2951 ἐστιν

171 2967 177 3022 Ι
216 2964 260 3010 οἱ
