2004 3202
663 133 810 175 ΠΕΡΙ
840 132 1246 176 ΘΟΤΚΤΔΙΔΟΤ
1694 132 1799 184 361

118 275 234 330 τοῖς
272 268 484 335 ἄλλοις,
523 262 603 320 ὧν
647 269 920 337 πρότερον
966 266 1276 337 ἐμνήσθην,
1320 265 1412 319 καὶ
1459 268 1705 320 συνιδὼν
1744 267 1808 330 ἃς

118 354 344 418 ἕκαστος
382 354 567 408 αὐτῶν
597 357 756 424 ἔσχεν
786 355 998 426 ἀρετάς,
1037 356 1187 408 ἴδιόν
1216 374 1342 408 τινα
1373 362 1685 425 χαρακτῆρα
1715 355 1806 408 καὶ

116 442 546 514 παρεωραμένον
584 431 755 497 ἅπασι
791 453 1007 514 πρῶτος
1045 445 1124 506 εἰς
1168 444 1271 512 τὴν
1310 444 1593 513 ἱστορικὴν
1634 461 1807 515 πραγ-

50 540 54 564 ³
117 535 347 602 ματείαν
385 531 726 586 ἐσπούδασεν
764 532 1013 601 ἀγαγεῖν·
1051 530 1140 586 ἐπὶ
1170 529 1274 602 μὲν
1306 540 1403 601 τῆς
1423 531 1661 601 ἐκλογῆς
1696 542 1807 586 τῶν

119 621 407 690 ὀνομάτων
451 621 552 690 τὴν
596 622 864 692 τροπικὴν
900 620 993 674 καὶ
1030 621 1477 691 γλωττηματικὴν
1505 620 1598 674 καὶ
1636 621 1807 691 ἀπηρ-

119 709 431 780 χαιωμένην
460 708 551 762 καὶ
576 709 739 779 ξένην
768 709 919 775 λέξιν
947 712 1317 781 προελόμενος
1343 708 1467 763 ἀντὶ
1491 717 1587 778 τῆς
1616 717 1807 778 κοινῆς

62 817 117 857 67
133 797 225 852 καὶ
257 801 543 867 συνήθους
573 808 690 862 τοῖς
719 797 836 852 κατ’
869 798 1041 852 αὐτὸν
1071 798 1414 870 ἀνθρώποις·
1454 797 1544 852 ἐπὶ
1574 795 1637 852 δὲ
1670 799 1678 867 Ι
1712 806 1808 866 τῆς

47 887 49 889 ’
119 886 436 951 συνθέσεως
474 897 586 940 τῶν
616 886 663 940 τ’
697 887 1005 941 ἐλαττόνων
1034 886 1127 940 καὶ
1157 897 1270 941 τῶν
1299 890 1565 958 μειζόνων
1594 890 1808 958 μορίων

118 977 220 1045 τὴν
258 976 627 1046 ἀξιωματικὴν
663 975 754 1029 καὶ
787 976 1068 1046 αὐστηρὰν
1098 975 1189 1029 καὶ
1221 978 1489 1046 στιβαρὰν
1518 974 1608 1029 καὶ
1646 979 1808 1045 βεβη-

117 1074 284 1119 κυῖαν
327 1064 418 1118 καὶ
464 1066 852 1135 τραχύνουσαν
897 1074 1015 1128 ταῖς
1060 1074 1173 1118 τῶν
1218 1066 1552 1136 γραμμάτων
1589 1065 1807 1118 ἀντιτυ-

117 1158 270 1218 πίαις
316 1156 412 1217 τὰς
458 1154 627 1217 ἀκοὰς
679 1152 803 1206 ἀντὶ
856 1161 952 1222 τῆς
1009 1158 1239 1223 λιγυρᾶς
1291 1152 1382 1207 καὶ
1435 1159 1680 1223 μαλακῆς
1716 1151 1808 1207 καὶ

42 1259 47 1278 ·’
120 1242 516 1313 συνεξεσμένης
567 1241 660 1296 καὶ
712 1239 886 1312 μηδὲν
940 1242 1170 1312 ἐχούσης
1223 1242 1546 1296 ἀντίτυπον·
1605 1241 1693 1295 ἐπὶ
1747 1239 1808 1295 δὲ

119 1342 232 1385 τῶν
271 1340 676 1401 σχηματισμῶν,
716 1330 778 1384 ἐν
816 1325 900 1394 οἷς
937 1332 1173 1401 μάλιστα
1211 1330 1492 1401 ἐβουλήθη
1533 1330 1809 1400 διενέγκαι

121 1430 232 1474 τῶν
292 1421 400 1490 πρὸ
463 1420 659 1489 αὐτοῦ,
712 1423 976 1489 πλείστην
1037 1421 1481 1490 εἰσενεγκάμενος
1543 1422 1808 1489 σπουδήν.

120 1508 395 1563 διετέλεσέ
449 1508 517 1577 γέ
572 1530 658 1562 τοι
718 1510 818 1562 τὸν
879 1507 1386 1577 ἑπτακαιεικοσαετῆ
1447 1511 1654 1580 χρόνον
1709 1517 1809 1562 τοῦ

120 1597 366 1668 πολέμου
413 1597 520 1652 ἀπὸ
567 1606 663 1667 τῆς
709 1598 879 1669 ἀρχῆς
925 1597 1026 1661 ἕως
1075 1605 1171 1666 τῆς
1220 1603 1474 1666 τελευτῆς
1522 1600 1618 1661 τὰς
1668 1598 1809 1652 ὀκτὼ

121 1688 383 1756 βύβλους,
422 1687 486 1750 ἃς
524 1689 697 1757 μόνας
734 1686 1051 1756 κατέλιπεν,
1091 1686 1345 1758 στρέφων
1383 1689 1497 1740 ἄνω
1536 1685 1628 1740 καὶ
1666 1688 1809 1740 κάτω

121 1775 213 1828 καὶ
251 1774 382 1829 καθ’
422 1776 485 1829 ἓν
522 1775 754 1830 ἕκαστον
790 1786 903 1830 τῶν
940 1783 1036 1845 τῆς
1082 1777 1336 1847 φράσεως
1381 1778 1592 1847 μορίων
1638 1776 1812 1846 ῥινῶν

122 1863 215 1917 καὶ
253 1865 521 1934 τορεύων·
571 1863 663 1918 καὶ
701 1862 823 1918 τοτὲ
861 1862 964 1935 μὲν
1002 1868 1172 1933 λόγον
1211 1864 1264 1929 ἐξ
1311 1865 1580 1935 ὀνόματος
1616 1875 1810 1932 ποιῶν,

42 1954 45 1955 ’
122 1950 245 2007 τοτὲ
285 1952 338 2006 δ’
379 1955 457 2016 εἰς
503 1955 677 2022 ὄνομα
723 1954 982 2022 συνάγων
1031 1954 1130 2006 τὸν
1175 1956 1366 2022 λόγον·
1420 1953 1512 2007 καὶ
1557 1961 1664 2007 νῦν
1708 1950 1811 2022 μὲν

123 2043 184 2095 τὸ
226 2042 526 2112 ῥηματικὸν
565 2042 902 2110 ὀνοματικῶς
941 2041 1213 2112 ἐκφέρων,
1260 2038 1428 2105 αὖθις
1467 2039 1528 2095 δὲ
1567 2043 1811 2111 τοῦνομα

125 2130 270 2200 ῥῆμα
322 2140 526 2199 ποιῶν,
579 2128 669 2183 καὶ
710 2130 895 2183 αὐτῶν
934 2150 995 2199 γε
1042 2131 1255 2184 τούτων
1300 2130 1662 2201 ἀναστρέφων
1714 2132 1811 2194 τὰς

124 2221 361 2290 χρήσεις,
400 2219 493 2271 ἵνα
531 2219 593 2271 τὸ
629 2215 731 2288 μὲν
770 2218 1101 2287 ὀνοματικὸν
1130 2219 1541 2288 προσηγορικὸν
1571 2219 1811 2289 γένηται,

246 2473 271 2511 2
314 2466 472 2512 ἴδιον.
523 2472 585 2511 ,3
619 2466 703 2525 εἰς]
751 2465 875 2510 ἴδιόν
921 2483 964 2510 τι
1012 2464 1144 2538 γένος
1180 2474 1471 2539 χαρακτῆρος
1518 2467 1624 2512 οὔτε
1669 2468 1810 2521 πεζὸν

124 2528 379 2578 αὐτοτελῶς
411 2502 511 2571 οὔτ’
541 2525 763 2582 ἔμμετρον
795 2523 1157 2582 ἀπηρτισμένως,
1190 2526 1352 2571 κοινὸν
1383 2524 1437 2570 δέ
1466 2543 1513 2570 τι
1542 2527 1622 2571 καὶ
1646 2527 1810 2584 μικτὸν

125 2586 173 2639 ἐξ
204 2586 384 2643 ἀμφοῖν
415 2584 729 2643 ἐργασάμενος
760 2585 826 2636 εἰς
856 2589 898 2628 A
1033 2592 1059 2629 3
1092 2585 1352 2643 εἰστορικὴν
1382 2586 1420 2630 Ρ
1554 2590 1583 2630 4
1613 2587 1810 2643 ἀγαγεῖν

125 2644 270 2690 MPf:
304 2645 569 2718 εἰσαγαγεῖν
593 2649 634 2688 A
664 2658 688 2686 r
822 2648 848 2687 5
880 2644 1301 2747 γλωττιματικηνΡ
1423 2650 1448 2689 6
1480 2645 1808 2749 προελόμενοΙς]

127 2702 509 2777 παραλαμβάνων
540 2701 762 2754 πολλάκις
785 2707 827 2746 A
987 2707 1011 2747 '7
1042 2702 1160 2748 καθ’
1213 2704 1358 2749 αυτὸν
1381 2709 1424 2748 A
1451 2706 1457 2761 1
1486 2704 1562 2748 ἐπὶ
1593 2702 1675 2749 δε.

126 2761 383 2808 ἀντίτυπον
416 2776 492 2807 om
524 2767 565 2806 A
687 2766 741 2805 13
773 2763 1029 2820 διενεγκεῖν
1060 2768 1103 2807 A
1247 2769 1302 2807 14
1335 2763 1564 2821 σπουδήν]
1595 2780 1809 2820 πραγμα-

126 2820 258 2867 τείαν
283 2827 325 2866 A
447 2827 502 2866 15
535 2818 783 2866 διετέλεσε.
832 2825 917 2866 .19
948 2821 1151 2879 τορεύων
1181 2822 1263 2867 καὶ
1294 2836 1370 2867 om
1401 2828 1443 2867 A
1536 2827 1589 2866 17
1621 2821 1811 2881 βίβλους

126 2880 253 2924 MPf
277 2884 282 2939 Ι
309 2878 522 2925 κατέλιπε
554 2881 590 2924 Ρ
735 2885 787 2924 21
803 2856 1135 2938 ὀνομαστικῶς
1157 2881 1228 2925 Pf
1344 2886 1399 2925 23
1431 2882 1713 2937 ὀνοματικὸν
1745 2886 1807 2925 A:

129 2939 437 2996 ὀνομαστικὸν
467 2940 560 2983 ΜΡ
571 2939 594 2981 f
638 2941 644 2996 Ι
694 2940 1033 2997 προσηγορικὸν
1060 2976 1070 2985 .
1090 2977 1098 2983 .
1119 2977 1127 2984 .
1150 2945 1257 2996 362,
1285 2946 1307 2984 1
1343 2940 1631 2997 ὀνοματικῶς
1662 2954 1735 2983 om
1767 2943 1810 2983 A

1833 1091 1878 1122 10

1835 1534 1879 1567 15

1834 1978 1881 2009 20
