2004 3202
242 143 348 196 302
537 109 541 115 ¹
670 145 1010 188 ΔΙΟΝΥΣΙΟΤ
1040 145 1506 187 ΑΛΙΚΑΡΝΑΣΕΩΣ

239 299 391 350 τριος
438 279 467 333 ὁ
513 279 841 348 <βασιλεὺς>
878 279 1166 331 κατελθὼν
1205 277 1263 331 ἐκ
1301 287 1412 331 τῶν
1456 279 1730 349 Μεγάρων
1767 299 1919 332 κατε-

239 369 522 432 σκευάζετο
561 369 627 420 τὰ
664 368 800 438 πρὸς
839 367 939 434 τὴν
970 369 1304 436 Μουνυχίαν
1341 365 1432 419 καὶ
1471 369 1538 420 τὰ
1575 370 1724 436 τείχη
1760 387 1920 420 κατα-

239 456 449 520 σκάψας
487 455 731 509 ἀπέδωκε
770 462 846 527 τῷ
885 456 1052 526 δήμῳ.
1114 455 1350 526 ὕστερον
1389 452 1450 508 δὲ
1482 455 1920 524 εἰσηγγέλθησαν
1986 522 1993 527 ,.

236 542 432 597 πολλοὶ
480 547 659 612 <τῶν>
704 548 971 611 πολιτῶν,
1020 542 1080 595 ἐν
1126 536 1210 606 οἷς
1247 542 1338 596 καὶ
1377 546 1695 614 Δημήτριος
1735 544 1763 597 ὁ
1809 547 1920 596 Φα-

195 656 214 688 5
241 633 450 702 ληρεύς.
526 642 638 685 τῶν
684 631 731 684 δ’
772 630 1243 699 εἰσαγγελθέντων
1283 632 1380 695 οὓς
1417 630 1518 701 μὲν
1557 633 1657 702 οὐχ
1694 633 1920 701 ὑπομεί-

239 741 441 783 ναντας
479 721 580 788 τὴν
617 723 804 790 κρίσιν
839 719 1199 791 ἐθανάτωσαν
1229 728 1293 790 τῇ
1330 721 1335 789 Ι
1371 723 1554 791 ψήφῳ,
1595 720 1692 783 οὓς
1724 719 1771 773 δ’
1804 721 1904 774 ὑπ-
1923 706 2004 780 6δῖ

239 809 580 870 ἀκούσαντας
632 807 946 861 ἀπέλυσαν.’
1037 812 1219 861 Ταῦτα
1269 805 1371 878 μὲν
1417 805 1520 862 οὖν
1565 816 1660 877 τῆς
1706 809 1920 877 ὀγδόης.
1984 792 1993 818 Q

239 897 299 950 ἐν
338 894 398 950 δὲ
437 905 501 966 τῇ
536 895 698 967 ἐνάτῃ
731 900 889 966 φησί’
931 896 1067 949 εΤοῦ
1100 895 1148 949 δ’
1181 896 1440 950 ἐνιαυτοῦ
1473 895 1630 950 τουδὶ
1664 899 1920 950 διελθόν-
1990 931 1991 934 =

236 1006 344 1053 τος,
386 984 575 1054 ἑτέρου
613 984 661 1037 δ’
701 987 986 1053 εἰσιόντος,
1028 985 1088 1038 ἐν
1119 985 1413 1056 ἀκροπόλει
1446 995 1672 1055 σημεῖον
1704 985 1919 1054 ἐγένετο
1987 991 1991 1049 ξ

170 1100 211 1130 10
236 1082 511 1127 τοιοῦτον·
565 1063 717 1126 κύων
749 1075 827 1136 εἰς
857 1075 955 1127 τὸν
985 1082 1080 1142 τῆς
1104 1075 1386 1137 Πολιάδος
1417 1075 1560 1127 νεὼν
1591 1076 1920 1128 εἰσελθοῦσα

235 1161 325 1215 καὶ
365 1164 507 1215 δῦσα
547 1163 623 1224 εἰς
661 1164 722 1215 τὸ
757 1164 1160 1233 Πανδρόσειον,
1201 1162 1288 1216 ἐπὶ
1320 1164 1418 1216 τὸν
1450 1164 1638 1233 βωμὸν
1669 1163 1919 1232 ἀναβᾶσα
1984 1154 1987 1155 ⁷

234 1259 334 1304 τοῦ
367 1251 616 1321 Ἑρκείου
654 1253 794 1314 Διὸς
840 1253 938 1304 τὸν
983 1252 1093 1304 ὑπὸ
1138 1260 1202 1322 τῇ
1253 1251 1408 1323 ἐλαίᾳ
1452 1251 1741 1305 κατέκειτο.
1817 1253 1919 1305 πά-
1984 1275 1989 1278 ·

235 1359 392 1410 τριον
431 1338 478 1392 δ’
521 1339 634 1392 ἐστὶ
665 1350 781 1402 τοῖς
813 1339 1150 1410 Ἀθηναίοις,
1189 1341 1329 1394 κύνα
1367 1342 1439 1410 μὴ
1479 1340 1802 1410 ἀναβαίνειν
1841 1342 1918 1403 εἰς

235 1428 551 1498 ἀκρόπολιν.
627 1428 754 1499 περὶ
794 1430 892 1492 τὸν
931 1429 1102 1482 αὐτὸν
1141 1426 1202 1482 δὲ
1239 1431 1445 1500 χρόνον
1481 1429 1572 1482 καὶ
1613 1429 1672 1482 ἐν
1710 1438 1785 1502 τῷ
1825 1429 1917 1483 οὐ-

169 1540 209 1572 15
236 1523 386 1588 ρανςό
420 1515 542 1586 μεθ’
574 1516 784 1588 ἡμέραν
815 1517 976 1585 ἡλίου
1007 1517 1052 1570 τ’
1086 1516 1362 1586 ἐξέχοντος
1384 1517 1475 1578 καὶ
1500 1519 1666 1586 οὔσης
1690 1520 1917 1588 αἰθρίας

235 1605 404 1675 ἀστὴρ
447 1605 540 1657 ε’πί
565 1626 690 1658 τινα
720 1609 926 1676 χρόνον
957 1605 1171 1674 ἐγένετο
1205 1606 1457 1675 ἐκφανής.
1518 1606 1672 1675 ἡμεῖς
1703 1606 1915 1677 δ’·ἐρω-

233 1692 494 1761 τηθέντες
538 1694 677 1765 ὑπέρ
724 1715 780 1747 τε
825 1703 926 1748 τοῦ
973 1698 1200 1764 σημείου
1246 1694 1336 1747 καὶ
1374 1703 1474 1748 τοῦ
1514 1697 1915 1765 φαντάσματος,
1980 1735 1981 1755 ;

234 1783 311 1844 εἰς
359 1782 386 1835 ὃ
435 1781 615 1853 φέρει,
663 1785 933 1852 φυγάδων
979 1785 1229 1836 κάθοδον
1268 1786 1477 1852 ἔφαμεν
1514 1787 1915 1854 προσημαίνειν
1980 1775 1981 1778 ¹

234 1870 515 1941 ἀμφότερα
568 1870 659 1924 καὶ
713 1873 918 1940 ταύτην
973 1872 1074 1925 οὐκ
1128 1871 1186 1924 ἐκ
1236 1875 1537 1941 μεταβολῆς
1581 1874 1916 1943 πραγμάτων

166 1982 209 2013 20
235 1958 516 2029 ἐσομένην,
549 1958 665 2012 ἀλλ’
699 1959 760 2012 ἐν
791 1968 854 2030 τῇ
886 1962 1208 2031 καθεστώσῃ
1240 1963 1510 2030 πολιτείᾳ·
1546 1958 1636 2012 καὶ
1667 1961 1768 2028 τὴν
1798 1964 1914 2031 κρί-

234 2062 325 2101 σιν
364 2047 780 2116 ἐπιτελεσθῆναι
822 2048 1059 2118 συνέβη.’
1096 2049 1100 2117 Ι

172 2145 207 2196 4
341 2137 755 2207 προειρημένων
824 2139 890 2206 δὴ
960 2139 1173 2191 τούτων
1242 2138 1303 2190 ἓν
1364 2139 1443 2190 ἔτι
1505 2139 1745 2190 λείπεται
1773 2191 1777 2197 ,
1806 2136 1896 2190 καὶ
1915 2152 1968 2191 63

233 2224 688 2294 ἀναγκαιότατον,
742 2227 843 2295 τὴν
887 2227 1107 2295 ἡλικίαν
1154 2226 1325 2280 αὐτοῦ
1373 2227 1637 2296 διορίσαι,
1685 2226 1776 2278 ἵνα
1821 2224 1911 2278 καὶ

351 2360 375 2398 8
408 2355 712 2399 Philochorus
744 2356 785 2399 fr
811 2362 894 2400 146
913 2357 1067 2414 (FHG
1090 2359 1110 2401 Ι
1140 2372 1170 2413 p
1195 2359 1300 2414 409)

354 2477 376 2514 1
414 2474 625 2529 βασιλεὺς
656 2473 851 2530 inserui,
891 2475 1061 2519 uitium
1092 2474 1310 2518 Reiskius
1343 2475 1552 2517 senserat
1674 2477 1695 2515 1
1732 2478 1756 2515 2
1790 2488 1909 2527 παρ-

235 2530 499 2583 εσκευάζετο
540 2532 581 2574 ci
613 2533 897 2589 Kroegerus,
938 2549 999 2577 an
1037 2533 1094 2578 τὰ
1126 2534 1375 2577 delendum
1406 2534 1506 2576 est?
1625 2537 1652 2574 4
1691 2539 1782 2575 τῶν
1815 2533 1910 2575 add
1972 2535 1973 2538 ’

233 2590 497 2645 Kruegerus
631 2597 655 2633 6
696 2591 1003 2638 ἐθανάτωσαν
1035 2594 1320 2649 Kruegerus:
1361 2589 1723 2636 ἐνεθανάτωσαν
1754 2591 1789 2633 F

234 2653 259 2690 8
299 2650 431 2692 τουδὶ
469 2650 740 2700 διελθόντος
778 2651 1015 2697 Reiskius:
1054 2660 1135 2696 τοῦ
1176 2651 1446 2700 διελθόντος
1483 2650 1518 2692 F
1586 2650 1751 2693 τούτου
1791 2651 1907 2693 διελ-

233 2706 406 2757 θόντος
445 2711 526 2751 aut
564 2709 695 2752 τουδὶ
737 2709 1005 2762 ἐξελθόντος
1037 2710 1312 2767 Sylburgius
1352 2709 1566 2752 uoluerat
1697 2714 1747 2751 11
1789 2724 1907 2753 παν-

234 2765 421 2822 δρόσιον
453 2766 487 2809 F
610 2772 663 2810 12
705 2766 859 2822 ερκίου
890 2768 947 2813 F.
980 2785 1081 2814 corr
1110 2771 1492 2813 Westermannus
1522 2770 1526 2823 Ι
1556 2782 1616 2811 an
1649 2766 1802 2839 ἐλάᾳῖ)

236 2830 290 2868 14
325 2831 378 2868 15
412 2825 461 2869 ἐν
492 2829 554 2883 τῷ
567 2825 690 2900 ἱερῷ
722 2826 776 2870 F:
812 2827 861 2871 ἐν
895 2830 1079 2903 οὐρανῷ
1101 2830 1482 2872 Westermannus
1629 2831 1681 2869 17
1713 2814 1828 2881 ὑπέρ
1859 2841 1907 2869 τε

235 2884 529 2941 Sylburgius·
555 2883 670 2939 ὑπέρ
696 2900 746 2940 γε
763 2885 797 2927 F
891 2891 944 2929 18
970 2887 1070 2938 εἰς(
1060 2887 1082 2931 ὸ
1108 2888 1158 2931 in
1181 2901 1256 2930 ras
1274 2887 1333 2930 F2
1352 2886 1357 2945 Ι
1379 2883 1906 2942 cps'pocWestermannus

233 2949 289 2986 20
321 2951 376 3000 τῆ
407 2944 666 2987 καθεστῶσι
689 2943 744 2988 F:
779 2958 879 2987 corr
909 2945 1145 2990 Victorius
