2004 3202
212 126 321 178 428
638 128 980 171 ΔιοΝΤΣιοΤ
1010 127 1478 170 ΑΛῙΚΑΡΝΑΣΕΩΣ

214 263 363 315 “οῦτε
401 263 505 332 γὰρ
548 261 722 315 ἐκεῖνο
761 262 960 315 κωλύει
999 270 1116 323 ταῖς
1156 261 1421 323 σπονδαῖς
1460 261 1586 313 οὔτε
1623 260 1789 313 τόδε·’
1827 261 1890 314 τὸ

214 352 320 420 γὰρ
359 351 596 404 κωλύει
637 351 780 420 ῥῆμα
813 349 1164 420 ἐνεργητικὸν
1201 349 1451 418 ὑπάρχον
1490 347 1613 401 ἀντὶ
1643 356 1743 401 τοῦ
1773 368 1891 401 κω-
1941 369 1975 408 ,·;,’

215 439 439 492 λύεται
471 445 783 507 παθητικοῦ
815 440 974 500 ὄντος
1004 441 1390 507 παρείληπται·
1421 433 1490 505 ἧν
1522 434 1583 489 δὲ
1606 438 1667 490 τὸ
1701 450 1892 505 σημαι-

214 531 451 597 νόμενον
504 529 610 581 ὑπὸ
667 535 761 595 τῆς
815 525 1007 590 λέξεως
1060 533 1301 579 τοιοῦτο·
1364 526 1508 579 (οὔτε
1563 527 1677 596 γὰρ
1715 525 1893 579 ἐκεῖνο

159 635 190 666 -5
214 617 481 670 κωλύεται
520 626 637 678 ταῖς
678 616 942 676 σπονδαῖς
982 615 1108 667 οὔτε
1145 615 1305 667 τόδε.’
1373 613 1463 666 καὶ
1503 617 1581 667 ἔτι
1621 615 1687 667 τὰ
1726 614 1786 667 ἐν
1816 620 1892 686 τςῖ

213 709 484 778 προοιμίῳ
518 707 805 772 λεγόμενα·
847 703 962 771 (τῆς
991 705 1096 773 γὰρ
1131 702 1392 773 ἐμπορίας
1423 702 1524 756 οὐκ
1549 704 1733 771 οὔσης,
1766 701 1884 756 οὐδ’

215 793 596 863 ἐπιμιγνύντες
645 791 816 854 ἀδεῶς
862 786 1161 860 ἀλλήλοις’·
1207 790 1298 844 καὶ
1345 793 1448 861 γὰρ
1498 791 1630 860 <ἐν>
1677 792 1932 854 τούτοις·

213 884 276 935 τὸ
311 881 776 951 ἐπιμιγνύντες
807 880 1157 950 ἐνεργητικὸν
1180 881 1431 949 ὑπάρχον
1462 881 1604 950 ῥῆμα
1636 888 1735 933 τοῦ
1761 879 1894 933 ἐπι-

215 971 612 1040 μιγνύμενοι
651 974 963 1037 παθητικοῦ
1004 970 1164 1031 ὄντος
1201 970 1385 1038 χώραν
1425 968 1613 1037 ἐπέχει.

165 1091 198 1142 8
314 1087 479 1140 Ὅταν
517 1084 578 1140 δὲ
626 1086 748 1140 ἀντὶ
794 1094 893 1140 τοῦ
939 1095 1228 1154 ποιητικοῦ
1267 1088 1327 1140 τὸ
1374 1088 1685 1155 παθητικὸν
1722 1105 1895 1158 παρα-

147 1195 189 1225 11
215 1177 482 1246 λαμβάνῃ,
514 1184 714 1229 τοῦτον
747 1179 1054 1245 σχηματίζει
1086 1176 1184 1227 τὸν
1214 1178 1442 1244 τρόπον·
1483 1175 1656 1245 (ἡμῶν
1688 1172 1749 1228 δὲ
1774 1176 1895 1228 ὅσοι

213 1262 315 1334 μὲν
358 1263 679 1333 Ἀθηναίοις
724 1265 829 1332 ἤδη
878 1263 1296 1332 ἐνηλλάγησαν’·
1343 1265 1598 1333 βούλεται
1644 1262 1745 1334 μὲν
1789 1266 1895 1335 γὰρ

214 1355 445 1421 δηλοῦν·
501 1353 675 1422 εἡμῶν
722 1350 782 1405 δὲ
830 1354 949 1406 ὅσοι
996 1349 1097 1421 μὲν
1137 1351 1457 1421 Ἀθηναίοις
1512 1353 1895 1422 συνήλλαξαν’,

213 1445 554 1512 παρείληφεν
594 1438 654 1494 δὲ
693 1442 753 1494 τὸ
797 1441 1249 1509 ἐνηλλάγησαν
1297 1443 1608 1510 παθητικὸν
1645 1442 1896 1511 ὑπάρχον

147 1548 191 1580 15
215 1530 338 1583 ἀντὶ
370 1538 658 1599 ποιητικοῦ
690 1538 789 1583 τοῦ
822 1529 1246 1598 συνήλλαξαν.
1286 1529 1376 1582 καὶ
1407 1531 1468 1583 τὸ
1495 1530 1897 1600 ἐπιφερόμενον

213 1620 411 1690 τούτῳ·
454 1619 601 1681 “τοὺς
636 1618 683 1671 δ’
718 1619 778 1672 ἐν
815 1628 879 1689 τῇ
912 1622 1170 1689 μεσογείᾳ
1198 1623 1409 1687 μᾶλλον
1439 1618 1896 1690 κατῳκημε’νόυς’·

214 1707 337 1760 ἀντὶ
369 1710 472 1775 γὰρ
505 1715 604 1759 τοῦ
635 1716 923 1775 ποιητικοῦ
957 1707 1193 1776 ῥήματος
1224 1715 1323 1759 τοῦ
1355 1709 1801 1778 κατῳκηκότας
1831 1707 1893 1759 τὸ

213 1797 525 1864 παθητικὸν
563 1799 904 1865 παρείληφεν
941 1797 1001 1847 τὸ
1037 1795 1546 1866 κατῳκημένους.
1583 1795 1589 1866 Ι

170 1918 202 1968 9
336 1916 502 1983 Παρὰ
542 1911 601 1966 δὲ
634 1915 729 1975 τὰς
761 1923 872 1965 τῶν
905 1912 1101 1965 ἑνικῶν
1132 1933 1187 1966 τε
1219 1912 1310 1987 καὶ
1340 1918 1735 1981 πληθυντικῶν
1765 1915 1881 1966 δια-
1899 1928 1986 1968 798

151 2021 196 2052 20
220 2003 419 2072 φοράς,
472 2002 604 2055 ὅταν
653 2002 950 2072 ἐναλλάττῃ
1005 2003 1106 2070 τὴν
1152 2001 1411 2071 ἑκατέρου
1464 2003 1676 2055 τούτων
1724 2002 1894 2070 τάξιν,

221 2089 374 2143 ἑνικὰ
420 2087 521 2159 μὲν
570 2090 693 2143 ἀντὶ
740 2096 1134 2159 πληθυντικῶν
1181 2090 1354 2152 οὕτως
1401 2090 1636 2159 ἐκφέρει·
1692 2090 1800 2144 ‘nal
1847 2096 1900 2144 εἴ

339 2286 360 2322 1
396 2279 570 2322 ThucI
604 2285 687 2322 144
780 2286 804 2323 6
837 2281 857 2322 I
882 2285 907 2322 2
1002 2284 1055 2322 13
1088 2280 1108 2322 Ι
1135 2285 1218 2323 120
1311 2284 1364 2322 16
1396 2279 1572 2323 ibidem
1663 2284 1715 2321 21
1750 2279 1812 2322 VI
1840 2283 1892 2325 78

339 2460 354 2496 1
397 2456 559 2498 κωλύει
594 2455 643 2499 ἐν
674 2463 775 2506 ταῖς
810 2459 850 2500 Θ
878 2459 883 2512 Ι
910 2463 990 2499 ταῖ
1019 2457 1099 2499 sed
1132 2473 1154 2506 ς
1185 2454 1399 2499 additum
1429 2471 1476 2498 m
1500 2456 1519 2498 I
1544 2455 1579 2498 P
1684 2460 1711 2498 4
1743 2462 1894 2499 τοιοῦ-

216 2530 298 2557 τον
331 2527 359 2555 a
483 2518 504 2555 7
540 2514 589 2557 ἐν
623 2514 757 2558 CDs:
792 2529 866 2558 om
898 2515 971 2558 Pa
1092 2520 1117 2558 8
1148 2522 1230 2559 τοῦ
1263 2512 1610 2570 ἐπιμιγνύμενοι
1644 2514 1779 2559 C-Ds:
1810 2520 1895 2558 τοῦ

219 2570 578 2627 ἐπιμιγνυμένου
602 2572 675 2614 Pa
769 2579 821 2616 10
853 2574 1058 2629 itemque
1090 2588 1121 2616 u
1148 2578 1200 2616 15
1227 2575 1274 2617 eb
1300 2579 1353 2617 17
1379 2580 1620 2629 ποιητικοῦ
1645 2573 1741 2618 Pa:
1768 2572 1895 2628 ἐνερ-

218 2637 407 2687 γητικοῦ
441 2645 460 2673 s
505 2633 509 2687 Ι
552 2631 953 2690 παραλαμβάν[ηι]
987 2647 1091 2675 cum
1121 2632 1265 2676 litura
1290 2632 1325 2674 P
1458 2636 1511 2675 13
1543 2629 1626 2688 μὲν
1656 2635 1763 2688 post
1794 2630 1896 2675 ὅσοι

219 2703 296 2733 om
327 2704 354 2732 a
478 2695 531 2732 14
563 2688 819 2746 παρείληφε
852 2706 880 2734 a
1024 2697 1078 2734 16
1109 2692 1216 2741 τοὺς
1247 2690 1298 2734 δὲ
1329 2691 1414 2747 τὴν
1446 2690 1689 2747 μεσόγειαν
1754 2693 1894 2734 ἄλλον

217 2748 299 2793 καὶ
330 2748 389 2804 μὴ
424 2744 474 2791 ἐν
505 2746 632 2807 πόρῳ
664 2747 1016 2807 κατῳκημένους
1044 2751 1083 2793 Θ
1204 2755 1257 2793 16
1291 2753 1338 2793 et
1372 2755 1425 2793 18
1458 2765 1703 2804 κατωικειμ
1728 2749 1895 2798 νουςΡ

282 2812 335 2850 18
368 2805 626 2863 παρείληφε
660 2821 688 2849 a
779 2813 834 2850 20
868 2808 1113 2864 ἐναλλαττη
1147 2809 1247 2852 sine
1279 2826 1294 2851 ι
1320 2809 1355 2851 Ρ
1448 2814 1500 2851 21
1537 2806 1668 2852 ἑνικὰ
1686 2807 1891 2852 G²CDs2

218 2864 357 2922 ἡνίκα
388 2865 534 2909 PG¹a
562 2867 567 2922 Ι
612 2862 783 2924 ἐκφέρῃ
810 2880 837 2909 a
1011 2872 1063 2909 21
1084 2882 1137 2922 sq
1162 2867 1209 2910 εἴ
1233 2868 1313 2926 τῳ]
1348 2866 1488 2917 οὕτως
1511 2867 1604 2910 Pa:
1639 2879 1692 2909 ex
1722 2867 1761 2910 Θ
1791 2879 1896 2909 corr

218 2925 553 2968 Herwerdenus
