2004 3202
699 119 843 160 ΠΕΡΙ
873 118 1222 161 AEINAPXOT
1689 117 1797 170 299

117 254 537 320 ἐπιπεπόλακεν,
591 254 729 306 ὥστε
781 254 911 315 τοὺς
963 249 1065 322 μὲν
1117 253 1319 315 ἄλλους
1374 252 1544 306 αὐτοῦ
1598 254 1799 319 λόγους

116 343 315 412 σχεδόν
350 359 460 395 που
497 338 637 411 ὑπὲρ
678 339 939 410 ἑξήκοντα
975 339 1067 394 καὶ
1100 339 1294 395 ἑκατὸν
1325 342 1488 403 ὄντας
1518 341 1797 408 <πάντας>

115 431 340 500 ἀγνοεῖν
394 429 724 500 συμβέβηκε,
778 431 877 482 τὸν
931 427 992 483 δὲ
1041 430 1113 499 μὴ
1160 427 1442 500 γραφέντα
1487 428 1578 482 ὑπ’
1625 428 1797 481 αὐτοῦ

114 522 290 590 μόνον
342 518 557 572 ἐκείνου
607 521 944 588 νομίζεσθαι.
1016 518 1049 586 ἡ
1091 515 1152 571 δὲ
1190 517 1333 582 λέξις
1372 516 1486 573 ἐστὶ
1532 525 1630 570 τοῦ
1671 522 1800 570 Δει-

113 610 323 678 νάρχου
353 610 557 678 κυρίως
594 606 788 674 ἠθική,
827 607 1010 669 πάθος
1054 614 1311 675 κινοῦσα,
1359 606 1557 675 σχεδὸν
1602 614 1666 675 τῇ
1713 623 1800 658 πι-
1846 622 1867 654 5

112 699 241 767 κρίᾳ
286 699 462 766 μόνον
499 694 591 748 καὶ
630 702 705 766 τῷ
744 697 886 767 τόνῳ
926 703 1025 748 τοῦ
1064 699 1495 764 Δημοσθενικοῦ
1534 701 1799 763 χαρακτῆ-

22 848 25 850 ,
114 805 210 855 ρος
249 782 569 854 λειπομένη,
608 790 708 835 τοῦ
747 780 808 835 δὲ
847 789 1094 836 πιθανοῦ
1132 782 1223 836 καὶ
1262 786 1462 853 κυρίου
1500 779 1674 852 μηδὲν
1714 781 1798 834 ε’ν-

30 943 35 947 .
114 871 352 925 δέουσα.’

224 960 282 1013 ἐκ
314 962 528 1014 τούτων
560 957 728 1012 οὐδὲν
759 962 910 1012 ἔστιν
943 961 1069 1013 οὔτε
1101 957 1323 1030 ἀκριβὲς
1354 959 1472 1014 ἀλλ’
1506 957 1637 1014 οὐδὲ
1669 960 1799 1029 ἀλη-
1824 963 1858 1014 2

110 1045 210 1111 θὲς
265 1050 471 1120 εὑρεῖν·
528 1050 653 1102 οὔτε
707 1050 811 1118 γὰρ
866 1047 1026 1117 γένος
1079 1048 1315 1119 τάνδρὸς
1369 1050 1495 1102 οὔτε
1544 1051 1797 1119 χρόνους,
1824 1067 1864 1099 10

11 1109 32 1224 ξ
110 1137 236 1191 καθ’
285 1138 382 1200 οὓς
421 1135 514 1206 ἦν,
563 1138 688 1190 οὔτε
726 1140 922 1205 τόπον,
971 1137 1030 1190 έν
1071 1130 1113 1209 ᾧ
1153 1136 1424 1207 διέτριψε,
1472 1139 1798 1206 δεδήλωκεν,

25 1223 26 1227 ’
53 1240 108 1280 33
127 1226 370 1295 ὀνόματα
406 1226 411 1293 Ι
447 1223 508 1278 δὲ
546 1228 721 1295 μόνον
758 1227 919 1278 κοινὰ
949 1224 1040 1278 καὶ
1071 1225 1462 1295 περιτρέχοντα
1494 1226 1798 1279 ἐσπούδασε

109 1313 202 1368 καὶ
255 1320 471 1383 πλῆθος
525 1317 708 1382 λόγων
754 1311 906 1367 εἶπεν
953 1313 1142 1367 οὐδενὶ
1188 1324 1300 1367 τῶν
1339 1356 1350 1367 .
1383 1356 1394 1367 .
1427 1356 1438 1367 .
1480 1315 1797 1384 σύμφωνον.

0 1411 35 1450 ³⁷³
110 1405 222 1456 ἔδει
277 1401 339 1456 δὲ
391 1403 736 1456 τούναντίον.
821 1402 854 1454 ἃ
909 1398 1012 1455 οὖν
1067 1401 1172 1470 ἐγὼ
1227 1402 1392 1464 αὐτὸς
1440 1401 1509 1455 δι’
1559 1402 1797 1472 ἐμαυτοῦ

15 1479 25 1518 ἶ
109 1494 505 1562 κατελαβόμην,
541 1490 691 1544 ταῦτ’
724 1490 895 1543 ἐστίν·
927 1494 1237 1561 Δείναρχος
1269 1491 1297 1544 ὁ
1332 1491 1511 1560 ῥήτωρ
1543 1493 1664 1554 υἱὸς
1695 1489 1797 1561 μὲν
1821 1509 1863 1542 15

21 1625 26 1633 ,
112 1576 183 1648 ἧν
215 1582 570 1651 Σωστράτου,
609 1582 920 1650 Κορίνθιος
960 1576 1021 1632 δὲ
1059 1578 1330 1647 τὸ·.γένος,
1370 1579 1706 1649 ἀφικόμενος
1737 1578 1798 1634 δὲ

111 1671 189 1732 εἰς
221 1667 484 1737 Ἀθήνας,
523 1667 650 1722 καθ’
690 1667 756 1721 ὃν
795 1670 1000 1738 χρόνον
1038 1670 1259 1736 ἤνθουν
1298 1668 1359 1720 αἴ
1393 1687 1450 1721 τε
1488 1678 1600 1720 τῶν
1639 1674 1798 1738 φιλο-

9 1763 27 1783 ¹*
111 1759 304 1826 σόφων
342 1757 432 1811 καὶ
474 1758 722 1828 ῥητόρων
761 1759 1058 1826 διατριβαί,
1105 1757 1440 1829 Θεοφράστῳ
1480 1777 1537 1810 τε
1578 1757 1798 1825 συνεγέ-

27 1911 31 1915 ,
110 1866 236 1899 νετο
275 1845 367 1899 καὶ
390 1849 690 1917 Δημητρίῳ
730 1853 806 1917 τῷ
850 1849 1108 1915 Φαληρεῖ.
1170 1845 1380 1914 εὐφυὴς
1420 1843 1480 1898 δὲ
1511 1844 1636 1916 περὶ
1668 1848 1799 1908 τοὺς

109 1936 428 1996 πολιτικοὺς
467 1937 668 2002 λόγους
706 1936 1002 2003 γενόμενος
1033 1933 1385 2002 ἀκμαζόντων
1416 1936 1496 1987 ἑτι
1528 1943 1640 1987 τῶν
1670 1934 1795 2004 περὶ
1823 1954 1864 1985 20

110 2021 487 2092 Δημοσθένην
531 2020 731 2091 ἤρξατο
779 2023 980 2088 λόγους
1022 2023 1261 2091 γράφειν
1298 2021 1390 2074 καὶ
1428 2021 1622 2093 προῄει
1661 2025 1798 2075 κατὰ

109 2113 312 2181 μικρὸν
350 2112 428 2173 εἰς
467 2109 650 2173 δόξαν.
727 2110 962 2178 μάλιστα
1001 2107 1061 2162 δὲ
1100 2112 1308 2179 ἤκμασε
1346 2112 1479 2179 μετὰ
1517 2112 1619 2179 τὴν
1649 2109 1797 2163 Ἀλε-

29 2258 36 2270 ⁷
110 2198 352 2268 ξάνδρου
398 2200 681 2266 τελευτήν,
728 2197 1133 2267 Δημοσθένους
1178 2195 1279 2267 μὲν
1324 2197 1416 2250 καὶ
1461 2208 1574 2251 τῶν
1612 2199 1797 2251 ἄλλων

110 2287 361 2357 ρητόρων
415 2295 618 2356 φυγαῖς
673 2285 874 2348 ἀιδίοις
918 2284 1009 2338 καὶ
1054 2286 1322 2348 θανάτοις
1368 2289 1795 2356 περιπεσόντων,

110 2375 340 2438 οὐδενὸς
395 2374 442 2428 δ’
492 2373 933 2443 ὑπολειπομένου
980 2373 1091 2443 μετ’
1138 2373 1341 2437 αὐτοὺς
1387 2374 1591 2445 ἀνδρὸς
1638 2375 1796 2439 ἀξίου
1822 2394 1863 2426 25

232 2512 253 2548 1
293 2504 634 2549 ἐπιπεπόλακεν
667 2503 962 2560 Sylburgius:
1005 2503 1343 2561 ἐπιπεπόληκεν
1374 2505 1410 2547 F
1532 2510 1557 2549 2
1597 2513 1689 2550 ποῦ
1722 2506 1757 2549 F
1786 2506 1792 2563 1

18 2580 32 2599 r
110 2562 292 2615 πάντας
331 2564 496 2608 addida·
630 2568 656 2605 3
704 2564 893 2619 ἀγνοεῖν
933 2562 983 2606 in
1022 2563 1301 2620 ἀγνοεῖσθαι
1333 2563 1610 2621 Sylburgius
1641 2568 1794 2609 mutat

16 2672 18 2674 ,
230 2629 257 2666 4
287 2623 316 2680 ἡ
342 2621 394 2667 δὲ
419 2623 470 2666 in
493 2637 657 2666 rasura
681 2622 740 2665 F2
767 2624 771 2678 Ι
803 2621 894 2665 ἔστι
918 2622 953 2664 F
981 2624 987 2678 Ι
1014 2629 1095 2667 τοῦ
1119 2625 1286 2679 postea
1310 2623 1404 2666 add
1428 2624 1488 2666 F¹
1578 2628 1603 2667 5
1628 2631 1682 2681 τῆ
1700 2624 1735 2667 F

0 2684 32 2736 ἶ
111 2686 138 2725 9
170 2680 269 2725 ἀλλ’
301 2680 435 2784 camb}
455 2680 553 2726 ἀλλ’
585 2682 689 2726 οὔτε
714 2681 748 2723 F
851 2685 902 2724 11
930 2681 1160 2737 δεδήλωκε
1184 2682 1219 2725 F
1299 2687 1352 2726 13
1376 2685 1486 2739 post
1509 2690 1600 2727 τῶν
1624 2682 1795 2727 lacuna

0 2739 19 2793 ᾖ
111 2739 260 2784 XVIII
291 2741 387 2785 fere
438 2741 500 2785 itt
530 2741 565 2784 F
659 2745 713 2783 14
747 2739 841 2783 ἔδει
873 2739 1196 2786 casaubonus:
1230 2741 1272 2784 εἰ
1302 2743 1378 2786 δεῖ
1397 2742 1432 2785 F
1465 2742 1515 2784 cf
1533 2742 1654 2786 Plut.
1681 2757 1792 2786 mor.

0 2797 21 2852 j*
112 2801 222 2843 920³
344 2805 399 2844 17
431 2801 638 2857 ἀθῆνας·
672 2797 829 2843 καθὸν
862 2799 897 2842 F
983 2805 1036 2843 19
1078 2801 1254 2857 εὐφυῆς
1283 2801 1319 2843 F
1435 2806 1490 2844 24
1523 2801 1793 2855 περιπεσόν-

110 2874 202 2902 των
234 2872 290 2902 ex
321 2861 672 2915 περιπεσώντων
704 2859 740 2901 F
919 2862 974 2901 25
1006 2857 1103 2914 μετ’
1133 2860 1303 2911 αὐτοὺς
1334 2859 1527 2917 ἀνδρὸς]
1567 2859 1680 2916 μετὰ
1712 2867 1793 2903 τοῦ

113 2917 284 2972 ἀνδρὸς
314 2918 350 2960 F
406 2917 518 2975 μετὰ
549 2919 656 2969 τοὺς
689 2917 867 2972 ἄνδρας
898 2917 1174 2975 Sylburgius
