2004 3202
158 1082 200 1114 10

157 1522 199 1555 15

160 1963 202 1996 20

221 135 330 189 220
646 137 987 179 ΔΙΟΝΥΣΙΟΤ
1016 135 1484 188 ΑΛῙΚΑΡΝΑΣΕῼΣ

223 266 363 324 εἶναι
402 272 467 324 τὰ
506 273 885 342 χρησιμώτατα
926 267 1257 336 ἐκλέγουσαν
1288 267 1382 338 ἀφ’
1413 267 1681 339 ἑκατέρας,
1714 268 1897 331 οὐδείς

223 359 336 412 ἐστι
383 360 655 430 χαρακτὴρ
704 361 867 426 ἴδιος,
916 355 1031 410 ἀλλ’
1071 357 1143 419 ὡς
1188 356 1258 409 ἂν
1305 358 1359 410 οἱ
1403 359 1678 426 μετιόντες
1724 356 1898 425 αὐτὴν

221 447 587 517 προαιρέσεως
626 450 821 516 ἔχωσιν
852 445 884 513 ἢ
921 446 1203 514 δυνάμεως
1241 447 1306 498 τὰ
1345 443 1446 514 μὲν
1477 454 1693 514 φυγεῖν,
1731 447 1797 498 τὰ
1836 442 1898 498 δὲ
1980 453 1983 458 “

221 539 427 605 λαβεῖν,
475 535 646 597 οὕτως
691 537 977 603 κίρνανται
1014 535 1263 604 καθάπερ
1305 534 1364 587 ἐν
1406 535 1411 603 Ι
1453 543 1516 605 τῇ
1557 537 1839 604 ζωγραφίᾳ
1872 520 1981 586 108¹

222 627 287 678 τὰ
327 628 577 694 μίγματα.
647 623 845 689 ταύτης
883 629 977 690 τῆς
1017 621 1281 692 ἁρμονίας
1318 624 1605 693 κράτιστος
1646 619 1746 692 μὲν
1786 621 1899 690 ἐγέ-
1983 616 2004 667 ‡-;

223 733 347 766 νετο
393 713 575 765 κανὼν
614 710 642 763 ὁ
689 710 921 781 ποιητὴς
951 708 1211 779 Ὅμηρος,
1257 708 1346 762 καὶ
1387 710 1487 763 οὐκ
1525 713 1595 764 ἄν
1632 731 1714 773 τις
1754 715 1898 763 εἴποι
1984 731 2004 784 4

224 801 370 865 λέξιν
425 802 650 868 ἄμεινον
703 797 1054 868 ἡρμοσμένην
1107 805 1201 866 τῆς
1264 797 1477 852 ἐκείνου
1537 801 1675 870 πρὸς
1735 801 1897 868 ἄμφω
2001 791 2004 802 ’

224 897 407 956 ταῦτα,
449 888 587 955 λέγω
625 884 685 939 δὲ
723 890 824 955 τήν
855 907 912 939 τε
951 886 1160 955 ἡδονὴν
1198 885 1288 940 καὶ
1327 888 1387 940 τὸ
1429 890 1645 956 σεμνόν.
1709 887 1899 956 ἐζήλω-

225 993 327 1030 σαν
367 974 426 1029 δὲ
466 977 634 1028 αὐτὸν
675 975 820 1028 ἐπῶν
859 995 915 1028 τε
953 975 1150 1028 πολλοὶ
1188 974 1408 1044 ποιηταὶ
1447 974 1537 1028 καὶ
1576 981 1772 1045 μελῶν,
1819 979 1898 1029 ἔτι

225 1063 285 1118 δὲ
323 1066 628 1136 τραγῳδίας
659 1084 716 1117 τε
754 1063 845 1116 καὶ
884 1065 1187 1136 κωμῳδίας,
1227 1074 1564 1135 συγγραφεῖς
1595 1084 1651 1117 τε
1683 1064 1901 1134 ἀρχαῖοι
1994 1079 2004 1155 Ι

222 1152 311 1205 καὶ
359 1155 658 1222 φιλόσοφοι
708 1151 798 1205 καὶ
847 1152 1084 1222 ῥήτορες.
1163 1149 1241 1206 ὧν
1288 1153 1544 1206 ἁπάντων
1589 1158 1901 1222 μεμνῆσθαι
1996 1159 2004 1211 ξ

222 1242 364 1294 πολὺ
412 1240 481 1293 ἂν
526 1243 692 1310 ἔργον
731 1247 839 1310 εἴη,
886 1240 1101 1311 ἀρκέσει
1148 1239 1209 1294 δὲ
1254 1251 1365 1294 τῶν
1404 1241 1464 1294 ἐν
1503 1244 1688 1309 λόγοις
1734 1243 1901 1295 δυνα-

224 1330 586 1398 στευσοὲντων,
626 1329 723 1392 οὓς
762 1329 865 1397 ἐγὼ
905 1333 1228 1398 κρατίστους
1276 1326 1417 1382 εἶναι
1463 1333 1750 1399 πείθομαι,
1799 1332 1902 1383 δύο

222 1416 601 1488 παρασχέσθαι
629 1421 851 1486 μόνους,
884 1418 1249 1487 συγγραφέων
1272 1415 1711 1487 μὲν“Ηρόδοτον,
1744 1423 1901 1487 φιλο-

224 1508 415 1574 σόφων
462 1503 523 1558 δὲ
569 1507 867 1558 Πλάτωνα·
921 1505 1011 1558 καὶ
1059 1508 1162 1575 γὰρ
1210 1505 1300 1558 καὶ
1348 1505 1555 1575 ἀξίωμα
1608 1505 1697 1559 καὶ
1745 1507 1902 1576 χάρις

223 1593 405 1646 αὐτῶν
445 1593 710 1663 ἐπιτρέχει
751 1604 869 1656 ταῖς
918 1594 1217 1664 ἁρμονίαις.
1295 1596 1342 1646 εἰ
1381 1591 1442 1646 δὲ
1481 1595 1626 1664 ὀρθὰ
1667 1593 1780 1662 ἐγὼ
1810 1594 1899 1647 καὶ
1986 1604 1992 1668 Ι

224 1683 403 1734 εἰκότα
458 1684 667 1749 ἔγνωκα
721 1682 845 1753 περὶ
901 1683 1106 1750 αὐτῶν,
1163 1681 1405 1746 ἐξετάσαι
1458 1689 1532 1753 τῷ
1583 1683 1900 1755 βουλομένῳ
1985 1715 1990 1731 ·

225 1779 450 1822 σκοπεῖν
489 1773 650 1823 ε’.στιν
721 1770 852 1840 φέρε
892 1772 959 1838 δὴ
1007 1774 1089 1833 τίς
1130 1771 1230 1823 οὐκ
1273 1792 1341 1823 αν
1380 1771 1769 1865 ὁμολογήσειεν
1807 1779 1903 1840 τῆς
1986 1755 2004 1826 ,⁴

224 1877 280 1909 τε
296 1857 585 1928 αὐστηρᾶς
615 1858 705 1911 καὶ
737 1867 831 1927 τῆς
863 1859 1048 1927 ἡδείας
1080 1859 1343 1929 αρμονιάς
1375 1859 1547 1928 μέσην
1571 1880 1711 1912 ειναι
1739 1861 1902 1928 τήνδε
1981 1857 1986 1890 '7

226 1966 326 2050 την
361 1946 508 2010 λέξιν
546 1946 636 1999 καὶ
675 1949 739 2000 τὰ
778 1946 1037 2018 κράτιστα
1077 1947 1359 2017 εἰληφέναι
1398 1947 1527 2017 παρ
1561 1947 1829 2018 ἑκατέρας,
1869 1942 1903 2020 ᾗ

224 2032 476 2103 κέχρηται
498 2035 795 2105 Ηρόδοτος
820 2035 992 2106 Ξέρξῃ
1024 2035 1273 2107 περιθεις
1303 2038 1400 2089 τὸν
1430 2039 1614 2104 λόγον,
1646 2036 1724 2090 ὅτ’
1747 2036 1901 2106 ἐβου-
1974 2026 1982 2110 :³

225 2122 411 2174 λεύετο
465 2123 589 2193 περὶ
644 2132 737 2192 τῆς
787 2126 792 2193 Ι
845 2127 983 2195 πρὸς
1036 2127 1164 2187 τοὺς
1211 2124 1481 2193 ’Έλληνας
1536 2128 1842 2195 στρατείας;
1877 2137 1959 2177 108

225 2214 670 2280 μετακεκόμισται
714 2212 763 2266 δ’
795 2215 873 2276 εἰς
919 2214 1019 2281 τὴν
1057 2213 1285 2266 ’Λτθίδα
1333 2212 1617 2266 διάλεκτον
1655 2214 1688 2282 ἡ
1735 2213 1901 2278 λέξις·

223 2301 482 2371 “’Ἁνδρες
515 2301 742 2371 Πέρσαι,
783 2301 898 2355 οὔτ’
928 2302 1091 2364 αὐτὸς
1124 2304 1506 2371 καθηγήσομαι
1543 2305 1716 2370 νόμον
1745 2301 1893 2355 τόνδ’

345 2451 401 2488 24
431 2446 692 2490 Herodotus
724 2447 808 2490 VII
841 2453 866 2491 8
891 2462 976 2502 sqq

346 2583 371 2620 2
405 2578 551 2634 αυτὴν
576 2578 870 2644 Sylburgius:
904 2581 1028 2624 αὑτῶ
1125 2585 1153 2623 4
1183 2580 1363 2637 λαβεῖν]
1394 2580 1553 2636 λαβοῖο
1578 2579 1614 2621 Ρ
1706 2583 1731 2621 6
1759 2575 1900 2634 Όμη-
1962 2590 1967 2638 j

230 2653 309 2689 ρος
342 2636 468 2680 delet
491 2636 728 2692 Kiessling
759 2637 807 2680 in
839 2653 918 2694 mg
1001 2644 1027 2682 8
1054 2638 1211 2695 εἰδονὴ
1216 2638 1295 2682 νΒ
1379 2642 1404 2681 9
1439 2637 1561 2681 ἐπών
1585 2637 1633 2679 Μ
1719 2641 1772 2679 13
1805 2638 1900 2680 δύω
1946 2639 1967 2667 'f

229 2695 348 2738 BPv
464 2700 517 2737 15
558 2693 608 2738 δε
644 2694 870 2740 Πλάτωνα
908 2699 1016 2753 post
1055 2698 1207 2741 αυτῶν
1237 2695 1408 2752 repetit
1438 2697 1475 2738 P
1513 2698 1518 2752 Ι
1560 2696 1639 2739 καὶ
1678 2695 1764 2752 γὰρ
1801 2696 1900 2754 καὶ]
1963 2695 1965 2714 “

229 2754 310 2798 καὶ
342 2753 429 2810 γὰρ
461 2754 496 2796 Ρ
611 2759 663 2796 17
697 2754 911 2806 ἐξετάσας
942 2756 1061 2800 BPv
1176 2759 1229 2798 18
1263 2754 1553 2811 ὁμολογήσειε
1584 2770 1612 2797 v
1734 2758 1788 2797 19
1821 2762 1901 2811 τῆς

229 2810 410 2870 ἡδείας]
449 2810 610 2868 ἡδείας
642 2812 677 2853 Β
739 2811 875 2868 ἡδίας
905 2815 940 2857 Ρ
983 2816 989 2872 Ι
1031 2813 1185 2870 μέσειν
1215 2815 1251 2857 Ρ
1412 2818 1464 2855 21
1506 2813 1762 2868 περιτιθεὶς
1801 2813 1900 2869 Syl·
1960 2840 1961 2843 =

228 2871 422 2928 burgius
454 2886 482 2914 v
518 2873 524 2927 Ι
560 2870 824 2936 ἐβουλεύετο
846 2872 884 2913 Β
917 2873 966 2915 in
996 2888 1075 2929 mg
1098 2889 1148 2917 v:
1182 2872 1392 2931 ἐβούλετο
1417 2871 1556 2914 ΜΒΡ
1654 2877 1708 2914 22
1739 2869 1900 2928 ’Έλλη-

229 2948 382 2982 νας-
398 2927 447 2973 δε
481 2929 581 2986 (Sic)
612 2944 661 2972 m
691 2945 770 2986 mg
802 2931 986 2986 supplet
1015 2932 1052 2974 B
