1958 3192
762 145 1093 189 -XLI-

91 283 204 335 sine
250 282 421 334 ironia
464 281 619 351 plane
667 282 850 334 eodem
894 281 1052 334 modo
1099 282 1318 350 ponitur
1364 284 1522 350 atque
1569 302 1767 352 μακρη-

90 379 280 441 γορεῖν
319 373 411 423 aut
448 375 834 442 μακρολογεῖν;
882 370 957 423 sic
996 370 1136 423 enim
1177 370 1432 423 disserere
1472 370 1646 439 coepit
1676 370 1767 423 καὶ

90 458 235 514 τοῦτ’
283 458 435 523 ἔδοξε
474 465 838 529 καταριθμεῖν
888 459 948 512 ἐν
986 468 1101 522 τοῖς
1141 458 1428 528 ἐγκωμίοις
1477 467 1572 528 τῆς
1611 459 1767 530 ῥητο-

89 556 245 619 ρικῆς
281 550 341 602 τὸ
382 551 690 618 πελαγίζειν
741 548 802 602 ἐν
839 557 953 611 τοῖς
1003 550 1213 617 λόγοις,
1266 550 1396 610 τοὺς
1431 545 1504 601 ’δὲ
1550 551 1769 618 βραχεῖς

90 638 532 707 ἀποδοκιμάζειν,
594 639 843 709 καθάπερ
898 639 963 691 τὰ
1022 638 1284 709 πλοιάρια
1342 639 1408 690 τὰ
1470 638 1541 706 μὴ
1605 638 1768 690 δυνά-

88 747 224 797 μενα
277 736 371 797 τῆς
424 735 523 796 γῆς
578 727 858 798 ἀπαίρειν,
920 727 993 790 ὡς
1040 723 1214 780 οὐθὲν
1269 725 1768 797 διαπραττομένους

88 819 353 887 λαμπρόν.

197 994 557 1047 Adnotatione
609 1013 716 1047 non
767 994 939 1047 solum
986 994 1088 1046 hoc
1139 994 1400 1064 agendum
1442 995 1765 1048 existimaui-

91 1102 204 1136 mus
214 1127 228 1153 ,
279 1087 340 1136 ut
384 1087 597 1136 nostrae
646 1083 890 1136 lectionis
946 1083 1233 1136 auctoritas
1286 1102 1550 1154 nusquam
1606 1085 1766 1137 dubia

88 1176 241 1242 esset,
281 1173 371 1226 sed
411 1173 570 1225 etiam
610 1176 671 1224 ut
708 1172 957 1243 uolgatae
998 1176 1050 1225 et
1090 1192 1120 1224 a
1150 1172 1305 1225 nobis
1339 1173 1573 1227 desertae
1614 1174 1763 1244 origo

86 1262 419 1315 indicaretur.
483 1280 641 1330 quam
682 1262 748 1314 ob
788 1281 900 1314 rem
939 1265 1001 1314 ut
1039 1280 1222 1314 eorum
1262 1262 1518 1333 codicum,
1556 1263 1612 1314 in
1651 1263 1764 1332 qui-

84 1351 184 1403 bus
235 1350 480 1403 lectionis
526 1350 783 1403 memoria
834 1350 1047 1419 nititur,
1102 1351 1509 1420 discrepantiam
1564 1355 1763 1421 quanta

83 1440 355 1509 potuimus
394 1440 497 1492 fide
536 1439 925 1509 adnotauimus7
963 1440 1040 1491 ita
1079 1439 1337 1492 editiones
1378 1459 1587 1509 quoque
1627 1441 1761 1511 illas,

83 1529 221 1581 unde
259 1529 417 1582 lectio
457 1529 675 1598 uolgata
712 1528 884 1598 fiuxit,
924 1528 1107 1581 sedulo
1148 1528 1528 1582 consuluimus,
1590 1531 1645 1582 in
1684 1531 1759 1582 eis

81 1617 233 1670 libris
267 1637 492 1687 quorum
523 1619 643 1670 fons
676 1619 840 1671 codex
871 1621 1026 1670 uetus
1058 1618 1374 1671 Parisiensis
1407 1622 1501 1688 est,
1533 1619 1759 1688 plerum-

83 1726 184 1776 que
222 1708 431 1760 reiectis
471 1707 792 1777 apographis
830 1727 927 1760 ms.
967 1707 1238 1776 exemplar
1275 1707 1456 1776 potius
1487 1706 1759 1778 Aldinum,

83 1797 224 1865 quod
263 1800 316 1849 et
354 1797 529 1866 ipsum
569 1796 862 1867 apographi
907 1797 1025 1850 loco
1064 1797 1312 1866 habetur,
1365 1797 1758 1851 aduocauimus

82 1884 517 1938 Coniecturarum
550 1905 756 1956 semper
786 1886 988 1955 primos
1029 1890 1270 1939 auctores
1310 1886 1541 1940 indicare
1580 1888 1760 1940 studu-

82 1975 243 2044 imus,
287 1993 457 2044 neque
496 1994 615 2028 raro
656 1976 798 2045 quod
835 1975 1054 2028 Reiskio
1103 1975 1262 2028 aliiue
1301 1975 1459 2029 hodie
1507 1976 1760 2029 adscribi-

79 2067 181 2133 tur,
220 2064 511 2133 antiquiori
541 2065 694 2117 licuit
724 2065 953 2117 reddere.
1016 2067 1248 2117 ceterum
1281 2065 1463 2117 inutili
1495 2066 1757 2119 coniectu—

80 2171 256 2205 rarum
289 2153 428 2206 mole
467 2153 863 2206 adnotationem
903 2172 1119 2206 onerare
1157 2153 1442 2223 noluimUS‚
1482 2155 1759 2208 conamina

79 2242 255 2295 minus
293 2242 591 2312 probabilia
628 2243 733 2295 nisi
770 2243 902 2295 locis
942 2242 1116 2295 dubiis
1156 2260 1263 2295 non
1302 2242 1622 2297 rettulimus.

190 2420 343 2484 Quod
381 2421 645 2490 reliquum
685 2424 787 2489 est,
835 2420 1082 2472 omnibus
1129 2420 1205 2472 eis
1245 2421 1335 2490 qui
1383 2420 1535 2473 libris
1574 2439 1754 2474 manu-

81 2510 291 2579 scriptis
332 2513 423 2562 aut
462 2509 684 2562 conlatis
724 2512 815 2561 aut
865 2509 1118 2578 inspectis
1169 2508 1304 2562 hanc
1352 2528 1565 2578 operam
1612 2510 1755 2563 adiu-

78 2603 292 2668 uerunt,
345 2599 543 2668 gratias
594 2599 801 2668 agimus
848 2594 1120 2650 maximas.
1198 2616 1520 2668 quamquam
1567 2599 1615 2651 ei
1664 2618 1753 2668 po-

78 2687 346 2739 tissimum
386 2706 611 2756 quorum
652 2687 891 2740 officiosa
922 2687 1156 2739 amicitia
1202 2687 1404 2739 aditum
1451 2687 1585 2739 mihi
1625 2687 1752 2740 olim

43 2833 47 2838 ,
79 2775 145 2827 ad
181 2775 311 2829 haec
350 2776 526 2828 studia
564 2777 791 2846 aperuit,
837 2779 1172 2845 praematura
1210 2780 1381 2829 morte
1428 2780 1481 2828 et
1520 2776 1653 2828 mihi
1701 2780 1753 2828 et

78 2863 272 2916 litteris
312 2865 417 2916 iam
465 2866 631 2934 erepti
679 2869 825 2934 sunt,
874 2864 1154 2933 Adolphus
1194 2864 1577 2934 Kiesslingim,
1630 2864 1751 2916 Phi-

78 2953 255 3022 lippus
287 2953 672 3023 KohlmannUS‚
713 2953 930 3006 Carolus
965 2953 1159 3022 Graux,
1190 2953 1507 3021 Rudolphus
1541 2952 1750 3005 Schoel-
