2004 3202
752 168 1173 213 ΔΗΜΟΣΘΕΝΗΣ
1697 171 1800 223 145

124 300 330 372 ἀληθὲς
378 300 440 356 δὲ
493 295 552 374 ᾗ·
615 304 663 356 εἰ
716 301 806 355 καὶ
861 302 1042 371 λέγειν
1102 304 1336 366 ἅπαντες
1397 303 1691 372 ἐβούλοντο
1747 308 1800 360 οἱ

33 407 118 447 977
142 393 432 461 παριόντες
470 389 560 443 καὶ
600 399 936 459 χειροτονεῖν
980 392 1160 461 ὑμεῖς,
1203 391 1207 461 Ι
1256 391 1308 456 ἐξ
1349 387 1428 445 ὧν
1474 393 1547 455 ὡς
1593 398 1799 462 φαυλό·

119 498 252 531 τατα
304 480 370 532 τὰ
423 480 711 549 πράγματα
764 482 997 549 ἤμελλεν
1056 478 1220 548 ἕξειν,
1284 480 1385 533 οὐκ
1438 480 1508 533 ἂν
1560 481 1797 551 ἡγοῦμαι

121 569 398 620 δύνασθαι
430 576 615 638 χεῖρον
639 568 671 636 ἢ
696 576 803 621 νῦν
835 569 1192 637 διατεθῆναιῖ
1253 558 1478 622 κατάτί
1504 555 1571 638 δὴ
1595 571 1800 639 ταύτην

118 656 357 726 ἡγοῦμαι
410 657 511 724 τὴν
565 655 714 720 λέξιν
769 656 1003 710 ἐοικέναι
1050 665 1114 728 τῇ
1166 659 1542 723 Θουκυδίδου;
1589 657 1718 712 καθ’
1770 660 1797 712 ὃ
1846 678 1866 709 5

116 744 377 814 κάκείνην
400 747 664 819 πείθομαι
689 746 922 814 μάλιστα
946 745 1235 816 διαφέρειν
1257 755 1368 799 τῶν
1392 747 1588 799 ἄλλων.
1646 747 1798 800 τουτὶ

119 832 172 886 δ’
212 836 326 886 ἔστι
365 835 426 887 τὸ
466 834 537 903 μὴ
578 832 691 886 κατ’
735 834 963 888 εὐθεῖαν
1003 833 1294 904 ἑρμηνείαν
1345 834 1693 905 ἐξενηνέχθαι
1735 839 1799 890 τὰ

118 925 364 991 νοήματα
410 921 561 991 μηδ’,
617 923 690 985 ὡς
737 924 850 975 ἔστι
897 931 1012 986 τοῖς
1066 925 1254 986 ἄλλοις
1307 924 1547 993 σύνηθες
1601 924 1797 993 λέγειν,

118 1011 303 1074 ἁπλῶς
341 1010 431 1064 καὶ
471 1010 704 1080 ἀφελῶς,
745 1010 883 1065 ἀλλὰ
923 1011 1252 1080 ἐξηλλάχθαι
1291 1011 1380 1065 καὶ
1413 1013 1797 1084 ἀπεστράφθαι

117 1100 219 1167 τὴν
258 1101 547 1153 διάλεκτον
587 1099 644 1152 ἐκ
683 1109 793 1152 τῶν
833 1099 892 1153 ἐν
931 1103 1049 1153 ἔθει
1099 1099 1189 1153 καὶ
1229 1103 1364 1154 κατὰ
1403 1102 1577 1170 φύσιν
1615 1104 1692 1165 εἰς
1731 1105 1795 1156 τὰ
1823 1121 1866 1151 10

116 1189 188 1258 μὴ
231 1192 448 1258 συνήθη
488 1198 602 1251 τοῖς
640 1193 865 1251 πολλοῖς
911 1187 1039 1257 μηδ’
1080 1190 1152 1251 ὡς
1190 1189 1222 1257 ἡ
1264 1190 1431 1257 φύσις
1470 1190 1697 1244 ἀπαιτεῖ.
1767 1191 1795 1244 ὃ

116 1276 177 1331 δὲ
225 1276 389 1346 λέγω,
443 1280 699 1330 τοιοῦτόν
746 1277 908 1330 ἐστιν.
978 1277 1160 1340 ἁπλῶς
1206 1277 1276 1330 ἂν
1315 1278 1343 1332 ὁ
1385 1281 1546 1346 λόγος
1592 1275 1663 1347 ἦν
1707 1279 1797 1333 καὶ

114 1366 232 1420 κατ’
288 1366 516 1420 εὐθεῖαν
578 1365 870 1436 ἑρμηνείαν
931 1365 1318 1436 ἐκφερόμενος,
1381 1372 1435 1420 εἴ
1483 1387 1564 1429 τις
1626 1368 1798 1432 οὕτως

111 1456 508 1508 κατεσκεύασεν
561 1454 754 1507 αὐτόν·
824 1455 1087 1523 ςπολλῶν,
1151 1452 1192 1508 ὦ
1249 1457 1446 1525 ἄνδρες
1492 1455 1796 1525 Ἀθηναῖοι,
1873 1484 1922 1505 ,ι-

115 1547 297 1612 λόγων
349 1542 695 1612 γιγνομένων
748 1542 877 1596 καθ’
934 1542 1166 1612 ἑκάστην
1228 1546 1426 1613 σχεδὸν
1488 1544 1795 1613 ἐκκλησίαν,
1823 1562 1863 1593 15

112 1631 237 1702 περὶ
278 1628 357 1686 ὧν
395 1631 574 1686 ἀδικεῖ
616 1635 890 1695 Φίλιππος
927 1633 1068 1701 ὑμᾶς
1106 1652 1162 1685 τε
1212 1631 1302 1685 καὶ
1349 1635 1478 1695 τοὺς
1524 1634 1794 1702 <ἄλλους>

100 1721 398 1790 “”Ελληνας,
439 1721 536 1790 ἀφ’
577 1718 643 1775 οὗ
682 1722 784 1790 τὴν
823 1723 1048 1791 εἰρήνην
1089 1721 1413 1790 ἐποιήσατο.’
1483 1720 1610 1774 νυνὶ
1643 1720 1704 1775 δὲ
1735 1725 1795 1775 τό

114 1830 172 1862 τε
219 1810 411 1878 ὀλίγου
458 1812 578 1863 δεῖν
623 1807 992 1879 παραληφθὲν
1038 1809 1161 1862 ἀντὶ
1211 1818 1308 1863 τοῦ
1356 1811 1554 1879 σχεδὸν
1599 1809 1687 1863 καὶ
1735 1812 1795 1862 τὸ

25 1913 110 1952 978
138 1899 315 1951 ἀδικεῖ
350 1902 622 1960 Φίλιππος
661 1897 948 1969 διαιρεθὲν
985 1898 1075 1952 καὶ
1115 1900 1207 1952 διὰ
1246 1907 1459 1969 μακροῦ
1495 1901 1594 1968 τὴν
1629 1898 1635 1970 Ι
1671 1899 1795 1953 ἀκο-

117 1990 357 2041 λουθιάν
393 1987 764 2056 κομισάμενον
800 1987 891 2040 καὶ
930 1989 990 2040 τὸ
1033 1987 1098 2041 οὐ
1138 1990 1313 2057 μόνον
1350 1988 1492 2056 ὑμᾶς
1530 1987 1667 2041 ἀλλὰ
1706 1987 1794 2040 καὶ
1820 2005 1863 2036 20

116 2078 245 2138 τοὺς
278 2074 783 2143 ἀλλους”Ἐλληνας,
815 2074 1129 2145 δυναμένου
1159 2074 1249 2129 καὶ
1281 2075 1446 2145 χωρὶς
1473 2076 1797 2144 ἀποφάσεως

115 2166 209 2217 διὰ
262 2171 357 2232 τῆς
411 2169 726 2232 συμπλοκῆς
776 2166 946 2233 μόνης
991 2165 1051 2216 τὸ
1099 2172 1322 2235 πρᾶγμα
1377 2165 1642 2232 δηλῶσαι,
1698 2172 1795 2217 τοῦ

114 2255 400 2321 συνήθους
456 2250 857 2321 ἐξηλλαγμένην
909 2251 999 2304 καὶ
1046 2255 1340 2323 περίεργον
1392 2255 1649 2319 πεποίηκε
1697 2253 1796 2319 τὴν

115 2340 277 2406 λέξιν.
347 2341 546 2410 ὁμοίως
578 2338 638 2393 δὲ
670 2339 760 2393 καὶ
792 2341 922 2408 <τὸ>
963 2340 1352 2409 ἐπιλεγόμενον
1382 2341 1573 2412 τούτῳ,
1614 2341 1661 2392 εἰ
1694 2338 1795 2408 μὲν

114 2429 298 2492 ἁπλῶς
329 2429 418 2482 καὶ
451 2427 784 2499 ἀπεριέργως
816 2430 925 2481 ἔδει
960 2428 1217 2497 ῥηθῆναι,
1257 2437 1455 2482 τοῦτον
1486 2428 1555 2481 ἂν
1587 2430 1655 2496 δή
1685 2447 1793 2481 που
1819 2444 1861 2477 25

233 2565 258 2603 2
298 2559 427 2615 παρὰ
464 2559 591 2609 ὄντες
623 2559 657 2602 Ρ
700 2561 705 2615 Ι
749 2558 794 2612 ἐξ
829 2555 892 2603 ὦν
933 2572 1007 2603 om
1037 2559 1073 2602 P
1194 2564 1219 2603 8
1259 2562 1366 2615 post
1405 2559 1606 2615 σύνηθες
1645 2558 1787 2603 inter-

113 2621 329 2675 pungunt
353 2619 544 2674 MBPv,
569 2621 676 2693 post
699 2616 848 2674 λέγειν
868 2617 1102 2675 Kiessling
1189 2623 1241 2662 12
1268 2617 1389 2662 ἐστιν
1415 2618 1577 2662 addito
1603 2635 1629 2663 ν
1655 2632 1791 2674 super

117 2694 161 2721 ιν
201 2680 249 2721 et
286 2693 365 2736 mg
403 2656 544 2722 rubro,
583 2673 641 2735 ἦν
673 2677 709 2720 Β
751 2676 875 2732 quod
915 2678 975 2722 ad
1015 2677 1259 2733 sequentia
1297 2677 1514 2749 pertinet
1543 2679 1548 2734 Ι
1591 2672 1649 2734 ἦν
1692 2677 1792 2733 Syl

115 2735 331 2793 burgius:
376 2737 468 2781 ἐστὶ
605 2741 659 2780 13
700 2733 948 2793 ἑρμηνείαν
979 2749 1054 2780 0111
1084 2736 1122 2780 Β
1261 2743 1312 2780 15
1354 2733 1610 2792 γινομένων
1642 2737 1676 2779 Ρ

119 2798 173 2838 16
207 2811 256 2839 ευ
287 2797 407 2852 ὑμᾶς
438 2796 473 2839 Ρ
528 2796 574 2847 ἐς
603 2797 723 2851 ὑμᾶς
753 2811 781 2839 v
825 2797 830 2852 Ι
875 2795 1038 2846 ἄλλους
1070 2795 1164 2839 add
1197 2795 1470 2852 Sylburgius
1563 2799 1615 2838 21
1650 2796 1789 2839 δυνα

117 2851 258 2907 μένον
274 2854 514 2900 Reiskius:
540 2854 804 2910 δυνάμενον
881 2859 935 2898 22
961 2854 1104 2911 μόνης
1121 2869 1196 2898 om
1211 2855 1286 2898 Pv
1363 2860 1419 2898 24
1443 2851 1605 2911 λ[ε’ξιν]
1629 2856 1792 2910 postea

118 2911 214 2955 add
250 2913 296 2955 M
340 2916 344 2970 Ι
387 2914 438 2958 τὸ
478 2914 573 2958 add
613 2913 887 2970 Sylburgius
1011 2918 1064 2957 25
1098 2912 1378 2970 ἀπεριέργως
1415 2915 1579 2969 postea
1620 2912 1713 2955 add
1745 2912 1790 2953 M

117 2969 366 3027 περιέργως
397 2973 433 3015 Ρ

207 3052 257 3083 Di
243 3062 318 3085 1.on
341 3054 434 3086 Hali
420 3064 538 3087 leam.
574 3055 617 3087 V.
1475 3050 1527 3087 10
