1958 3192
150 78 182 130 6
566 81 906 124 ΔΙοΝΤΣΙοΤ
936 53 1404 123 ΑΛΙΚΑΡΝΑΣΕΩΣ

148 216 324 268 δωκεν
361 213 451 267 καὶ
489 216 551 268 τὸ
591 214 827 284 ἀνόητον
863 215 1197 283 ἠνάγκασται
1228 222 1367 268 νοῦν
1398 216 1555 283 ἔχειν.
1606 214 1825 283 τοιγάρ-

146 324 231 357 τοι
269 302 467 357 πολλαὶ
506 301 606 373 μὲν
647 305 881 375 ἱστορίαι
921 305 1163 371 σπουδῆς
1194 303 1339 367 ἄξιαι
1370 304 1678 374 γράφονται
1709 310 1824 364 τοῖς

147 399 278 460 νῦν,
328 391 523 445 πολλοὶ
571 390 630 445 δὲ
669 395 825 460 λόγοι
863 390 1135 445 πολιτικοὶ
1177 394 1453 462 χαρίεντες
1500 389 1823 460 ἐκφέρονται

146 481 453 550 φιλόσοφοί
499 501 557 534 τε
611 481 891 545 συντάξεις
946 481 1011 534 οὐ
1066 482 1140 549 μὰ
1188 483 1302 533 Δία
1355 480 1824 549 εὐκαταφρόνητοι

99 586 120 618 5
147 571 306 623 ἄλλαι
345 589 402 622 τε
439 569 636 623 πολλαὶ
675 569 764 622 καὶ
811 568 972 622 καλαὶ
1016 578 1376 639 πραγματεῖαι
1421 567 1511 622 καὶ
1544 568 1824 637 Ῥωμαίοις

145 657 234 710 καὶ
268 657 529 727 ’Ἐλλησιν
575 655 635 711 εὗ
682 660 825 727 μάλα
872 657 1366 727 διεσπουδασμέναι
1411 657 1830 727 προεληλύθασί

145 766 202 799 τε
232 746 322 799 καὶ
354 748 779 817 προελεύσονται
818 748 954 799 κατὰ
991 748 1053 799 τὸ
1094 748 1249 809 εἰκός.
1307 745 1397 799 καὶ
1438 746 1538 799 οὐκ
1577 745 1646 799 ἂν
1683 751 1824 798 θαυ-

143 836 372 904 μάσαιμι
426 836 749 904 τηλικαύτης
802 838 1102 904 μεταβολῆς
1158 834 1218 888 ἐν
1277 835 1451 906 τούτῳ
1506 841 1581 907 τῷ
1634 837 1825 905 βραχεῖ

144 926 323 995 χρόνῳ
361 923 738 992 γεγενημένης,
779 925 826 976 εἰ
858 923 1045 993 μηκέτι
1077 925 1309 993 χωρήσει
1340 921 1665 993 προσωτέρω
1698 930 1824 991 μιᾶς

79 1029 121 1060 10
147 1020 336 1079 γενεᾶς
382 1013 410 1065 ὁ
458 1015 613 1080 ζῆλος
661 1012 865 1074 ἐκεῖνος
911 1022 1022 1065 τῶν
1067 1012 1317 1081 ἀνοήτων
1363 1014 1564 1080 λόγων·
1611 1012 1671 1064 τὸ
1719 1013 1823 1081 γὰρ

147 1100 204 1152 ἐκ
248 1101 451 1162 παντὸς
497 1103 573 1162 εἰς
621 1100 907 1170 ἐλάχιστον
954 1098 1236 1170 συναχθὲν
1291 1099 1485 1172 ῥᾴδιον
1533 1099 1584 1163 ἐξ
1632 1099 1824 1167 ὀλίγου

145 1186 280 1256 μηδὲ
321 1185 475 1242 εἶναι.

84 1278 120 1329 4
255 1276 392 1330 ἀλλὰ
430 1279 534 1348 γὰρ
574 1279 634 1331 τὸ
674 1275 775 1347 μὲν
814 1278 1157 1349 εὐχαριστεῖν
1203 1286 1278 1350 τῷ
1324 1278 1719 1347 μεταβάλλοντι
1759 1279 1824 1330 τὰ

143 1366 431 1435 πράγματα
477 1369 655 1438 χρόνῳ
703 1366 792 1419 καὶ
840 1368 900 1420 τὸ
947 1369 1076 1430 τοὺς
1120 1369 1186 1420 τὰ
1231 1368 1490 1438 κράτιστα
1527 1384 1824 1436 προαιρου-

79 1469 121 1501 15
145 1452 344 1522 μένους
392 1454 634 1507 ἐπαινεῖν
679 1454 769 1507 καὶ
815 1457 876 1507 τὸ
923 1457 989 1508 τὰ
1035 1454 1303 1524 μέλλοντα
1349 1454 1406 1507 ἐκ
1453 1463 1563 1508 τῶν
1601 1456 1824 1522 γεγονό-

145 1562 256 1594 των
295 1543 526 1606 εἰκάζειν
563 1542 653 1595 καὶ
691 1544 868 1596 πάντα
900 1545 966 1596 τὰ
996 1546 1347 1614 παραπλήσια
1381 1544 1614 1611 τούτοις,
1656 1542 1688 1595 ἃ
1720 1541 1824 1595 κᾶν

146 1630 174 1683 ὁ
207 1631 389 1699 τυχὼν
421 1633 593 1684 εἰπεῖν
624 1632 867 1701 δύναιτο,
900 1632 1110 1701 ἀφήσω,
1144 1631 1196 1696 ἐξ
1226 1628 1303 1685 ὧν
1336 1630 1383 1684 δ’
1415 1631 1484 1684 ἂν
1509 1634 1586 1684 ἔτι
1611 1630 1799 1702 μείῖζω
1825 1649 1911 1688 450
1955 1645 1958 1706 ξ

147 1720 305 1787 λάβοι
356 1721 420 1772 τὰ
466 1723 747 1790 κρείττονα
796 1723 977 1790 ἰσχύν,
1032 1729 1201 1774 ταῦτα
1253 1721 1580 1791 πειράσομαι
1627 1718 1824 1787 λέγειν,

146 1807 419 1860 ὑπόθεσιν
478 1817 576 1861 τοῦ
637 1812 806 1876 λόγου
866 1811 1059 1878 κοινὴν
1118 1808 1208 1862 καὶ
1270 1810 1675 1878 φιλάνθρωπον
1734 1808 1824 1861 καὶ

79 1911 122 1942 20
145 1900 370 1948 πλεῖστα
424 1897 736 1966 δυναμένην
790 1898 1067 1967 ὠφελῆσαι
1122 1899 1320 1967 λαβών.
1413 1900 1526 1950 ἔστι
1589 1894 1650 1950 δὲ
1709 1897 1824 1965 ἥδε,

145 1987 290 2046 τίνες
323 1984 463 2037 εἰσὶν
495 1985 913 2053 ἀξιολογώτατοι
945 1997 1055 2040 τῶν
1086 1987 1329 2057 ἀρχαίων
1361 1986 1609 2056 ρ”ητόρων
1647 2005 1704 2038 τε
1734 1983 1824 2038 καὶ

147 2073 513 2142 συγγραφέων
551 2074 639 2126 καὶ
675 2079 819 2137 τίνες
851 2076 1034 2128 αὐτῶν
1065 2075 1319 2143 ἐγένοντο
1350 2073 1694 2145 προαιρέσεις
1724 2081 1824 2126 τοῦ

147 2180 203 2212 τε
242 2164 369 2229 βιόυ
407 2161 497 2214 καὶ
535 2172 645 2215 τῶν
684 2166 865 2231 λόγων
903 2163 992 2216 καὶ
1032 2167 1089 2217 τί
1129 2163 1253 2234 παρ’
1302 2162 1531 2216 ἑκάστου
1570 2163 1655 2216 δεῖ
1694 2167 1824 2231 λαμ-

148 2250 339 2317 βάνειν
377 2249 408 2317 ἢ
449 2252 846 2319 φυλάττεσθαι,
885 2254 1023 2305 καλὰ
1061 2253 1388 2322 θεωρήματα
1427 2250 1517 2304 καὶ
1557 2251 1825 2318 ἀναγκαῖα

15 2372 38 2403 >
82 2351 124 2383 25
148 2346 261 2399 τοῖς
308 2337 536 2391 ἀσκοῦσι
575 2339 675 2406 τὴν
712 2342 998 2408 πολιτικὴν
1037 2343 1375 2410 φιλοσοφίαν
1411 2339 1501 2392 καὶ
1541 2339 1607 2392 οὐ
1647 2340 1825 2407 δήπου

271 2533 291 2570 1
325 2525 561 2584 τοιγάρτοι
592 2528 638 2569 Μ
673 2541 728 2571 ex
758 2526 801 2570 τί
833 2526 993 2584 γάρτοι
1115 2534 1139 2572 5
1179 2529 1318 2573 καλαὶ
1356 2528 1435 2572 καὶ
1471 2528 1634 2571 πολλαὶ
1665 2529 1707 2571 Α

152 2590 204 2629 12
247 2584 391 2642 μηδὲν
433 2583 555 2630 εἶναι
598 2587 638 2628 Α
686 2586 947 2642 Stephanus
986 2604 1015 2631 v
1138 2593 1191 2631 13
1235 2586 1563 2644 μεταβαλλόντι
1610 2586 1642 2630 C
1690 2601 1823 2641 μετα-

150 2644 339 2702 βαλόντι
370 2645 456 2687 ΒΑ
490 2645 751 2701 Stephanus
784 2661 813 2687 v
936 2650 988 2689 18
1029 2645 1271 2702 κρείσσονα
1303 2647 1352 2688 Μ
1471 2650 1527 2688 20
1566 2642 1617 2688 δὲ
1657 2641 1739 2698 ἧδε
1775 2645 1824 2687 Μ

149 2702 200 2747 δὲ
234 2703 322 2760 ἤδη
357 2704 616 2760 Stephanus
657 2702 701 2747 δ’
739 2704 827 2760 ἤδη
870 2720 898 2747 V
1025 2711 1079 2748 21
1120 2706 1200 2750 καὶ
1240 2703 1507 2760 φιλοσόφων
1547 2703 1629 2747 sed
1658 2718 1738 2759 mg
1770 2720 1821 2760 γρ

151 2761 452 2820 συγγραφέων
483 2764 518 2806 Ρ
639 2768 693 2806 23
734 2771 824 2807 τῶν
856 2763 1002 2819 λόγων
1034 2764 1270 2808 Reiskius:
1310 2770 1391 2806 τοῦ
1427 2762 1564 2818 λόγου
1608 2763 1612 2819 Ι
1655 2764 1822 2806 λαθεῖν

150 2822 232 2866 sed
263 2837 340 2878 mg
371 2820 624 2880 λαμβάνειν
655 2822 715 2864 Β1
835 2827 890 2864 24
922 2821 1040 2865 καλὰ
1071 2823 1186 2867 MB:
1220 2822 1300 2867 καὶ
1331 2821 1459 2865 PCA
1500 2820 1760 2876 Stephanus
1793 2836 1822 2864 v

269 2886 323 2924 25
356 2882 546 2925 ἀσκοῦσι
571 2880 808 2925 Reiskius:
841 2882 1063 2937 ἀκούουσι
1091 2882 1096 2939 Ι
1127 2879 1235 2925 οὐδέ
1259 2896 1349 2924 που
1374 2895 1403 2923 v
1434 2879 1543 2923 libri
1565 2881 1750 2935 praeter
1774 2879 1822 2922 M
