2004 3202
161 153 270 206 206
588 156 929 200 ΔΙΟΝΥΣΙΟΤ
958 155 1425 198 ΑΛΙΚΑΡΝΑΣΕῼΣ

162 291 585 360 μαρτυρήσειαν,
648 291 767 344 ὅσοι
828 291 900 359 μὴ
965 289 1278 342 παντάπασι
1337 294 1636 342 πολιτικῶν
1697 291 1839 343 εἰσιν

162 379 380 448 ἄπειροι
424 380 622 446 λόγων,
669 379 808 431 ὅπου
855 397 917 444 γε
962 375 1052 429 καὶ
1101 378 1154 429 οἱ
1199 379 1335 450 κατὰ
1372 379 1473 446 τὴν
1511 378 1685 446 αὐτὴν
1722 378 1838 447 ἡλι-

160 469 287 518 κίαν
333 465 671 534 ἀκμάσαντες
718 465 905 536 ἐκείνῳ
958 464 1333 534 θαυμάζοντές
1378 486 1437 519 τε
1483 467 1647 534 δῆλοί
1697 469 1839 520 εἰσιν

163 555 333 608 αὐτὸν
377 553 468 607 καὶ
523 558 810 622 ζηλοῦντες
863 554 1062 622 ταύτης
1115 554 1349 622 μάλιστα
1394 562 1490 623 τῆς
1541 555 1837 624 εὐτεχνίας,

117 640 146 693 5¹
161 647 338 697 καίτοι
370 640 515 705 τινες
546 642 664 696 οὐδ’
688 644 901 704 οἰκείως
933 640 1268 711 διακείμενοι
1305 645 1443 714 πρὸς
1473 644 1661 712 αὐτόν,
1700 646 1838 698 ὥστε

161 735 444 794 κολακείας
470 730 855 798 ἐξενέγκασθαι
880 729 1065 799 δόξαν,
1098 729 1216 784 ἀλλ’
1241 733 1386 784 ἔνιοί
1412 751 1474 800 γε
1503 731 1594 785 καὶ
1619 734 1838 803 σφόδρα

162 821 419 890 ἀπεχθεῖς
478 819 569 872 καὶ
632 819 1031 882 ἀδιαλλάκτους
1092 819 1494 890 ἐπανῃρημένοι
1550 821 1836 891 πολέμους.

162 905 240 962 ὧν
293 906 362 977 ἧν
409 910 675 977 Αἰσχίνης
729 908 758 962 ὁ
811 908 1016 979 ῥήτωρ,
1071 907 1210 978 ἀνὴρ
1266 910 1616 980 λαμπροτάτῃ
1671 911 1836 978 φύσει

160 997 284 1068 περὶ
324 1001 523 1065 λόγους
569 998 933 1068 χρησάμενος,
981 997 1040 1060 ὃς
1080 997 1147 1050 οὐ
1188 999 1338 1051 πολὺ
1378 997 1448 1051 ἂν
1486 997 1708 1067 ἀπέχειν
1746 999 1837 1050 δο-

96 1106 138 1138 10
161 1095 244 1139 κεῖ
288 1095 398 1139 τῶν
436 1087 619 1139 ἄλλων
663 1085 912 1156 ῥητόρων
956 1084 1046 1138 καὶ
1093 1087 1226 1155 μετὰ
1263 1084 1639 1155 Δημοσθένην
1676 1087 1838 1155 μηδε-

160 1175 255 1236 νὸς
302 1175 556 1245 δεύτερος
601 1173 981 1245 ἀριθμεῖσθαι.
1059 1170 1219 1237 οὗτος
1267 1172 1369 1244 μὲν
1415 1175 1482 1242 δὴ
1529 1181 1624 1242 τῆς
1670 1176 1838 1245 ἄλλης

161 1265 488 1331 δεινότητος,
527 1262 560 1330 ἣ
599 1261 726 1333 περὶ
764 1264 862 1315 τὸν
894 1264 1071 1333 ἄνδρα
1109 1271 1310 1316 τοῦτον
1349 1262 1563 1331 ἐγένετο
1602 1265 1737 1316 κατὰ
1774 1264 1836 1316 τὸ

161 1355 425 1420 λεκτικόν,
479 1354 629 1404 ἔστιν
675 1351 709 1404 ἃ
756 1353 1017 1416 διακνίζει
1067 1350 1158 1404 καὶ
1205 1361 1562 1421 συκοφαντεῖ,
1614 1361 1837 1422 πρᾶγμα

162 1439 367 1511 ἐχθροῦ
405 1450 595 1493 ποιῶν.
655 1438 747 1492 καὶ
785 1442 890 1510 γὰρ
929 1442 1223 1508 καινότητα
1262 1440 1550 1509 ὀνομάτων
1586 1439 1675 1492 καὶ
1715 1438 1831 1511 ἀη-Ι

96 1547 137 1578 15
162 1530 289 1590 δίαν
326 1527 416 1581 καὶ
462 1531 783 1599 περιεργίαν
819 1527 911 1581 καὶ
949 1530 1011 1581 τὸ
1053 1529 1337 1580 σκοτεινὸν
1374 1529 1442 1596 δὴ
1485 1518 1647 1581 τοῦτο
1685 1527 1776 1581 καὶ
1811 1542 1924 1582 1064
1963 1544 1994 1602 ·.

159 1619 359 1688 πικρὸν
404 1615 494 1669 καὶ
542 1618 680 1669 ἄλλα
733 1618 909 1669 πολλὰ
959 1624 1183 1668 τοιαῦτα
1237 1619 1623 1686 προστρίβεται
1670 1616 1834 1688 αὐτῷ,

160 1708 475 1774 βασκαίνων
512 1703 629 1774 μέν,
669 1706 850 1775 ὥσπερ
890 1707 1047 1773 ἔφην,
1094 1703 1185 1757 καὶ
1224 1713 1416 1773 ταῦτα,
1464 1705 1608 1773 ὅμως
1647 1703 1698 1757 δ’
1732 1701 1836 1758 οὖν

160 1793 411 1862 ἀφορμάς
458 1792 524 1860 γέ
565 1813 718 1855 τινας
762 1801 861 1846 τοῦ
908 1802 1278 1862 συκοφαντεῖν
1312 1793 1584 1865 ιεὐλόγους
1630 1795 1835 1862 λαμβά-

160 1902 288 1934 νων.
344 1879 468 1951 περὶ
503 1878 562 1933 δὲ
593 1889 688 1949 τῆς
720 1880 1033 1943 συνθέσεως
1064 1890 1175 1933 τῶν
1207 1881 1494 1950 ὀνομάτων
1518 1879 1685 1934 οὐδὲν
1709 1883 1835 1935 οὔτε

212 2054 220 2063 ,
281 2017 302 2055 1
336 2010 676 2067 μαρτηρήσειαν
707 2011 789 2054 ΒΡ
911 2015 935 2054 2
978 2010 1118 2067 ἄποῖρ
1123 2027 1167 2055 οι
1197 2011 1234 2054 Β
1283 2057 1285 2059 ,
1363 2016 1389 2054 3
1428 2009 1749 2067 θαυμάζοντές
1786 2027 1835 2056 τε

158 2070 398 2114 Reiskius:
429 2069 750 2125 θαυμάζοντες
780 2067 832 2114 δε
863 2070 956 2113 ΜΡ
1002 2069 1322 2126 θαυμάζοντες
1345 2070 1422 2114 Bv
1534 2076 1562 2113 4
1592 2072 1736 2115 αὐτοῦ
1768 2086 1798 2115 v
1825 2071 1831 2130 Ι

159 2130 239 2174 καὶ
263 2131 503 2186 ζηλοῦντες
525 2128 763 2173 Reiskius:
789 2132 1037 2180 καλοῦντες
1063 2131 1081 2204 Ι
1096 2130 1264 2186 ταύτης
1287 2130 1356 2175 Μ.
1379 2130 1553 2186 ταύτην
1569 2130 1690 2174 BPV
1718 2132 1723 2188 Ι
1750 2130 1836 2186 τὴν

161 2187 399 2246 εὖτεχνίαν
429 2204 458 2232 v
579 2193 604 2232 5
637 2186 790 2232 καίτοι
819 2186 959 2263 τινες]
1000 2186 1081 2233 καί
1110 2204 1233 2239 τινες
1263 2186 1344 2233 καί
1373 2205 1493 2239 τινες
1524 2189 1561 2232 Β
1594 2189 1676 2232 sed
1705 2189 1835 2246 prius

158 2248 332 2291 lineola
386 2247 622 2291 sublatum
679 2250 684 2304 Ι
743 2246 939 2306 οἰκείως]
987 2247 1109 2292 οἴκοι
1153 2248 1190 2290 Β
1274 2245 1541 2299 ὀκειουδίως
1585 2251 1659 2304 (ex
1700 2248 1835 2292 uaria

159 2306 359 2350 lectione
394 2305 571 2356 οἰκείως
603 2305 776 2363 ἰδίωςῗ)
807 2307 843 2350 Ρ
877 2307 958 2351 sed
996 2309 1106 2358 ὃιως
1140 2306 1314 2350 lineola
1347 2307 1528 2351 deletur
1647 2312 1672 2350 6
1706 2307 1834 2351 ἄλλοι

161 2381 209 2421 γε
235 2366 292 2408 Ρ1
320 2367 325 2421 Ι
361 2366 440 2409 καὶ
465 2365 646 2421 σφόδρα
672 2366 895 2423 ἐπαχθεῖς
917 2366 991 2409 bis
1015 2367 1051 2409 P
1144 2371 1167 2409 7
1195 2366 1418 2441 ἐπαχθεῖς
1440 2366 1619 2409 MBPv
1660 2367 1666 2422 Ι
1708 2367 1834 2409 διαλ-

161 2423 354 2473 adm-ovs
384 2424 420 2466 P
511 2429 537 2466 8
570 2424 618 2466 in
650 2424 742 2468 imo
774 2440 853 2481 mg
884 2425 1058 2468 codicis
1082 2425 1133 2481 B,
1166 2439 1270 2468 cum
1302 2421 1366 2470 ὧν
1396 2424 1627 2468 uocabulo
1658 2424 1834 2480 pagina

160 2483 362 2538 finiatur,
396 2484 626 2526 corrector
657 2484 795 2527 rubro
828 2485 943 2528 haec
974 2485 1121 2528 uerba
1152 2483 1287 2539 quasi
1318 2497 1503 2527 uersum
1535 2482 1832 2539 suppleturus

161 2541 366 2597 scripsit:
408 2540 555 2595 ὥσπερ
587 2539 715 2616 ξένοι
749 2540 990 2613 χαίρουσιν
1035 2545 1041 2600 Ι
1087 2543 1218 2599 ἠδεῖν
1257 2540 1459 2598 πατρίδα
1497 2542 1577 2586 καὶ
1618 2541 1661 2585 οἱ
1700 2543 1831 2599 βασϊχ

279 2605 304 2642 9
345 2600 398 2643 οὐ
438 2601 554 2642 πολὺ
594 2617 652 2643 αν
691 2599 881 2658 ἀπέχειν
927 2599 1073 2646 uerba
1118 2602 1291 2645 frustra
1336 2603 1625 2657 temptantur
1646 2602 1671 2665 Ι
1715 2602 1831 2657 δοκῆ

159 2659 298 2702 ΜΒΡ
346 2656 508 2713 δοκοίη
541 2658 776 2715 Kiessling
867 2666 921 2703 10
954 2659 1135 2718 ῥήματα
1167 2658 1372 2718 ρητόρων
1395 2660 1432 2702 Β
1525 2664 1577 2702 11
1614 2655 1745 2709 οὗτος
1772 2660 1831 2715 δὴ

158 2725 239 2774 τῆς
271 2714 354 2773 μὲν
386 2716 603 2760 Reiskius
726 2723 778 2760 12
812 2733 1011 2775 comma,
1052 2720 1177 2775 quod
1213 2721 1322 2776 post
1352 2716 1531 2775 ἐγένετο
1564 2720 1685 2774 erat,
1724 2721 1833 2774 post

158 2775 366 2821 λεκτικόν
397 2775 608 2831 promoui
730 2781 783 2819 13
825 2777 1000 2822 ἔστιν“
975 2796 1005 2821 α
1037 2778 1275 2822 Reiskius:
1314 2736 1401 2821 ἔτιγ
1499 2781 1553 2820 14
1592 2777 1725 2834 ἐχροῦ
1758 2778 1794 2820 Ρ

158 2834 416 2892 ἀηδίανΜε
449 2835 646 2890 ἀηδεῖαν
669 2835 705 2877 Ρ
744 2836 945 2879 ἁδεῖαν
933 2852 981 2879 111
1005 2852 1085 2894 mg
1114 2838 1175 2892 ἀη
1179 2835 1341 2881 δίανΒ
1434 2839 1488 2878 15
1521 2835 1733 2880 σκοτινὸν
1756 2835 1793 2878 Β

160 2895 218 2962 δὴ
272 2894 342 2938 δεὶ
366 2893 403 2935 Β
497 2898 549 2936 19
582 2895 689 2949 post
722 2893 824 2937 οὔτε
858 2898 1011 2949 μεῖζον
1036 2897 1196 2939 deesse
1227 2892 1324 2940 οὔτ’
1346 2894 1531 2938 ἔλαττον
1556 2894 1831 2951 Sylburgius

159 2954 207 2997 ui
244 2953 294 2997 it.
342 2954 585 3009 praeterea
615 2952 809 2996 uerbum
839 2953 970 2997 uelut
1002 2953 1234 2998 ἁλίσκεται
1267 2953 1557 2998 desideratm

1970 1087 1974 1089 ,
1965 745 1972 751 ι

1986 516 1990 520 .
1984 457 1986 461 -
1976 379 1991 427 ηις»
1979 330 1992 355 ⁷⁴

1999 1117 2001 1119 -
1993 1085 2001 1098 ν
1993 928 2004 1044 uae-aff-
1999 870 2004 875 .
1996 719 2004 843 nvn-«we»
1997 695 1999 700 -
1996 601 2004 659 νη.-
1999 581 2004 588 .
1998 542 2004 569 .,2.
1998 474 2004 526 fl..-2
2001 416 2004 419 A
2000 354 2004 367 -
