2004 3202
0 964 9 1058 [t

3 1595 9 1602 ¹
0 1532 6 1546 ‘
0 1427 14 1453 Ο
0 1254 17 1407 vmwtb
0 1183 10 1239 ν’

883 133 1091 175 ῙΣΑΙοΣ
1758 133 1829 186 99

149 287 310 336 τερον
353 266 728 336 ἠγωνισμένος
774 269 915 320 ἔτεσι
968 265 1226 336 θατέρου.
1303 265 1364 318 ἐν
1411 259 1454 337 ᾦ
1499 267 1601 335 τὴν
1650 269 1833 322 αἰτίαν

148 355 375 424 πρώτως
428 354 804 409 ἐπιδείκνυσιν
857 355 886 409 6
940 353 1064 425 περὶ
1124 362 1225 407 τοῦ
1285 353 1447 418 ξένου
1503 356 1832 424 ποιούμενος

149 444 277 505 τοὺς
322 445 523 511 λόγους
568 445 748 514 ὥσπερ
796 444 825 497 6
870 445 968 497 τὸν
1013 442 1270 513 μέτοικον
1317 442 1703 513 ἐξαιρούμενος
1755 446 1833 507 εἰς

149 531 486 602 ἐλευθερίαν.
564 534 677 585 ε”στι
732 530 793 585 δὲ
838 534 900 585 τὸ
954 536 1250 602 προοίμιον
1302 533 1627 599 τοῦτ-λόγου
1680 534 1831 585 τόδε·

150 618 501 687 εἈναγκαῖόν
539 640 632 688 μοι
672 621 825 673 δοκεῖ
862 616 1030 685 εἶναι,
1070 616 1112 672 ὦ
1153 620 1351 689 ἄνδρες
1390 620 1666 686 δικασταί,
1705 618 1830 689 περὶ

147 716 241 776 τῆς
278 711 468 777 φιλίας
506 716 600 777 τῆς
640 708 769 778 ἐμῆς
807 707 896 762 καὶ
937 716 1031 776 τῆς
1066 711 1370 779 Φερενίκου
1403 718 1625 778 πρῶτον
1656 710 1832 762 εἰπεῖν

145 797 283 866 πρὸς
342 796 511 865 ὑμᾶς,
573 798 665 849 ι’να
727 795 917 866 μηδεὶς
977 797 1134 865 ὑμῶν
1193 797 1484 867 θαυμάσῃ,
1547 797 1630 851 ὅτι
1691 794 1830 869 ὑπὲρ

59 903 142 943 595
169 884 398 947 οὐδενὸς
435 886 592 955 ὑμῶν
630 887 845 939 πώποτε
885 886 1113 955 εἰρηκὼς
1142 882 1260 956 πρόζ
1266 905 1428 954 τερον
1457 882 1597 955 ὑπερ
1629 887 1831 940 τούτου

146 972 273 1027 νυνὶ
314 973 469 1042 λέ.γω
547 973 666 1043 ἐμοὶ
713 976 842 1044 γάρ,
897 971 939 1027 ὦ
988 975 1186 1043 ἄνδρες
1232 974 1508 1042 δικασταί,
1562 973 1717 1038 ξένος
1761 972 1832 1044 ἧν

146 1064 531 1131 Κηφισόδοτος
569 1062 597 1116 6
637 1063 839 1116 τούτου
883 1080 1085 1132 πατηρ,
1139 1060 1229 1115 καὶ
1270 1062 1358 1115 ὅτε
1398 1061 1721 1132 ἐφεύγομεν,
1769 1063 1831 1117 ἐν

150 1153 357 1219 Θήβαις
410 1151 539 1221 παρ’
596 1151 785 1222 ἐκείνῳ
847 1153 1163 1220 κατηγόμην
1215 1149 1304 1203 καὶ
1362 1150 1465 1218 ἐγὼ
1519 1149 1610 1204 καὶ
1664 1154 1831 1215 ἄλλος

137 1238 451 1309 Ἀθηναίων
498 1241 526 1293 6
574 1242 933 1309 βουλόμενος,
987 1238 1078 1292 καὶ
1132 1240 1309 1292 πολλὰ
1362 1237 1453 1292 καὶ
1503 1238 1689 1308 ἀγαθὰ
1738 1241 1829 1294 καὶ

148 1330 263 1399 ἰδίᾳ
291 1327 382 1382 καὶ
414 1330 651 1398 δημοσίᾳ
680 1330 956 1390 παθόντες
986 1326 1081 1381 ὑπ’
1114 1327 1286 1381 αὐτοῦ
1318 1329 1397 1389 εἰς
1426 1328 1528 1396 τὴν
1561 1328 1831 1400 ἡμετέραν

145 1418 329 1470 αὐτῶν
380 1418 742 1486 κατήλθομεν.
827 1415 941 1469 ἐπεὶ
997 1415 1047 1468 δ’
1103 1412 1206 1469 οὗν
1261 1412 1413 1469 οὗτοι
1468 1426 1586 1479 ταῖς
1639 1417 1830 1481 αὐταῖς

144 1507 332 1575 τύχαις
395 1505 693 1576 ἐχρήσαντο
761 1503 852 1558 καὶ
914 1506 1160 1574 φυγάδες
1213 1504 1476 1573 Ἀθήναζε
1543 1505 1829 1575 ἀφίκοντο,

144 1594 448 1664 ἡγούμενος
485 1595 586 1662 τὴν
624 1596 887 1663 μεγίστην
925 1593 1112 1656 αὐτοῖς
1151 1593 1398 1662 ὀφείλειν
1447 1595 1611 1664 χάριν
1656 1595 1830 1658 οὕτως

146 1685 359 1745 οἰκείως
397 1682 600 1745 αὐτοὺς
637 1682 1007 1751 ὑπεδεξάμην,
1047 1683 1185 1735 ὥστε
1223 1682 1432 1751 μηδένα
1471 1692 1681 1750 γνῶναι
1719 1694 1830 1737 τῶν

146 1773 449 1839 εἰσιόντων,
482 1773 529 1824 εἰ
552 1773 625 1840 μή
653 1791 735 1833 τις
763 1773 1036 1842 πρότερον
1066 1771 1347 1839 ἠπίστατο,
1380 1771 1642 1842 ὁπότερος
1673 1773 1829 1842 ἡμῶν

147 1859 394 1928 ἐκέκτητο
433 1862 534 1928 τὴν
573 1862 766 1914 οἰκί.αν
837 1857 954 1913 οἶδε
992 1880 1094 1929 μεν
1133 1856 1237 1914 οὖν
1273 1859 1364 1912 καὶ
1408 1860 1728 1931 Φερένικος,
1784 1858 1826 1915 ὦ

1855 1083 1897 1115 10

1854 1524 1896 1558 15

146 1951 344 2019 ἄνδρες
384 1950 656 2016 δικασταί,
709 1950 793 2003 ὅτι
831 1948 1026 2002 πολλοὶ
1066 1947 1249 2017 λέγειν
1287 1947 1429 2002 εἰσὶν
1470 1949 1604 2019 ἐμοῦ
1649 1951 1827 2003 δεινό-
1851 1968 1895 2000 20

146 2058 293 2106 τεροι
332 2035 421 2089 καὶ
461 2042 671 2105 μᾶλλον
709 2038 977 2091 τοιούτων
1014 2037 1349 2106 πραγμάτων
1387 2040 1662 2108 ἔμπειροι,
1702 2036 1819 2091 ἀλλ’

146 2127 289 2195 ὅμως
338 2125 548 2193 ἡγεῖται
594 2126 694 2193 τὴν
741 2125 876 2194 ε’μὴν
930 2126 1233 2193 οἰκειότητα
1286 2126 1617 2193 πιστοτάτην
1670 2122 1827 2178 εἶναι.

145 2215 375 2283 αἰσχρὸν
421 2209 524 2266 οὖν
570 2234 661 2282 μοι
710 2215 860 2266 δοκεῖ
914 2209 1055 2266 εἶναι
1108 2214 1428 2275 κελεύοντος
1482 2214 1682 2267 τούτου
1734 2213 1825 2267 καὶ

146 2302 410 2372 δεομένου
457 2303 521 2355 τὰ
569 2304 754 2354 δίκαια
808 2301 954 2373 αὐτῷ
1000 2305 1275 2370 βοηθῆσαι
1322 2304 1592 2372 περιιδεῖν
1638 2303 1825 2370 αὐτόν,

264 2483 289 2520 5
323 2477 489 2533 Lysiae
523 2478 564 2519 fr
590 2477 708 2521 CXX
735 2477 763 2520 s

265 2646 286 2684 1
325 2637 626 2697 ἠγονισμένος
658 2639 691 2682 F
703 2639 715 2663 ¹
769 2635 1109 2695 ἠγωνισμένους
1146 2637 1194 2681 Μ
1315 2643 1340 2681 2
1380 2639 1568 2694 πρώτως
1604 2638 1822 2682 Reiskius

146 2706 327 2753 πρῶτον
359 2699 560 2756 Krfiger:
593 2706 771 2754 πρῶτος
803 2697 987 2740 FMBP
1094 2702 1118 2740 7
1150 2695 1374 2756 θαυμάσῃ
1406 2713 1436 2753 p
1463 2701 1569 2742 596:
1602 2697 1821 2755 θαυμάζῃ

108 2747 111 2760 ’
146 2757 328 2802 FMBP
435 2762 460 2801 8
493 2757 666 2802 πόποτε
698 2757 746 2800 Μ
852 2762 877 2799 9
901 2755 1011 2822 ‘spol
1042 2754 1127 2812 μὲν
1158 2757 1195 2799 Ρ
1309 2762 1363 2799 13
1395 2758 1595 2812 δημοσια
1627 2760 1822 2800 accentu

147 2830 283 2872 super
307 2834 331 2861 ο
357 2817 512 2861 deleto
538 2817 572 2860 F
658 2822 711 2860 16
736 2814 872 2874 χάριν
897 2814 946 2858 in
970 2829 1044 2859 ras
1062 2815 1120 2859 F²
1205 2819 1258 2858 19
1285 2812 1413 2859 οἶδεν
1431 2815 1466 2858 F
1550 2821 1604 2858 23
1630 2815 1821 2873 αἰσχρόν

148 2890 224 2929 μοι
249 2873 332 2920 οὖν
357 2876 391 2919 F
420 2878 426 2933 Ι
453 2876 738 2934 κελεύοντος]
773 2875 1058 2926 ἱκετεύοντος
1088 2877 1212 2919 recte
1236 2874 1456 2930 Hirsehig
1546 2879 1602 2917 24
1634 2875 1772 2930 περι[ι
1780 2875 1821 2930 j-

148 2934 247 2976 δεῖν
277 2934 312 2976 F
345 2948 449 2978 cum
479 2949 553 2978 ras

1498 3007 1555 3048 7*
