2004 3202
14 2329 54 2588 *mter—os«
20 2213 43 2292 ψη
20 2084 52 2203 ww·
16 1996 41 2070 vm·
0 1927 27 1950 -‘
0 1906 22 1915 ‘³
0 1877 3 1895 “

737 143 882 184 ΠΕΡΙ
911 141 1258 184 ΔΕΙΝΑΡΧΟΤ
1723 139 1828 192 307

153 274 243 328 καὶ
283 275 315 343 ἡ
355 283 449 343 τῆς
487 275 680 340 λέξεως
717 274 1151 346 μεγαλοπρέπεια
1188 273 1278 327 καὶ
1308 274 1341 342 ἡ
1381 282 1476 342 τῆς
1518 272 1832 336 συνθέσεως

156 364 418 432 ἐξαλλαγὴ
454 363 544 416 καὶ
577 365 636 417 τὸ
670 373 781 417 τῶν
810 370 1011 417 παθῶν
1041 365 1289 433 ἔμψυχον
1319 361 1409 416 καὶ
1441 363 1501 415 τὸ
1535 364 1627 415 διὰ
1657 363 1832 430 πάσης

68 468 151 508 644
167 455 388 522 κεραίας
434 453 629 520 διῆκον
673 453 874 521 πικρὸν
911 450 1001 505 καὶ
1040 449 1254 522 νοεΙρὸν
1291 452 1353 503 τό
1393 470 1449 503 τε
1487 457 1703 518 πνεῦμα
1741 449 1832 502 καὶ

153 541 185 609 ἡ
227 542 475 609 δεινότης
508 549 641 594 πᾶσι
672 540 994 610 παρέπηται,
1033 538 1213 610 μηθὲν
1243 542 1324 593 ε”τι
1354 541 1666 592 τὸ·“κωλῦον
1697 541 1832 591 ἔστω

155 629 253 695 (ἐν
297 632 445 694 τοῖς)
492 629 894 698 Δημοσθένους
947 630 1148 693 αὐτοὺς
1194 630 1551 700 ἀναγράφειν.
1635 626 1732 680 ἐὰν
1778 626 1826 679 δ’
1879 643 1900 675 5

155 717 375 788 ἐλλείπῃ
422 719 483 770 τὸ
533 717 593 770 ἐν
640 717 845 790 ἑκάστῳ
892 719 1104 772 τούτων
1146 719 1318 788 ἄκρον
1355 717 1388 786 ἢ
1427 717 1489 770 τὸ
1529 717 1622 769 διὰ
1659 716 1836 783 πάσης

156 806 304 869 ἰδέας
344 807 554 876 ὅμοιον,
593 806 908 876 μενέτωσαν
947 807 1008 860 ἐν
1046 816 1161 870 τοῖς
1199 809 1592 877 Δειναρχείοις.
1662 806 1736 867 ὡς
1773 801 1835 856 δὲ

153 898 404 948 καθόλου
452 896 651 963 εἰπεῖν,
698 896 801 949 δύο
848 898 1087 964 τρόπους
1124 903 1219 963 τῆς
1257 896 1529 964 διαφορᾶς
1579 895 1652 955 ὡς
1698 894 1836 963 πρὸς

154 985 219 1036 τὰ
266 983 464 1052 ἀρχαῖα
509 986 783 1052 μιμήσεως
826 984 978 1054 εὕροι
1016 1004 1098 1047 τις
1137 985 1227 1036 ἄν·
1275 979 1354 1036 ὧν
1393 983 1422 1036 ὃ
1462 980 1564 1052 μὲν
1603 984 1837 1050 φυσικός

155 1071 216 1125 τέ
248 1071 360 1125 ἐστι
391 1070 482 1124 καὶ
516 1071 574 1124 ἐκ
605 1077 809 1140 πολλῆς
839 1075 1180 1141 κατηχήσεως
1211 1071 1301 1125 καὶ
1334 1074 1673 1142 συντροφίας
1704 1075 1836 1139 λαμ-
1860 1087 1902 1120 10

154 1163 481 1230 βανόμενος,
530 1160 558 1213 ὃ
608 1158 668 1214 δὲ
715 1162 889 1233 τούτῳ
936 1153 1206 1231 προσεχὴς
1254 1161 1312 1214 ἐκ
1356 1171 1468 1213 τῶν
1512 1167 1608 1228 τῆς
1645 1158 1836 1228 τέχνης

154 1250 635 1318 παραγγελμάτων.
695 1249 822 1319 περὶ
861 1247 962 1320 μὲν
1001 1247 1104 1303 οὖν
1135 1258 1234 1303 τοῦ
1265 1249 1538 1320 προτέρου
1569 1251 1627 1301 τί
1653 1250 1723 1301 ἄν
1753 1267 1836 1309 τις

154 1337 243 1390 καὶ
284 1336 458 1405 λέγοις
497 1337 622 1407 περὶ
663 1336 724 1391 δὲ
763 1347 862 1392 τοῦ
900 1340 1163 1408 δευτέρου
1194 1341 1251 1390 τί
1286 1338 1355 1390 ἂν
1387 1341 1503 1406 ἔχοι
1541 1357 1622 1399 τις
1662 1339 1837 1390 εἰπεῖν

154 1426 257 1495 <ἢ>
268 1427 350 1480 ὅτι
374 1434 507 1479 πᾶσι
532 1423 632 1495 μὲν
654 1436 769 1490 τοῖς
794 1426 1119 1497 ἀρχετύποις
1142 1427 1425 1495 αὐτοφυής
1446 1446 1530 1488 τις
1554 1425 1836 1494 ἐπιπρέπει

155 1516 311 1584 χάρις
349 1513 439 1567 καὶ
479 1515 619 1584 ὥρα,
658 1524 774 1577 τοῖς
813 1514 861 1568 δ’
901 1515 1006 1568 ἀπὸ
1047 1515 1260 1568 τούτων
1297 1513 1836 1583 κατεσκευασμένοις,
1859 1529 1900 1564 15

155 1602 258 1656 κᾶν
298 1602 377 1656 ἐπ’
419 1604 590 1673 ἄκρον
621 1607 896 1673 μιμήσεως
927 1606 1151 1672 ἔλθωσι,
1189 1605 1485 1673 πρόσεστίν
1515 1623 1568 1655 τι
1600 1603 1743 1672 ὅμως
1774 1603 1835 1655 τὸ

155 1690 641 1761 ἐπιτετηδευμένον
701 1691 792 1744 καὶ
855 1692 955 1746 οὐκ
1010 1692 1068 1745 ἐκ
1122 1693 1339 1761 φύσεως
1391 1692 1656 1760 ὑπάρχον.
1745 1689 1836 1742 καὶ

155 1781 329 1852 τούτῳ
383 1787 459 1851 τῷ
510 1780 920 1850 παραγγέλματι
975 1781 1041 1834 οὐ
1097 1781 1322 1851 ῥήτορες
1375 1782 1549 1849 μόνον
1604 1780 1837 1848 ῥήτορας

156 1871 540 1938 διακρίνουσιν
579 1869 717 1922 ἀλλὰ
754 1868 846 1922 καὶ
886 1871 1163 1939 ζωγράφοι
1203 1871 1268 1922 τὰ
1298 1868 1565 1922 Ἀπελλοῦ
1603 1867 1694 1921 καὶ
1726 1877 1837 1920 τῶν

156 1958 369 2011 ἐκεῖνον
405 1956 795 2026 μιμησαμένων
832 1956 924 2010 καὶ
961 1959 1196 2011 πλάσται
1235 1959 1301 2010 τὰ
1334 1960 1714 2010 Πολυκλείτου
1743 1955 1834 2009 καὶ
1860 1973 1902 2004 20

157 2051 387 2115 γλυφεῖς
425 2047 491 2098 τὰ
533 2047 777 2098 Φειδίου.
814 2046 819 2114 Ι

70 2148 153 2189 645
267 2134 357 2188 καὶ
398 2136 450 2187 οἱ
482 2131 582 2203 μὲν
613 2135 887 2187 Πλάτωνα
918 2141 1205 2204 μιμεῖσθαι
1238 2133 1489 2202 λέγοντες
1519 2131 1609 2186 καὶ
1641 2134 1702 2185 τὸ
1735 2130 1836 2201 μὲν
1861 2135 1892 2187 8

158 2223 388 2292 ἀρχαῖον
433 2221 524 2274 καὶ
569 2222 786 2290 ὑψηλὸν
830 2221 920 2275 καὶ
967 2223 1157 2291 εὔχαρι
1202 2221 1292 2274 καὶ
1339 2223 1510 2274 καλὸν
1556 2221 1622 2274 οὐ
1669 2223 1835 2274 δυνά-

156 2331 312 2380 μενοι
358 2314 571 2380 λαβεῖν,
619 2311 1020 2379 διθυραμβώδη
1068 2307 1129 2363 δὲ
1175 2310 1416 2378 ὀνόματα
1462 2308 1552 2362 καὶ
1600 2311 1835 2378 φορτικὰ

157 2398 505 2469 εἰσφέροντες
543 2400 677 2451 κατὰ
709 2397 853 2451 τοῦτ’
887 2397 1200 2467 ἐλέγχονται
1234 2398 1449 2468 ῥᾳδίως.
1512 2398 1564 2450 οἱ
1596 2395 1657 2450 δὲ
1693 2401 1834 2451 Θου-
1860 2415 1901 2448 25

276 2533 301 2572 3
334 2530 499 2584 νοερὸν
522 2531 646 2573 recte
672 2529 706 2572 F
835 2533 862 2570 4
886 2526 1142 2583 παρέπεται
1166 2529 1223 2572 F:
1249 2542 1351 2572 corr
1376 2527 1690 2584 Sylburgiana
1715 2529 1718 2579 ἱ
1748 2545 1837 2571 κω-

158 2588 268 2632 λύον
284 2588 319 2631 F
345 2605 369 2632 ο
394 2588 444 2631 in
466 2603 542 2632 ras
561 2587 620 2630 F2
696 2593 720 2631 5
747 2587 798 2630 ἐν
822 2595 917 2637 τοῖς
941 2587 1036 2630 add
1059 2586 1276 2631 Reiskius
1340 2592 1364 2631 5
1391 2592 1417 2630 6
1443 2585 1490 2630 δ’
1521 2585 1677 2645 ἐλλίπῃ
1703 2587 1835 2631 Reis-

157 2646 285 2692 kius:
311 2649 362 2691 δε
387 2645 494 2704 λίπη
499 2665 515 2691 ι
539 2647 573 2690 F
687 2651 708 2689 7
736 2645 997 2703 ὃεινάρχοις
1021 2646 1055 2689 F
1088 2645 1349 2704 Δεινάρχου
1380 2647 1600 2703 uolgatur
1686 2651 1710 2690 8
1735 2649 1835 2690 καθ

160 2704 266 2750 ὅλου
284 2706 319 2749 F
349 2708 354 2754 1
382 2707 442 2757 ὡς
458 2707 710 2750 Usenerus:
736 2705 866 2749 uoc2F
936 2710 960 2749 9
979 2705 1131 2765 (τῆς)
1148 2705 1375 2762 μιμήσεως
1390 2705 1620 2749 Usenerus
1642 2703 1722 2778 {vig
1740 2705 1774 2747 F

162 2769 216 2808 10
231 2763 281 2809 τέ
305 2765 400 2808 add
417 2766 496 2839 Flfl
518 2765 567 2809 ἐκ
591 2764 714 2808 inter
737 2764 884 2808 lineas
910 2765 1004 2808 add
1020 2765 1078 2807 F¹
1106 2767 1111 2822 Ι
1141 2762 1723 2837 συντροφίας]συστροφίας
1741 2764 1774 2806 F

162 2828 215 2866 13
248 2826 295 2868 et
325 2829 380 2867 14
411 2823 479 2875 τίς
501 2824 536 2867 F
630 2829 683 2867 14
716 2823 835 2879 πλὴν
867 2822 936 2867 ὄτι
966 2822 1241 2867 Reiskius
1217 2841 1244 2880 η
1280 2823 1348 2867 ὅτι
1380 2824 1611 2867 Usenerus
1705 2828 1758 2866 16
1790 2838 1833 2865 τι

162 2881 288 2927 delet
319 2882 536 2926 Reiskius
654 2888 707 2926 19
740 2879 1026 2936 δικρίνουσιν
1057 2883 1092 2925 F
1133 2900 1163 2926 α
1195 2882 1243 2926 in
1276 2885 1481 2926 extremo
1522 2896 1657 2926 uersu
1689 2881 1833 2924 int-er-

161 2939 277 2985 cidit
361 2946 415 2984 22
442 2944 672 2998 μιμῆσθαι
698 2941 754 2986 F.
779 2955 880 2985 corr
905 2941 1216 2998 Sylburgiana
1313 2946 1365 2984 25
1394 2939 1443 2984 δε
1470 2940 1707 2984 Reiskius:
1732 2954 1778 2982 τε
1798 2939 1831 2981 F

1478 3015 1568 3056 20*
