2004 3202
103 487 137 539 3

119 680 139 712 5

102 1125 143 1156 10

107 1566 146 1598 15

164 174 267 226 132
586 171 926 215 ΔΙΟΝΤΣΙΟΤ
958 167 1425 212 ΑΛΙΚΑΡΝΑΣΕΩΣ

162 309 258 372 οὓς
298 308 610 376 διεξῆλθον,
650 304 824 359 δεινοὶ
864 302 965 374 μὲν
1001 302 1061 355 ἐν
1091 310 1206 364 τοῖς
1238 302 1421 355 αὑτῶν
1451 304 1634 373 ἔργοις
1665 301 1840 371 ἀμφό-

161 418 327 468 τεροι,
367 396 496 450 καθ’
537 396 565 449 ὃ
606 393 666 448 δὲ
707 400 816 447 ἴσοι
857 393 1110 460 ἀλλήλων
1147 387 1304 459 ἦσαν,
1344 390 1563 453 ἀτελεῖς.

272 489 424 554 τρίτη
467 484 657 549 λέξεως
696 525 706 535 .
740 524 750 534 .
784 524 794 534 .
836 478 904 549 ἦν
947 481 978 548 ἡ
1020 483 1181 549 μικτή
1226 499 1284 532 τε
1329 478 1419 532 καὶ
1467 481 1736 542 σύνθετος
1784 478 1841 532 ἐκ

162 577 373 629 τούτων
426 584 535 626 τῶν
590 575 768 638 δυεῖν,
830 571 899 638 ἣν
955 569 982 623 ὁ
1038 566 1140 638 μὲν
1192 577 1404 638 πρῶτος
1466 568 1842 638 ἁρμοσάμενος

162 663 251 717 καὶ
305 664 640 729 καταστήσας
686 662 762 722 εἰς
809 660 906 711 τὸν
953 666 1060 710 νῦν
1105 657 1422 728 ὑπάρχοντα
1474 660 1682 726 κόσμον
1736 663 1842 711 εἴτε

168 753 357 822 Θρασύ
375 771 542 820 μαχος
574 750 601 803 ὁ
628 749 1008 816 Καλχηδόνιος
1039 742 1124 814 ἦν,
1157 746 1229 808 ὡς
1254 751 1424 799 οἰέται
1453 748 1820 816 Θεόφραστος,
1846 758 1930 798 959

165 846 271 894 εἴτε
311 842 474 901 ἄλλος
512 858 609 903 τις,
650 836 751 889 οὐκ
791 838 893 904 ἔχω
935 834 1128 903 λέγειν.
1199 835 1252 886 οἱ
1285 831 1346 887 δὲ
1379 833 1722 903 ἐκδεξάμενοι
1754 834 1843 887 καὶ

166 927 577 997 ἀναθρέψαντες
624 923 714 977 καὶ
755 924 821 977 οὐ
860 926 1003 977 πολὺ
1045 923 1377 992 ἀποσχόντες
1419 931 1518 976 τοῦ
1548 928 1844 977 τελειῶσαι

167 1018 414 1086 ῥητόρων
437 1013 536 1084 μὲν
557 1014 867 1084 Ἰσοκράτης
891 1013 920 1066 ὁ
945 1011 1240 1080 Ἀθηναῖος
1265 1010 1496 1080 ἐγένετο,
1521 1014 1846 1081 φιλοσόφων

168 1103 225 1158 δὲ
254 1105 488 1157 Πλάτων
513 1103 540 1156 ὁ
568 1104 944 1171 Σωκρατικός·
977 1101 1189 1154 τούτων
1221 1102 1324 1170 γὰρ
1358 1100 1640 1170 ἀμήχανον
1664 1101 1848 1171 εὑρεῖν

166 1203 277 1246 τῶν
301 1193 521 1262 ἀνδρῶν
547 1190 764 1261 ἑτέρους
787 1192 940 1252 τινας
961 1189 1060 1254 ἔξω
1078 1187 1482 1258 Δημοσθένους
1499 1189 1531 1258 ἢ
1549 1189 1850 1258 τάναγκαῖα

166 1280 254 1334 καὶ
288 1283 523 1351 χρήσιμα
555 1289 803 1350 κρεῖττον
828 1278 1171 1346 ἀσκήσαντας
1198 1277 1230 1346 ἢ
1255 1279 1356 1346 τὴν
1379 1282 1736 1347 καλλιλογίαν
1759 1278 1849 1332 καὶ

167 1373 260 1433 τὰς
301 1369 591 1430 ἐπιθέτους
637 1368 969 1428 κατασκευὰς
1016 1365 1235 1435 βέλτιον
1274 1365 1748 1436 ἀποδειξαμένους.
1816 1367 1848 1435 ἡ
1906 1389 1909 1392 ·

168 1479 268 1527 μεν
293 1454 395 1511 οὖν
416 1458 783 1527 Θρασυμάχου
809 1453 966 1523 λέξις,
1000 1457 1047 1507 εἰ
1072 1456 1139 1522 δὴ
1171 1457 1317 1523 πηγή
1348 1476 1430 1517 τις
1459 1452 1530 1523 ἧν
1554 1458 1725 1519 ὄντως
1756 1464 1850 1524 τῆς

170 1548 479 1615 μεσότητος,
519 1544 692 1611 αὐτὴν
730 1545 830 1612 τὴν
867 1546 1191 1613 προαίρεσιν
1222 1545 1401 1596 ἔοικεν
1432 1546 1576 1612 ἔχειν
1608 1546 1850 1612 σπουδῆς

171 1635 351 1698 ἀξιΗαν
407 1631 660 1701 κέκραται
715 1633 818 1700 γὰρ
867 1627 927 1683 εὗ
973 1649 1088 1693 πως
1141 1630 1231 1683 καὶ
1286 1631 1418 1684 αὐτὸ
1474 1634 1534 1684 τὸ
1582 1625 1851 1701 χρήσιμον

172 1727 396 1790 εἴληφεν
421 1719 688 1790 ἑκατέρας.
752 1721 982 1788 δυνάμει
1009 1716 1068 1771 δε
1094 1720 1166 1781 ὡς
1191 1720 1290 1772 οὐκ
1317 1726 1406 1790 ἴσῃ
1434 1722 1567 1790 <τῇ>
1591 1723 1850 1789 βουλήσει

172 1809 440 1878 κέχρηται,
480 1809 822 1878 παράδειγμα
864 1807 916 1871 ἐξ
959 1807 1079 1870 ἑνὸς
1110 1818 1222 1860 τῶν
1255 1810 1639 1878 δημηγορικῶν
1671 1812 1852 1877 λόγων

173 1899 322 1950 τάδε’
363 1896 730 1965 (Ἐβουλόμην
767 1895 883 1965 μέν,
924 1893 965 1949 ὦ
1000 1898 1196 1966 ἄνδρες
1227 1895 1533 1965 Ἀθηναῖοι,
1554 1899 1851 1967 ’μετασχεῖν

108 2008 126 2036 2
175 1986 386 2040 ἐκείνου
425 1993 524 2038 τοῦ
563 1987 767 2055 χρόνου
806 1993 904 2038 τοῦ
943 1990 1180 2038 παλαιοῦ
1221 1985 1311 2038 καὶ
1350 1995 1461 2038 τῶν
1498 1988 1850 2056 πραγμάτων,

280 2151 325 2246 ξ.
357 2144 665 2246 ξὴῗοξὶιϊειεῖί
709 2144 813 2199 περὶ
852 2142 1011 2197 λέξεως
1053 2145 1095 2187 fr
1127 2146 1190 2188 IV
1223 2145 1434 2189 Schmidt
1556 2150 1609 2189 19
1650 2145 1850 2201 Thrasy-

177 2219 277 2248 mac
314 2220 329 2247 1
381 2219 403 2246 r
471 2228 479 2246 ⁵

296 2355 316 2393 1
352 2351 504 2401 δεινὸς
532 2351 567 2392 Β
610 2352 615 2407 Ι
659 2352 812 2395 αὐτῶν
837 2351 975 2395 ΜΒΡ
1018 2354 1023 2409 Ι
1066 2349 1345 2408 ἀμφοτέροις
1368 2352 1405 2394 Β
1511 2357 1537 2394 3
1571 2349 1674 2395 ἰδέα
1706 2351 1847 2395 inter-

178 2409 345 2453 cidisse
383 2411 521 2465 putat
560 2409 833 2482 Sylbprgius
897 2409 1000 2454 ἰδέα
1041 2425 1121 2454 seu
1160 2409 1362 2467 ἁρμονία
1401 2411 1582 2467 Krfiger
1623 2413 1628 2467 Ι
1673 2405 1731 2466 ἦν
1764 2424 1789 2453 ο
1821 2410 1849 2466 ἡ

179 2469 242 2511 sic
277 2469 311 2510 P
418 2473 442 2510 5
482 2467 770 2519 καταστάσας
800 2469 837 2511 Β
947 2476 972 2514 6
1006 2470 1324 2528 Καλχηδόνιος
1356 2469 1504 2513 Vliet:
1544 2468 1851 2541 χαλκηδόνιος

298 2531 351 2569 10
384 2526 620 2583 ἀμήχανος
651 2527 687 2568 Β
781 2533 834 2570 12
866 2528 1149 2584 ἀσκήσαντες
1180 2529 1273 2572 ΜΒ
1370 2533 1424 2571 13
1456 2525 1852 2583 ἀποδειξαμένους

179 2585 473 2641 Sylburgius:
514 2584 889 2641 ἀποδεξαμένους
1010 2594 1063 2631 14
1097 2588 1138 2631 εἰ
1168 2588 1226 2644 δὴ
1258 2587 1312 2631 H.
1342 2585 1563 2631 Schenkl.
1604 2585 1632 2642 ἢ
1675 2588 1681 2642 Ι
1726 2586 1851 2643 πηγή

181 2644 408 2687 Sadaeus:
443 2644 578 2698 λοιπή
621 2647 625 2700 Ι
667 2661 747 2700 της
779 2659 853 2688 om
884 2646 966 2689 BP
977 2662 1005 2689 v
1110 2651 1162 2690 17
1191 2645 1391 2702 δυνάμει
1423 2643 1474 2689 δε
1506 2646 1567 2695 ὡς
1599 2645 1850 2701 Sauppius:

180 2701 438 2758 δυναμέως·
472 2704 532 2752 ὡς
562 2700 613 2746 δε
653 2705 658 2758 Ι
701 2711 754 2760 τῇ
787 2704 1003 2748 Reiskius
1036 2706 1132 2749 add
1223 2710 1276 2749 18
1308 2704 1440 2760 θήσω
1471 2706 1578 2760 post
1611 2703 1657 2757 ἐξ
1691 2703 1794 2754 ἐνὸς
1825 2719 1854 2747 v

182 2790 345 2834 inserit
383 2790 491 2834 inde
532 2805 558 2833 a
597 2790 844 2846 Sylburgio
982 2798 1035 2836 19
1080 2791 1114 2837 ὦ
1155 2791 1395 2850 Ἀθηναῖοι
1425 2807 1455 2835 v
1509 2789 1543 2835 ὦ
1581 2801 1616 2829 θ’
1647 2791 1696 2834 Μ
1750 2810 1784 2835 ω
1817 2793 1854 2834 Β

183 2853 309 2907 ῳχθεν
341 2849 405 2893 sic
439 2850 473 2892 P
588 2854 643 2891 20
675 2857 754 2894 τοῦ
787 2853 988 2895 παλαιοῦ
1023 2852 1098 2895 del
1123 2852 1250 2895 Vliet
1293 2854 1298 2909 Ι
1339 2852 1419 2895 καὶ
1450 2858 1541 2895 τῶν
1573 2849 1854 2906 πραγμάτων

183 2909 412 2965 Sauppius
446 2911 693 2964 suspectat.
743 2908 914 2952 frustra
947 2925 1047 2954 meo
1074 2911 1262 2966 quidem
1293 2909 1467 2954 iudicio
1493 2909 1649 2953 hiatus
1680 2923 1734 2953 ex
1767 2910 1855 2954 hoc

183 2968 443 3024 fragmento
476 2979 710 3011 remouere
744 2967 950 3011 Blassius
985 2969 1164 3014 studuit
