<?xml version="1.0" encoding="UTF-8"?>
<!DOCTYPE html PUBLIC "-//W3C//DTD XHTML 1.0 Transitional//EN"
    "http://www.w3.org/TR/xhtml1/DTD/xhtml1-transitional.dtd">
<html xmlns="http://www.w3.org/1999/xhtml" xml:lang="en" lang="en">
 <head>
  <title>
</title>
<meta http-equiv="Content-Type" content="text/html;charset=utf-8" />
  <meta name='ocr-system' content='tesseract 3.04.00' />
  <meta name='ocr-capabilities' content='ocr_page ocr_carea ocr_par ocr_line ocrx_word'/>
</head>
<body>
  <div class='ocr_page' id='page_1' title='image "./quaeexstant05dionuoft_0428.png"; bbox 0 0 2004 3202; ppageno 0'>
   <div class='ocr_carea' id='block_1_1' title="bbox 217 144 1472 197">
    <p class='ocr_par' dir='ltr' id='par_1_1' title="bbox 217 144 1472 197">
     <span class='ocr_line' id='line_1_1' title="bbox 217 144 1472 197; baseline -0.009 0"><span class='ocrx_word' id='word_1_1' title='bbox 217 145 323 197; x_wconf 85' lang='lat'><em>378</em></span> <span class='ocrx_word' id='word_1_2' title='bbox 631 145 973 190; x_wconf 74' lang='grc' dir='ltr'><em>ΔΙοΝΤΣΙοΤ</em></span> <span class='ocrx_word' id='word_1_3' title='bbox 1003 144 1472 188; x_wconf 73' lang='grc' dir='ltr'><strong>ΑΛῙΚΑΡΝΑΣΕΩΣ</strong></span> 
     </span>
    </p>
   </div>
   <div class='ocr_carea' id='block_1_2' title="bbox 124 275 1975 2883">
    <p class='ocr_par' dir='ltr' id='par_1_2' title="bbox 124 275 1975 2883">
     <span class='ocr_line' id='line_1_2' title="bbox 215 275 1898 350; baseline -0.001 -17"><span class='ocrx_word' id='word_1_4' title='bbox 215 281 528 350; x_wconf 85' lang='grc' dir='ltr'><em>ὑπερβατόν</em></span> <span class='ocrx_word' id='word_1_5' title='bbox 566 300 623 333; x_wconf 88' lang='grc' dir='ltr'><em>τε</em></span> <span class='ocrx_word' id='word_1_6' title='bbox 669 278 761 333; x_wconf 84' lang='grc' dir='ltr'><em>καὶ</em></span> <span class='ocrx_word' id='word_1_7' title='bbox 807 283 1158 350; x_wconf 78' lang='grc' dir='ltr'><em>περίφρασις·</em></span> <span class='ocrx_word' id='word_1_8' title='bbox 1206 280 1259 332; x_wconf 79' lang='grc' dir='ltr'><em>οἱ</em></span> <span class='ocrx_word' id='word_1_9' title='bbox 1298 275 1399 348; x_wconf 76' lang='grc' dir='ltr'><em>μὲν</em></span> <span class='ocrx_word' id='word_1_10' title='bbox 1443 280 1547 348; x_wconf 81' lang='grc' dir='ltr'><em>γὰρ</em></span> <span class='ocrx_word' id='word_1_11' title='bbox 1589 278 1763 348; x_wconf 70' lang='grc' dir='ltr'><em>Ἣρκοι</em></span> <span class='ocrx_word' id='word_1_12' title='bbox 1803 286 1898 347; x_wconf 78' lang='grc' dir='ltr'><em>τῆς</em></span> 
     </span>
     <span class='ocr_line' id='line_1_3' title="bbox 217 364 1898 437; baseline -0.001 -15"><span class='ocrx_word' id='word_1_13' title='bbox 217 369 583 437; x_wconf 82' lang='grc' dir='ltr'><em>συναλλαγῆς’</em></span> <span class='ocrx_word' id='word_1_14' title='bbox 622 369 683 421; x_wconf 93' lang='grc' dir='ltr'><em>τὸ</em></span> <span class='ocrx_word' id='word_1_15' title='bbox 725 370 1131 437; x_wconf 81' lang='grc' dir='ltr'><em>σημαινόμενον</em></span> <span class='ocrx_word' id='word_1_16' title='bbox 1170 369 1357 436; x_wconf 81' lang='grc' dir='ltr'><em>ἔχουσι</em></span> <span class='ocrx_word' id='word_1_17' title='bbox 1395 375 1672 420; x_wconf 89' lang='grc' dir='ltr'><em>τοιοῦτον·</em></span> <span class='ocrx_word' id='word_1_18' title='bbox 1724 367 1797 420; x_wconf 48' lang='grc' dir='ltr'><em>(οἱ</em></span> <span class='ocrx_word' id='word_1_19' title='bbox 1837 364 1898 420; x_wconf 77' lang='grc' dir='ltr'><em>δὲ</em></span> 
     </span>
     <span class='ocr_line' id='line_1_4' title="bbox 216 452 1898 528; baseline -0.001 -18"><span class='ocrx_word' id='word_1_20' title='bbox 216 455 342 528; x_wconf 85' lang='grc' dir='ltr'><em>περὶ</em></span> <span class='ocrx_word' id='word_1_21' title='bbox 388 465 482 525; x_wconf 80' lang='grc' dir='ltr'><em>τῆς</em></span> <span class='ocrx_word' id='word_1_22' title='bbox 527 460 715 526; x_wconf 80' lang='grc' dir='ltr'><em>φιλίας</em></span> <span class='ocrx_word' id='word_1_23' title='bbox 763 457 917 526; x_wconf 82' lang='grc' dir='ltr'><em>ὅρκοι</em></span> <span class='ocrx_word' id='word_1_24' title='bbox 965 461 1019 508; x_wconf 79' lang='grc' dir='ltr'><em>εἴ</em></span> <span class='ocrx_word' id='word_1_25' title='bbox 1057 473 1166 509; x_wconf 91' lang='grc' dir='ltr'><em>που</em></span> <span class='ocrx_word' id='word_1_26' title='bbox 1214 457 1320 526; x_wconf 80' lang='grc' dir='ltr'><em>ἄρα</em></span> <span class='ocrx_word' id='word_1_27' title='bbox 1364 455 1650 524; x_wconf 83' lang='grc' dir='ltr'><em>γένοιντο’.</em></span> <span class='ocrx_word' id='word_1_28' title='bbox 1727 456 1788 508; x_wconf 91' lang='grc' dir='ltr'><em>τὸ</em></span> <span class='ocrx_word' id='word_1_29' title='bbox 1837 452 1898 508; x_wconf 77' lang='grc' dir='ltr'><em>δὲ</em></span> 
     </span>
     <span class='ocr_line' id='line_1_5' title="bbox 217 542 1898 615; baseline -0.002 -16"><span class='ocrx_word' id='word_1_30' title='bbox 217 546 460 615; x_wconf 69' lang='grc' dir='ltr'><em>“ἰ’σχυον’</em></span> <span class='ocrx_word' id='word_1_31' title='bbox 515 545 585 598; x_wconf 79' lang='grc' dir='ltr'><em>δι’</em></span> <span class='ocrx_word' id='word_1_32' title='bbox 632 546 945 615; x_wconf 80' lang='grc' dir='ltr'><em>ὑπερβατοῦ</em></span> <span class='ocrx_word' id='word_1_33' title='bbox 994 547 1249 613; x_wconf 88' lang='grc' dir='ltr'><em>κείμενον</em></span> <span class='ocrx_word' id='word_1_34' title='bbox 1287 550 1363 615; x_wconf 76' lang='grc' dir='ltr'><em>τῷ</em></span> <span class='ocrx_word' id='word_1_35' title='bbox 1410 543 1641 597; x_wconf 51' lang='grc' dir='ltr'><em>(αὐτίκα’</em></span> <span class='ocrx_word' id='word_1_36' title='bbox 1697 542 1898 612; x_wconf 80' lang='grc' dir='ltr'><em>ἕπεται,</em></span> 
     </span>
     <span class='ocr_line' id='line_1_6' title="bbox 168 629 1899 704; baseline 0.001 -20"><span class='ocrx_word' id='word_1_37' title='bbox 168 653 189 684; x_wconf 86' lang='lat'>5</span> <span class='ocrx_word' id='word_1_38' title='bbox 217 635 474 703; x_wconf 87' lang='grc' dir='ltr'><em>βούλεται</em></span> <span class='ocrx_word' id='word_1_39' title='bbox 506 636 610 704; x_wconf 81' lang='grc' dir='ltr'><em>γὰρ</em></span> <span class='ocrx_word' id='word_1_40' title='bbox 643 635 852 701; x_wconf 79' lang='grc' dir='ltr'><em>δηλοῦν</em></span> <span class='ocrx_word' id='word_1_41' title='bbox 893 631 974 685; x_wconf 68' lang='grc' dir='ltr'><em>“ἐν</em></span> <span class='ocrx_word' id='word_1_42' title='bbox 1004 639 1080 704; x_wconf 76' lang='grc' dir='ltr'><em>τῷ</em></span> <span class='ocrx_word' id='word_1_43' title='bbox 1111 635 1421 703; x_wconf 84' lang='grc' dir='ltr'><em>παραυτίκα</em></span> <span class='ocrx_word' id='word_1_44' title='bbox 1461 633 1695 702; x_wconf 84' lang='grc' dir='ltr'><em>ἰ’σχυον’·</em></span> <span class='ocrx_word' id='word_1_45' title='bbox 1735 633 1796 685; x_wconf 93' lang='grc' dir='ltr'><em>τὸ</em></span> <span class='ocrx_word' id='word_1_46' title='bbox 1837 629 1899 685; x_wconf 73' lang='grc' dir='ltr'><em>δὲ</em></span> 
     </span>
     <span class='ocr_line' id='line_1_7' title="bbox 216 720 1898 793; baseline -0.001 -17"><span class='ocrx_word' id='word_1_47' title='bbox 216 723 372 793; x_wconf 58' lang='grc' dir='ltr'><em>”πρὸς</em></span> <span class='ocrx_word' id='word_1_48' title='bbox 410 724 470 776; x_wconf 91' lang='grc' dir='ltr'><em>τὸ</em></span> <span class='ocrx_word' id='word_1_49' title='bbox 511 724 722 792; x_wconf 76' lang='grc' dir='ltr'><em>ἄπορον</em></span> <span class='ocrx_word' id='word_1_50' title='bbox 763 720 995 793; x_wconf 77' lang='grc' dir='ltr'><em>ἑκατέρῳ</em></span> <span class='ocrx_word' id='word_1_51' title='bbox 1036 722 1345 790; x_wconf 72' lang='grc' dir='ltr'><em>διδόμενοι,</em></span> <span class='ocrx_word' id='word_1_52' title='bbox 1386 720 1487 774; x_wconf 85' lang='grc' dir='ltr'><em>οὐκ</em></span> <span class='ocrx_word' id='word_1_53' title='bbox 1527 721 1765 790; x_wconf 88' lang='grc' dir='ltr'><em>ἐχόντων</em></span> <span class='ocrx_word' id='word_1_54' title='bbox 1804 722 1898 774; x_wconf 78' lang='grc' dir='ltr'><em>άλ-</em></span> 
     </span>
     <span class='ocr_line' id='line_1_8' title="bbox 214 806 1897 880; baseline -0.002 -15"><span class='ocrx_word' id='word_1_55' title='bbox 214 816 386 865; x_wconf 89' lang='grc' dir='ltr'><em>λοθεν</em></span> <span class='ocrx_word' id='word_1_56' title='bbox 436 810 693 879; x_wconf 82' lang='grc' dir='ltr'><em>δύναμιν’</em></span> <span class='ocrx_word' id='word_1_57' title='bbox 742 809 1084 880; x_wconf 85' lang='grc' dir='ltr'><em>σαφέστερον</em></span> <span class='ocrx_word' id='word_1_58' title='bbox 1130 809 1200 862; x_wconf 75' lang='grc' dir='ltr'><em>ἂν</em></span> <span class='ocrx_word' id='word_1_59' title='bbox 1245 806 1316 878; x_wconf 74' lang='grc' dir='ltr'><em>ἦν</em></span> <span class='ocrx_word' id='word_1_60' title='bbox 1370 809 1543 872; x_wconf 81' lang='grc' dir='ltr'><em>οὕτως</em></span> <span class='ocrx_word' id='word_1_61' title='bbox 1590 807 1897 878; x_wconf 79' lang='grc' dir='ltr'><em>ἐξενεχθέν·</em></span> 
     </span>
     <span class='ocr_line' id='line_1_9' title="bbox 215 899 1897 969; baseline -0.001 -17"><span class='ocrx_word' id='word_1_62' title='bbox 215 901 328 953; x_wconf 47' lang='grc' dir='ltr'><em>(διὰ</em></span> <span class='ocrx_word' id='word_1_63' title='bbox 359 901 419 952; x_wconf 91' lang='grc' dir='ltr'><em>τὸ</em></span> <span class='ocrx_word' id='word_1_64' title='bbox 459 901 731 968; x_wconf 90' lang='grc' dir='ltr'><em>μηδεμιάν</em></span> <span class='ocrx_word' id='word_1_65' title='bbox 763 900 937 967; x_wconf 77' lang='grc' dir='ltr'><em>ἄλλην</em></span> <span class='ocrx_word' id='word_1_66' title='bbox 969 901 1114 967; x_wconf 81' lang='grc' dir='ltr'><em>ἔχειν</em></span> <span class='ocrx_word' id='word_1_67' title='bbox 1146 899 1387 967; x_wconf 87' lang='grc' dir='ltr'><em>δύναμιν</em></span> <span class='ocrx_word' id='word_1_68' title='bbox 1417 899 1553 951; x_wconf 78' lang='grc' dir='ltr'><em>κατὰ</em></span> <span class='ocrx_word' id='word_1_69' title='bbox 1583 899 1644 951; x_wconf 90' lang='grc' dir='ltr'><em>τὸ</em></span> <span class='ocrx_word' id='word_1_70' title='bbox 1685 899 1897 969; x_wconf 77' lang='grc' dir='ltr'><em>ἄπορον</em></span> 
     </span>
     <span class='ocr_line' id='line_1_10' title="bbox 214 985 1896 1060; baseline -0.001 -19"><span class='ocrx_word' id='word_1_71' title='bbox 214 987 446 1060; x_wconf 78' lang='grc' dir='ltr'><em>ἐκατέρῳ</em></span> <span class='ocrx_word' id='word_1_72' title='bbox 495 987 812 1057; x_wconf 83' lang='grc' dir='ltr'><em>διδόμενοι’.</em></span> <span class='ocrx_word' id='word_1_73' title='bbox 889 988 949 1040; x_wconf 88' lang='grc' dir='ltr'><em>τὸ</em></span> <span class='ocrx_word' id='word_1_74' title='bbox 998 985 1059 1040; x_wconf 76' lang='grc' dir='ltr'><em>δὲ</em></span> <span class='ocrx_word' id='word_1_75' title='bbox 1106 988 1449 1055; x_wconf 74' lang='grc' dir='ltr'><em>κατάλληλον</em></span> <span class='ocrx_word' id='word_1_76' title='bbox 1499 995 1594 1055; x_wconf 80' lang='grc' dir='ltr'><em>τῆς</em></span> <span class='ocrx_word' id='word_1_77' title='bbox 1647 989 1896 1050; x_wconf 81' lang='grc' dir='ltr'><em>διανοίας</em></span> 
     </span>
     <span class='ocr_line' id='line_1_11' title="bbox 149 1073 1968 1147; baseline 0.001 -21"><span class='ocrx_word' id='word_1_78' title='bbox 149 1095 191 1126; x_wconf 90' lang='lat'><em>10</em></span> <span class='ocrx_word' id='word_1_79' title='bbox 215 1074 285 1145; x_wconf 77' lang='grc' dir='ltr'><em>ἧν</em></span> <span class='ocrx_word' id='word_1_80' title='bbox 323 1077 393 1130; x_wconf 76' lang='grc' dir='ltr'><em>ἂν</em></span> <span class='ocrx_word' id='word_1_81' title='bbox 430 1084 670 1130; x_wconf 91' lang='grc' dir='ltr'><em>τοιοῦτο·</em></span> <span class='ocrx_word' id='word_1_82' title='bbox 707 1076 823 1147; x_wconf 60' lang='grc' dir='ltr'><em>Ῑ·“οῑ</em></span> <span class='ocrx_word' id='word_1_83' title='bbox 863 1073 924 1129; x_wconf 75' lang='grc' dir='ltr'><em>δὲ</em></span> <span class='ocrx_word' id='word_1_84' title='bbox 962 1075 1089 1147; x_wconf 86' lang='grc' dir='ltr'><em>περὶ</em></span> <span class='ocrx_word' id='word_1_85' title='bbox 1127 1083 1223 1144; x_wconf 82' lang='grc' dir='ltr'><em>τῆς</em></span> <span class='ocrx_word' id='word_1_86' title='bbox 1263 1079 1453 1145; x_wconf 85' lang='grc' dir='ltr'><em>φιλίας</em></span> <span class='ocrx_word' id='word_1_87' title='bbox 1493 1076 1648 1146; x_wconf 84' lang='grc' dir='ltr'><em>ὅρκοι</em></span> <span class='ocrx_word' id='word_1_88' title='bbox 1687 1081 1742 1128; x_wconf 77' lang='grc' dir='ltr'><em>εἴ</em></span> <span class='ocrx_word' id='word_1_89' title='bbox 1773 1087 1968 1129; x_wconf 64' lang='grc' dir='ltr'><em>που89·</em></span> 
     </span>
     <span class='ocr_line' id='line_1_12' title="bbox 213 1163 1897 1236; baseline -0.001 -18"><span class='ocrx_word' id='word_1_90' title='bbox 213 1167 318 1235; x_wconf 79' lang='grc' dir='ltr'><em>ἄρα</em></span> <span class='ocrx_word' id='word_1_91' title='bbox 349 1164 621 1233; x_wconf 93' lang='grc' dir='ltr'><em>γένοιντο,</em></span> <span class='ocrx_word' id='word_1_92' title='bbox 653 1164 858 1236; x_wconf 79' lang='grc' dir='ltr'><em>ἀπορίᾳ</em></span> <span class='ocrx_word' id='word_1_93' title='bbox 887 1168 1119 1227; x_wconf 87' lang='grc' dir='ltr'><em>πίστεως</em></span> <span class='ocrx_word' id='word_1_94' title='bbox 1153 1166 1321 1233; x_wconf 78' lang='grc' dir='ltr'><em>ἄλλης</em></span> <span class='ocrx_word' id='word_1_95' title='bbox 1354 1163 1585 1236; x_wconf 78' lang='grc' dir='ltr'><em>ἑκατέρῳ</em></span> <span class='ocrx_word' id='word_1_96' title='bbox 1615 1165 1897 1233; x_wconf 89' lang='grc' dir='ltr'><em>διδόμενοι</em></span> 
     </span>
     <span class='ocr_line' id='line_1_13' title="bbox 124 1246 1896 1324; baseline 0 -19"><span class='ocrx_word' id='word_1_97' title='bbox 124 1246 194 1298; x_wconf 72' lang='grc'><em>32</em></span> <span class='ocrx_word' id='word_1_98' title='bbox 215 1252 274 1305; x_wconf 89' lang='grc' dir='ltr'><em>ἐν</em></span> <span class='ocrx_word' id='word_1_99' title='bbox 312 1259 388 1324; x_wconf 79' lang='grc' dir='ltr'><em>τῷ</em></span> <span class='ocrx_word' id='word_1_100' title='bbox 426 1261 755 1324; x_wconf 85' lang='grc' dir='ltr'><em>παραχρῆμα</em></span> <span class='ocrx_word' id='word_1_101' title='bbox 795 1254 1025 1323; x_wconf 81' lang='grc' dir='ltr'><em>ἰ’σχυον.’</em></span> <span class='ocrx_word' id='word_1_102' title='bbox 1081 1254 1416 1323; x_wconf 82' lang='grc' dir='ltr'><em>σκολιώτερα</em></span> <span class='ocrx_word' id='word_1_103' title='bbox 1448 1250 1508 1306; x_wconf 75' lang='grc' dir='ltr'><em>δὲ</em></span> <span class='ocrx_word' id='word_1_104' title='bbox 1538 1253 1751 1306; x_wconf 86' lang='grc' dir='ltr'><em>τούτων</em></span> <span class='ocrx_word' id='word_1_105' title='bbox 1783 1251 1896 1306; x_wconf 88' lang='grc' dir='ltr'><em>ἐστὶ</em></span> 
     </span>
     <span class='ocr_line' id='line_1_14' title="bbox 211 1340 1895 1415; baseline 0 -21"><span class='ocrx_word' id='word_1_106' title='bbox 211 1340 301 1394; x_wconf 87' lang='grc' dir='ltr'><em>καὶ</em></span> <span class='ocrx_word' id='word_1_107' title='bbox 342 1342 375 1395; x_wconf 75' lang='grc' dir='ltr'><strong><em>ἃ</em></strong></span> <span class='ocrx_word' id='word_1_108' title='bbox 414 1345 546 1411; x_wconf 78' lang='grc' dir='ltr'><em>μετὰ</em></span> <span class='ocrx_word' id='word_1_109' title='bbox 591 1351 763 1397; x_wconf 91' lang='grc' dir='ltr'><em>ταῦτα</em></span> <span class='ocrx_word' id='word_1_110' title='bbox 801 1346 1051 1412; x_wconf 78' lang='grc' dir='ltr'><em>τίθησιν·</em></span> <span class='ocrx_word' id='word_1_111' title='bbox 1093 1342 1180 1396; x_wconf 50' lang='grc' dir='ltr'><em>(ἐν</em></span> <span class='ocrx_word' id='word_1_112' title='bbox 1222 1340 1282 1396; x_wconf 74' lang='grc' dir='ltr'><em>δὲ</em></span> <span class='ocrx_word' id='word_1_113' title='bbox 1332 1349 1407 1415; x_wconf 75' lang='grc' dir='ltr'><em>τῷ</em></span> <span class='ocrx_word' id='word_1_114' title='bbox 1456 1344 1826 1412; x_wconf 86' lang='grc' dir='ltr'><em>παρατυχόντι</em></span> <span class='ocrx_word' id='word_1_115' title='bbox 1867 1342 1895 1395; x_wconf 80' lang='grc' dir='ltr'>ὁ</span> 
     </span>
     <span class='ocr_line' id='line_1_15' title="bbox 212 1430 1896 1503; baseline -0.001 -20"><span class='ocrx_word' id='word_1_116' title='bbox 212 1430 434 1498; x_wconf 89' lang='grc' dir='ltr'><em>φθάσας</em></span> <span class='ocrx_word' id='word_1_117' title='bbox 486 1437 764 1502; x_wconf 80' lang='grc' dir='ltr'><em>θαρρῆσαι</em></span> <span class='ocrx_word' id='word_1_118' title='bbox 813 1433 861 1484; x_wconf 83' lang='grc' dir='ltr'><em>εἰ</em></span> <span class='ocrx_word' id='word_1_119' title='bbox 909 1433 1021 1485; x_wconf 80' lang='grc' dir='ltr'><em>ἴδοι</em></span> <span class='ocrx_word' id='word_1_120' title='bbox 1077 1433 1378 1503; x_wconf 73' lang='grc' dir='ltr'><em>ἄφρακτον,</em></span> <span class='ocrx_word' id='word_1_121' title='bbox 1433 1431 1596 1499; x_wconf 76' lang='grc' dir='ltr'><em>’ἥδιον</em></span> <span class='ocrx_word' id='word_1_122' title='bbox 1650 1431 1743 1483; x_wconf 79' lang='grc' dir='ltr'><em>διὰ</em></span> <span class='ocrx_word' id='word_1_123' title='bbox 1795 1430 1896 1498; x_wconf 84' lang='grc' dir='ltr'><em>τὴν</em></span> 
     </span>
     <span class='ocr_line' id='line_1_16' title="bbox 146 1517 1895 1591; baseline 0.001 -21"><span class='ocrx_word' id='word_1_124' title='bbox 146 1539 187 1571; x_wconf 88' lang='lat'><em>15</em></span> <span class='ocrx_word' id='word_1_125' title='bbox 210 1522 398 1572; x_wconf 89' lang='grc' dir='ltr'><em>πίστιν</em></span> <span class='ocrx_word' id='word_1_126' title='bbox 445 1519 757 1588; x_wconf 87' lang='grc' dir='ltr'><em>ἐτιμωρεῖτο</em></span> <span class='ocrx_word' id='word_1_127' title='bbox 805 1520 838 1589; x_wconf 76' lang='grc' dir='ltr'>ἢ</span> <span class='ocrx_word' id='word_1_128' title='bbox 887 1520 993 1573; x_wconf 80' lang='grc' dir='ltr'><em>ἀπὸ</em></span> <span class='ocrx_word' id='word_1_129' title='bbox 1044 1528 1143 1573; x_wconf 91' lang='grc' dir='ltr'><em>τοῦ</em></span> <span class='ocrx_word' id='word_1_130' title='bbox 1189 1527 1533 1591; x_wconf 88' lang='grc' dir='ltr'><em>προφανοῦς·</em></span> <span class='ocrx_word' id='word_1_131' title='bbox 1587 1517 1678 1572; x_wconf 88' lang='grc' dir='ltr'><em>καὶ</em></span> <span class='ocrx_word' id='word_1_132' title='bbox 1730 1521 1792 1572; x_wconf 92' lang='grc' dir='ltr'><em>τό</em></span> <span class='ocrx_word' id='word_1_133' title='bbox 1837 1538 1895 1571; x_wconf 92' lang='grc' dir='ltr'><em>τε</em></span> 
     </span>
     <span class='ocr_line' id='line_1_17' title="bbox 212 1605 1893 1678; baseline 0 -18"><span class='ocrx_word' id='word_1_134' title='bbox 212 1605 454 1676; x_wconf 79' lang='grc' dir='ltr'><em>ἀσφαλὲς</em></span> <span class='ocrx_word' id='word_1_135' title='bbox 487 1607 774 1678; x_wconf 73' lang='grc' dir='ltr'><em>ἐλογίζετο,</em></span> <span class='ocrx_word' id='word_1_136' title='bbox 813 1607 903 1662; x_wconf 88' lang='grc' dir='ltr'><em>καὶ</em></span> <span class='ocrx_word' id='word_1_137' title='bbox 945 1609 1030 1662; x_wconf 84' lang='grc' dir='ltr'><em>ὅτι</em></span> <span class='ocrx_word' id='word_1_138' title='bbox 1063 1608 1240 1678; x_wconf 79' lang='grc' dir='ltr'><em>ἀπάτῃ</em></span> <span class='ocrx_word' id='word_1_139' title='bbox 1273 1610 1696 1678; x_wconf 78' lang='grc' dir='ltr'><em>περιγενόμενος</em></span> <span class='ocrx_word' id='word_1_140' title='bbox 1735 1607 1893 1660; x_wconf 81' lang='grc' dir='ltr'><em>συνέ-</em></span> 
     </span>
     <span class='ocr_line' id='line_1_18' title="bbox 213 1695 1893 1767; baseline -0.001 -18"><span class='ocrx_word' id='word_1_141' title='bbox 213 1711 348 1759; x_wconf 84' lang='grc' dir='ltr'><em>σεως</em></span> <span class='ocrx_word' id='word_1_142' title='bbox 380 1696 664 1766; x_wconf 80' lang='grc' dir='ltr'><em>ἀγώνισμα</em></span> <span class='ocrx_word' id='word_1_143' title='bbox 695 1698 1155 1767; x_wconf 77' lang='grc' dir='ltr'><em>προσελάμβανε’·</em></span> <span class='ocrx_word' id='word_1_144' title='bbox 1195 1698 1255 1750; x_wconf 91' lang='grc' dir='ltr'><em>τὸ</em></span> <span class='ocrx_word' id='word_1_145' title='bbox 1282 1698 1349 1765; x_wconf 86' lang='grc' dir='ltr'><em>δὴ</em></span> <span class='ocrx_word' id='word_1_146' title='bbox 1381 1697 1737 1767; x_wconf 61' lang='grc' dir='ltr'><em>“παρατυχόν’</em></span> <span class='ocrx_word' id='word_1_147' title='bbox 1770 1695 1893 1749; x_wconf 80' lang='grc' dir='ltr'><em>ἀντὶ</em></span> 
     </span>
     <span class='ocr_line' id='line_1_19' title="bbox 211 1783 1894 1855; baseline 0.001 -18"><span class='ocrx_word' id='word_1_148' title='bbox 211 1793 310 1838; x_wconf 89' lang='grc' dir='ltr'><em>τοῦ</em></span> <span class='ocrx_word' id='word_1_149' title='bbox 362 1785 727 1855; x_wconf 47' lang='grc' dir='ltr'><em>(παραχρῆμῶ</em></span> <span class='ocrx_word' id='word_1_150' title='bbox 765 1796 961 1855; x_wconf 86' lang='grc' dir='ltr'><em>κεῖται,</em></span> <span class='ocrx_word' id='word_1_151' title='bbox 1016 1789 1078 1839; x_wconf 91' lang='grc' dir='ltr'><em>τό</em></span> <span class='ocrx_word' id='word_1_152' title='bbox 1129 1806 1186 1839; x_wconf 89' lang='grc' dir='ltr'><em>τε</em></span> <span class='ocrx_word' id='word_1_153' title='bbox 1241 1786 1560 1855; x_wconf 63' lang='grc' dir='ltr'><em>“ἅφρακτον’</em></span> <span class='ocrx_word' id='word_1_154' title='bbox 1618 1783 1741 1838; x_wconf 80' lang='grc' dir='ltr'><em>ἀντὶ</em></span> <span class='ocrx_word' id='word_1_155' title='bbox 1794 1793 1894 1838; x_wconf 91' lang='grc' dir='ltr'><em>τοῦ</em></span> 
     </span>
     <span class='ocr_line' id='line_1_20' title="bbox 214 1873 1895 1945; baseline 0.001 -20"><span class='ocrx_word' id='word_1_156' title='bbox 214 1873 572 1943; x_wconf 50' lang='grc' dir='ltr'><em>(άφυλάκτου’</em></span> <span class='ocrx_word' id='word_1_157' title='bbox 612 1873 702 1927; x_wconf 82' lang='grc' dir='ltr'><em>καὶ</em></span> <span class='ocrx_word' id='word_1_158' title='bbox 741 1876 802 1927; x_wconf 90' lang='grc' dir='ltr'><em>τὸ</em></span> <span class='ocrx_word' id='word_1_159' title='bbox 845 1875 1024 1943; x_wconf 52' lang='grc' dir='ltr'><em>(ἥδιον</em></span> <span class='ocrx_word' id='word_1_160' title='bbox 1055 1881 1418 1945; x_wconf 85' lang='grc' dir='ltr'><em>τιμωρεῖσθαι</em></span> <span class='ocrx_word' id='word_1_161' title='bbox 1451 1875 1544 1927; x_wconf 75' lang='grc' dir='ltr'><em>διὰ</em></span> <span class='ocrx_word' id='word_1_162' title='bbox 1575 1874 1676 1942; x_wconf 85' lang='grc' dir='ltr'><em>τὴν</em></span> <span class='ocrx_word' id='word_1_163' title='bbox 1706 1876 1895 1926; x_wconf 89' lang='grc' dir='ltr'><em>πίστιν</em></span> 
     </span>
     <span class='ocr_line' id='line_1_21' title="bbox 144 1959 1894 2034; baseline 0.002 -22"><span class='ocrx_word' id='word_1_164' title='bbox 144 1981 186 2012; x_wconf 84' lang='lat'><em>20</em></span> <span class='ocrx_word' id='word_1_165' title='bbox 211 1966 422 2030; x_wconf 85' lang='grc' dir='ltr'><em>μᾶλλον</em></span> <span class='ocrx_word' id='word_1_166' title='bbox 451 1962 483 2030; x_wconf 76' lang='grc' dir='ltr'>ἢ</span> <span class='ocrx_word' id='word_1_167' title='bbox 513 1962 617 2015; x_wconf 82' lang='grc' dir='ltr'><em>άπὸ</em></span> <span class='ocrx_word' id='word_1_168' title='bbox 643 1959 744 2016; x_wconf 87' lang='grc' dir='ltr'><em>τοῦ</em></span> <span class='ocrx_word' id='word_1_169' title='bbox 765 1963 1108 2034; x_wconf 78' lang='grc' dir='ltr'><em>προφανοῦς’</em></span> <span class='ocrx_word' id='word_1_170' title='bbox 1127 1972 1419 2025; x_wconf 82' lang='grc' dir='ltr'><em>σκοτεινῶς</em></span> <span class='ocrx_word' id='word_1_171' title='bbox 1441 1962 1894 2032; x_wconf 78' lang='grc' dir='ltr'><em>περιπέφρασται,</em></span> 
     </span>
     <span class='ocr_line' id='line_1_22' title="bbox 209 2049 1892 2122; baseline 0 -19"><span class='ocrx_word' id='word_1_172' title='bbox 209 2049 298 2103; x_wconf 88' lang='grc' dir='ltr'><em>καὶ</em></span> <span class='ocrx_word' id='word_1_173' title='bbox 325 2050 559 2104; x_wconf 80' lang='grc' dir='ltr'><em>ἐλλείπει</em></span> <span class='ocrx_word' id='word_1_174' title='bbox 582 2071 634 2103; x_wconf 94' lang='grc' dir='ltr'><em>τι</em></span> <span class='ocrx_word' id='word_1_175' title='bbox 660 2054 859 2121; x_wconf 91' lang='grc' dir='ltr'><em>μόριον</em></span> <span class='ocrx_word' id='word_1_176' title='bbox 883 2053 961 2114; x_wconf 89' lang='grc' dir='ltr'><em>εἰς</em></span> <span class='ocrx_word' id='word_1_177' title='bbox 985 2053 1045 2104; x_wconf 90' lang='grc' dir='ltr'><em>τὸ</em></span> <span class='ocrx_word' id='word_1_178' title='bbox 1072 2056 1545 2122; x_wconf 77' lang='grc' dir='ltr'><em>συμπληρωθῆναι</em></span> <span class='ocrx_word' id='word_1_179' title='bbox 1562 2051 1663 2119; x_wconf 87' lang='grc' dir='ltr'><em>τὴν</em></span> <span class='ocrx_word' id='word_1_180' title='bbox 1682 2053 1892 2119; x_wconf 88' lang='grc' dir='ltr'><em>νόησιν.</em></span> 
     </span>
     <span class='ocr_line' id='line_1_23' title="bbox 211 2137 1897 2208; baseline 0.001 -17"><span class='ocrx_word' id='word_1_181' title='bbox 211 2140 441 2203; x_wconf 79' lang='grc' dir='ltr'><em>εἰκάζειν</em></span> <span class='ocrx_word' id='word_1_182' title='bbox 487 2137 547 2192; x_wconf 74' lang='grc' dir='ltr'><em>δὲ</em></span> <span class='ocrx_word' id='word_1_183' title='bbox 599 2142 767 2208; x_wconf 82' lang='grc' dir='ltr'><em>ἔστιν,</em></span> <span class='ocrx_word' id='word_1_184' title='bbox 815 2139 901 2193; x_wconf 81' lang='grc' dir='ltr'><em>ὅτι</em></span> <span class='ocrx_word' id='word_1_185' title='bbox 949 2148 1112 2193; x_wconf 91' lang='grc' dir='ltr'><em>τοῦτο</em></span> <span class='ocrx_word' id='word_1_186' title='bbox 1161 2141 1418 2208; x_wconf 85' lang='grc' dir='ltr'><em>βούλεται</em></span> <span class='ocrx_word' id='word_1_187' title='bbox 1465 2138 1668 2207; x_wconf 88' lang='grc' dir='ltr'><em>λέγειν·</em></span> <span class='ocrx_word' id='word_1_188' title='bbox 1719 2139 1785 2192; x_wconf 59' lang='grc' dir='ltr'><em>εεἰ</em></span> <span class='ocrx_word' id='word_1_189' title='bbox 1832 2138 1897 2192; x_wconf 88' lang='grc' dir='ltr'><em>δέ</em></span> 
     </span>
     <span class='ocr_line' id='line_1_24' title="bbox 209 2227 1893 2298; baseline 0.001 -19"><span class='ocrx_word' id='word_1_190' title='bbox 209 2246 317 2280; x_wconf 89' lang='grc' dir='ltr'><em>που</em></span> <span class='ocrx_word' id='word_1_191' title='bbox 355 2229 660 2297; x_wconf 87' lang='grc' dir='ltr'><em>παρατύχοι</em></span> <span class='ocrx_word' id='word_1_192' title='bbox 684 2227 796 2281; x_wconf 89' lang='grc' dir='ltr'><em>τινὶ</em></span> <span class='ocrx_word' id='word_1_193' title='bbox 834 2230 1024 2298; x_wconf 89' lang='grc' dir='ltr'><em>καιρὸς</em></span> <span class='ocrx_word' id='word_1_194' title='bbox 1055 2227 1145 2281; x_wconf 85' lang='grc' dir='ltr'><em>καὶ</em></span> <span class='ocrx_word' id='word_1_195' title='bbox 1178 2230 1350 2297; x_wconf 86' lang='grc' dir='ltr'><em>μάθοι</em></span> <span class='ocrx_word' id='word_1_196' title='bbox 1383 2229 1482 2281; x_wconf 91' lang='grc' dir='ltr'><em>τὸν</em></span> <span class='ocrx_word' id='word_1_197' title='bbox 1515 2227 1719 2297; x_wconf 87' lang='grc' dir='ltr'><em>ἐχθρὸν</em></span> <span class='ocrx_word' id='word_1_198' title='bbox 1751 2227 1893 2296; x_wconf 79' lang='grc' dir='ltr'><em>ἀφύ-</em></span> 
     </span>
     <span class='ocr_line' id='line_1_25' title="bbox 210 2315 1890 2387; baseline 0 -20"><span class='ocrx_word' id='word_1_199' title='bbox 210 2320 433 2383; x_wconf 87' lang='grc' dir='ltr'><em>λακτον,</em></span> <span class='ocrx_word' id='word_1_200' title='bbox 487 2317 649 2383; x_wconf 71' lang='grc' dir='ltr'><em>ἥδιον</em></span> <span class='ocrx_word' id='word_1_201' title='bbox 705 2316 1043 2387; x_wconf 87' lang='grc' dir='ltr'><em>ἐτιμωρεῖτο,</em></span> <span class='ocrx_word' id='word_1_202' title='bbox 1107 2316 1194 2370; x_wconf 84' lang='grc' dir='ltr'><em>ὅτι</em></span> <span class='ocrx_word' id='word_1_203' title='bbox 1247 2318 1601 2369; x_wconf 82' lang='grc' dir='ltr'><em>πιστεύσαντι</em></span> <span class='ocrx_word' id='word_1_204' title='bbox 1664 2315 1890 2369; x_wconf 80' lang='grc' dir='ltr'><em>ἐπέθετο</em></span> 
     </span>
     <span class='ocr_line' id='line_1_26' title="bbox 144 2403 1891 2478; baseline 0.001 -24"><span class='ocrx_word' id='word_1_205' title='bbox 144 2421 186 2454; x_wconf 78' lang='lat'><em>25</em></span> <span class='ocrx_word' id='word_1_206' title='bbox 210 2409 419 2471; x_wconf 81' lang='grc' dir='ltr'><em>μᾶλλον</em></span> <span class='ocrx_word' id='word_1_207' title='bbox 464 2404 496 2471; x_wconf 71' lang='grc' dir='ltr'>ἢ</span> <span class='ocrx_word' id='word_1_208' title='bbox 549 2405 961 2478; x_wconf 78' lang='grc' dir='ltr'><em>φυλαττομένῳ·</em></span> <span class='ocrx_word' id='word_1_209' title='bbox 1023 2405 1113 2458; x_wconf 86' lang='grc' dir='ltr'><em>καὶ</em></span> <span class='ocrx_word' id='word_1_210' title='bbox 1180 2405 1449 2467; x_wconf 86' lang='grc' dir='ltr'><em>συνέσεως</em></span> <span class='ocrx_word' id='word_1_211' title='bbox 1505 2403 1672 2466; x_wconf 78' lang='grc' dir='ltr'><em>δόξαν</em></span> <span class='ocrx_word' id='word_1_212' title='bbox 1723 2418 1891 2473; x_wconf 89' lang='grc' dir='ltr'><em>προσ-</em></span> 
     </span>
     <span class='ocr_line' id='line_1_27' title="bbox 211 2491 1892 2563; baseline 0 -20"><span class='ocrx_word' id='word_1_213' title='bbox 211 2493 496 2559; x_wconf 85' lang='grc' dir='ltr'><em>ελάμβανε,</em></span> <span class='ocrx_word' id='word_1_214' title='bbox 537 2495 597 2544; x_wconf 93' lang='grc' dir='ltr'><em>τό</em></span> <span class='ocrx_word' id='word_1_215' title='bbox 637 2513 694 2545; x_wconf 90' lang='grc' dir='ltr'><em>τε</em></span> <span class='ocrx_word' id='word_1_216' title='bbox 735 2491 974 2563; x_wconf 74' lang='grc' dir='ltr'><em>ἀσφαλὲς</em></span> <span class='ocrx_word' id='word_1_217' title='bbox 1015 2496 1364 2563; x_wconf 81' lang='grc' dir='ltr'><em>λογιζόμενος</em></span> <span class='ocrx_word' id='word_1_218' title='bbox 1402 2491 1494 2546; x_wconf 84' lang='grc' dir='ltr'><em>καὶ</em></span> <span class='ocrx_word' id='word_1_219' title='bbox 1533 2491 1619 2545; x_wconf 80' lang='grc' dir='ltr'><em>ὅτι</em></span> <span class='ocrx_word' id='word_1_220' title='bbox 1659 2493 1752 2544; x_wconf 80' lang='grc' dir='ltr'><em>διὰ</em></span> <span class='ocrx_word' id='word_1_221' title='bbox 1790 2493 1892 2560; x_wconf 84' lang='grc' dir='ltr'><em>τὴν</em></span> 
     </span>
     <span class='ocr_line' id='line_1_28' title="bbox 211 2579 1975 2653; baseline 0.002 -22"><span class='ocrx_word' id='word_1_222' title='bbox 211 2579 423 2647; x_wconf 83' lang='grc' dir='ltr'><em>ἀπάτην</em></span> <span class='ocrx_word' id='word_1_223' title='bbox 445 2623 447 2627; x_wconf 28' lang='lat'><em>⁴</em></span> <span class='ocrx_word' id='word_1_224' title='bbox 469 2580 639 2633; x_wconf 83' lang='grc' dir='ltr'><em>αὐτοῦ</em></span> <span class='ocrx_word' id='word_1_225' title='bbox 663 2581 1043 2650; x_wconf 79' lang='grc' dir='ltr'><em>περιεγένετο.’</em></span> <span class='ocrx_word' id='word_1_226' title='bbox 1093 2583 1250 2653; x_wconf 47' lang='grc' dir='ltr'><em>(ῥᾷον</em></span> <span class='ocrx_word' id='word_1_227' title='bbox 1275 2580 1322 2634; x_wconf 79' lang='grc' dir='ltr'><em>δ’</em></span> <span class='ocrx_word' id='word_1_228' title='bbox 1348 2583 1402 2634; x_wconf 81' lang='grc' dir='ltr'><em>οἱ</em></span> <span class='ocrx_word' id='word_1_229' title='bbox 1424 2579 1620 2634; x_wconf 81' lang='grc' dir='ltr'><em>πολλοὶ</em></span> <span class='ocrx_word' id='word_1_230' title='bbox 1645 2587 1875 2649; x_wconf 85' lang='grc' dir='ltr'><em>κακοῦρ-</em></span> <span class='ocrx_word' id='word_1_231' title='bbox 1893 2593 1975 2635; x_wconf 82' lang='grc'><em>898</em></span> 
     </span>
     <span class='ocr_line' id='line_1_29' title="bbox 331 2708 1773 2769; baseline 0.001 -18"><span class='ocrx_word' id='word_1_232' title='bbox 331 2713 353 2750; x_wconf 92' lang='grc'>1</span> <span class='ocrx_word' id='word_1_233' title='bbox 391 2708 651 2767; x_wconf 84' lang='grc' dir='ltr'><em>ὑπερβατόν</em></span> <span class='ocrx_word' id='word_1_234' title='bbox 682 2725 729 2752; x_wconf 90' lang='grc' dir='ltr'><em>τε</em></span> <span class='ocrx_word' id='word_1_235' title='bbox 755 2710 802 2751; x_wconf 93' lang='grc' dir='ltr'><strong>Μ</strong></span> <span class='ocrx_word' id='word_1_236' title='bbox 833 2711 1201 2769; x_wconf 78' lang='grc' dir='ltr'><em>ὑπερβατοῦντες</em></span> <span class='ocrx_word' id='word_1_237' title='bbox 1225 2713 1260 2755; x_wconf 90' lang='grc' dir='ltr'>Ρ</span> <span class='ocrx_word' id='word_1_238' title='bbox 1433 2715 1458 2753; x_wconf 88' lang='grc'><strong>3</strong></span> <span class='ocrx_word' id='word_1_239' title='bbox 1491 2708 1682 2767; x_wconf 85' lang='grc' dir='ltr'><em>γένοντο</em></span> <span class='ocrx_word' id='word_1_240' title='bbox 1714 2710 1773 2752; x_wconf 89' lang='lat' dir='ltr'><em>P1</em></span> 
     </span>
     <span class='ocr_line' id='line_1_30' title="bbox 210 2766 1890 2824; baseline 0.001 -13"><span class='ocrx_word' id='word_1_241' title='bbox 210 2773 238 2811; x_wconf 88' lang='lat'>4</span> <span class='ocrx_word' id='word_1_242' title='bbox 269 2766 530 2824; x_wconf 76' lang='grc' dir='ltr'><em>’ὑπερβάτου</em></span> <span class='ocrx_word' id='word_1_243' title='bbox 556 2768 622 2809; x_wconf 84' lang='lat' dir='ltr'><em>Pf</em></span> <span class='ocrx_word' id='word_1_244' title='bbox 737 2773 762 2810; x_wconf 86' lang='grc'>6</span> <span class='ocrx_word' id='word_1_245' title='bbox 796 2769 1045 2823; x_wconf 87' lang='grc' dir='ltr'><em>διδόμενον</em></span> <span class='ocrx_word' id='word_1_246' title='bbox 1076 2771 1169 2812; x_wconf 88' lang='grc' dir='ltr'><em>ΜΡ</em></span> <span class='ocrx_word' id='word_1_247' title='bbox 1292 2775 1315 2813; x_wconf 81' lang='grc'><strong>7</strong></span> <span class='ocrx_word' id='word_1_248' title='bbox 1350 2770 1547 2824; x_wconf 85' lang='grc' dir='ltr'><em>δύναμις</em></span> <span class='ocrx_word' id='word_1_249' title='bbox 1571 2769 1606 2811; x_wconf 89' lang='grc' dir='ltr'>Ρ</span> <span class='ocrx_word' id='word_1_250' title='bbox 1699 2773 1723 2810; x_wconf 89' lang='grc'><strong>9</strong></span> <span class='ocrx_word' id='word_1_251' title='bbox 1757 2767 1890 2812; x_wconf 79' lang='grc' dir='ltr'><em>δεδό-</em></span> 
     </span>
     <span class='ocr_line' id='line_1_31' title="bbox 210 2824 1889 2883; baseline -0.001 -13"><span class='ocrx_word' id='word_1_252' title='bbox 210 2842 342 2883; x_wconf 87' lang='grc' dir='ltr'><em>μενοι</em></span> <span class='ocrx_word' id='word_1_253' title='bbox 373 2826 420 2868; x_wconf 94' lang='grc' dir='ltr'>Μ</span> <span class='ocrx_word' id='word_1_254' title='bbox 452 2824 695 2881; x_wconf 79' lang='grc' dir='ltr'><em>δεδομένοι</em></span> <span class='ocrx_word' id='word_1_255' title='bbox 721 2827 756 2869; x_wconf 89' lang='grc' dir='ltr'><strong><em>Ρ</em></strong></span> <span class='ocrx_word' id='word_1_256' title='bbox 865 2833 917 2869; x_wconf 79' lang='grc'><em>13</em></span> <span class='ocrx_word' id='word_1_257' title='bbox 951 2826 1001 2870; x_wconf 75' lang='grc' dir='ltr'><em>δὲ</em></span> <span class='ocrx_word' id='word_1_258' title='bbox 1036 2843 1110 2871; x_wconf 90' lang='lat' dir='ltr'><em>om</em></span> <span class='ocrx_word' id='word_1_259' title='bbox 1134 2829 1191 2871; x_wconf 88' lang='grc' dir='ltr'><em>Ρ1</em></span> <span class='ocrx_word' id='word_1_260' title='bbox 1315 2834 1369 2872; x_wconf 84' lang='grc'><em>14</em></span> <span class='ocrx_word' id='word_1_261' title='bbox 1403 2829 1443 2872; x_wconf 90' lang='grc' dir='ltr'><em>εἰ</em></span> <span class='ocrx_word' id='word_1_262' title='bbox 1474 2828 1523 2870; x_wconf 88' lang='lat' dir='ltr'><em>in</em></span> <span class='ocrx_word' id='word_1_263' title='bbox 1554 2827 1697 2869; x_wconf 74' lang='lat' dir='ltr'><strong>litura</strong></span> <span class='ocrx_word' id='word_1_264' title='bbox 1721 2827 1769 2869; x_wconf 94' lang='lat' dir='ltr'>M</span> <span class='ocrx_word' id='word_1_265' title='bbox 1800 2825 1827 2882; x_wconf 80' lang='grc' dir='ltr'>ἢ</span> <span class='ocrx_word' id='word_1_266' title='bbox 1853 2827 1889 2869; x_wconf 92' lang='grc' dir='ltr'><strong><em>Ρ</em></strong></span> 
     </span>
    </p>
   </div>
   <div class='ocr_carea' id='block_1_3' title="bbox 212 2883 1889 3002">
    <p class='ocr_par' dir='ltr' id='par_1_3' title="bbox 212 2883 1889 3002">
     <span class='ocr_line' id='line_1_32' title="bbox 331 2883 1889 2944; baseline 0 -17"><span class='ocrx_word' id='word_1_267' title='bbox 331 2890 382 2928; x_wconf 88' lang='lat'><em>15</em></span> <span class='ocrx_word' id='word_1_268' title='bbox 416 2883 580 2940; x_wconf 85' lang='grc' dir='ltr'><em>πίστην</em></span> <span class='ocrx_word' id='word_1_269' title='bbox 606 2885 641 2927; x_wconf 87' lang='grc' dir='ltr'><strong><em>Ρ</em></strong></span> <span class='ocrx_word' id='word_1_270' title='bbox 786 2891 839 2928; x_wconf 84' lang='grc'><em>16</em></span> <span class='ocrx_word' id='word_1_271' title='bbox 873 2885 1094 2937; x_wconf 78' lang='grc' dir='ltr'><em>ξυνέσεως</em></span> <span class='ocrx_word' id='word_1_272' title='bbox 1117 2887 1140 2929; x_wconf 90' lang='lat' dir='ltr'>f</span> <span class='ocrx_word' id='word_1_273' title='bbox 1288 2892 1341 2930; x_wconf 84' lang='lat'><em>17</em></span> <span class='ocrx_word' id='word_1_274' title='bbox 1375 2887 1453 2944; x_wconf 84' lang='grc' dir='ltr'><em>δὴ]</em></span> <span class='ocrx_word' id='word_1_275' title='bbox 1488 2884 1538 2929; x_wconf 74' lang='grc' dir='ltr'><em>δὲ</em></span> <span class='ocrx_word' id='word_1_276' title='bbox 1572 2886 1697 2928; x_wconf 78' lang='lat' dir='ltr'><em>MPf</em></span> <span class='ocrx_word' id='word_1_277' title='bbox 1723 2884 1811 2941; x_wconf 77' lang='grc' dir='ltr'><em>γὰρ</em></span> <span class='ocrx_word' id='word_1_278' title='bbox 1845 2885 1889 2928; x_wconf 81' lang='lat' dir='ltr'><em>ci</em></span> 
     </span>
     <span class='ocr_line' id='line_1_33' title="bbox 212 2942 1888 3002; baseline -0.001 -15"><span class='ocrx_word' id='word_1_279' title='bbox 212 2944 419 2987; x_wconf 51' lang='lat' dir='ltr'>Sat-{aeus</span> <span class='ocrx_word' id='word_1_280' title='bbox 444 2959 473 3000; x_wconf 84' lang='lat' dir='ltr'><strong>p</strong></span> <span class='ocrx_word' id='word_1_281' title='bbox 494 2949 574 2987; x_wconf 65' lang='lat'><em>217</em></span> <span class='ocrx_word' id='word_1_282' title='bbox 700 2949 751 2987; x_wconf 72' lang='lat'><em>‘21</em></span> <span class='ocrx_word' id='word_1_283' title='bbox 780 2946 952 3000; x_wconf 73' lang='grc' dir='ltr'><em>μώριοιι</em></span> <span class='ocrx_word' id='word_1_284' title='bbox 970 2946 1004 2987; x_wconf 82' lang='grc' dir='ltr'><strong><em>Ρ</em></strong></span> <span class='ocrx_word' id='word_1_285' title='bbox 1034 2947 1038 3002; x_wconf 64' lang='grc' dir='ltr'>ζ</span> <span class='ocrx_word' id='word_1_286' title='bbox 1068 2949 1382 3002; x_wconf 76' lang='grc' dir='ltr'><em>συμπληρωθῆ</em></span> <span class='ocrx_word' id='word_1_287' title='bbox 1402 2946 1436 2987; x_wconf 84' lang='grc' dir='ltr'><strong><em>Ρ</em></strong></span> <span class='ocrx_word' id='word_1_288' title='bbox 1549 2949 1604 2987; x_wconf 66' lang='lat'>‘2-1-</span> <span class='ocrx_word' id='word_1_289' title='bbox 1623 2942 1827 2987; x_wconf 66' lang='grc' dir='ltr'><em>ἐςπέθετο</em></span> <span class='ocrx_word' id='word_1_290' title='bbox 1852 2944 1888 2986; x_wconf 89' lang='grc' dir='ltr'><strong><em>Ρ</em></strong></span> 
     </span>
    </p>
   </div>
  </div>
 </body>
</html>
