2004 3202
162 161 271 213 124
464 162 806 205 ΔΙοΝΤΣΙοΤ
838 159 1305 202 ΑΛΈΚΑΡΝΑΣΕῼΣ
1335 160 1544 202 ῙΣΑῙΟΣ

159 298 328 365 τάτην
366 296 593 349 ἁπασῶν
631 301 802 349 οἰέται
849 292 1135 362 γενέσθαι,
1188 293 1254 346 τὰ
1293 292 1572 363 σπέρματα
1615 291 1706 346 καὶ
1745 295 1842 357 τὰς

160 384 330 455 ἀρχὰς
376 380 536 446 οὗτος
582 384 613 437 ὁ
660 383 799 451 ἀνὴρ
848 389 1163 451 παρασχεῖν.
1239 381 1333 434 διὰ
1378 378 1480 451 μὲν
1525 383 1594 450 δὴ
1640 383 1841 446 ταύτας

159 475 255 535 τὰς
294 474 470 534 αἰτίας
507 472 705 525 τούσδε
743 473 872 532 τοὺς
911 470 1118 539 ἄνδρας
1156 471 1363 538 μόνους
1398 469 1727 541 παρέλαβον.
1792 471 1841 525 εἰ
1980 542 1983 546 Δ

160 558 221 614 δὲ
250 559 375 630 περὶ
406 561 628 613 πάντων
658 558 851 626 ἠξίουν
881 558 1136 627 γράφειν,
1174 559 1253 620 εἰς
1287 557 1591 627 κενόζτητας
1623 560 1693 612 ἄν
1723 581 1818 629 μοι
1841 575 1928 615 629

117 669 138 699 5
164 649 196 703 ὁ
234 652 397 717 λόγος
436 648 678 712 ἐξέπιπτε
724 645 815 699 καὶ
861 647 999 716 πρὸς
1043 652 1119 717 τῷ
1164 644 1346 715 μηθὲν
1389 647 1427 716 ἢ
1470 649 1543 717 μὴ
1587 650 1730 701 πολὺ
1777 649 1838 701 τὸ
1982 646 1985 654 ’

158 740 428 807 χρήσιμον
466 739 610 806 ἔχειν
649 737 726 797 εἰς
764 733 1073 803 ἀπέραντόν
1118 755 1243 787 τινα
1291 734 1381 788 καὶ
1420 735 1489 788 οὐ
1527 737 1841 806 σύμμετρον

160 825 500 895 ἐξεμηκύνθη
531 826 764 894 γραφήν.
825 822 915 876 καὶ
940 821 1065 893 περὶ
1089 824 1303 876 τούτων
1325 821 1427 893 μὲν
1450 826 1586 887 ἅλις.
1648 824 1839 895 ἑτέραν

159 912 221 967 δὲ
258 914 432 983 ἀρχὴν
467 916 765 982 ποιήσομαι
814 920 914 965 τοῦ
962 915 1133 980 λόγου
1176 916 1308 982 περί
1341 932 1398 965 τε
1436 913 1840 982 Δημοσθένους

157 1001 248 1054 καὶ
280 1001 601 1071 Ὑπερείδου
638 999 729 1053 καὶ
766 1003 957 1070 τρίτου
996 1000 1178 1068 λέγων
1207 1002 1492 1070 Αἰσχίνου.
1560 1001 1593 1070 ἡ
1633 1003 1738 1071 γὰρ
1771 1003 1839 1070 δὴ

94 1108 138 1140 10
161 1092 467 1158 τελειοτάτη
531 1090 788 1159 ῥητορικὴ
850 1087 942 1142 καὶ
993 1090 1055 1142 τὸ
1108 1090 1307 1159 κράτος
1357 1099 1470 1143 τῶν
1523 1089 1842 1158 ἐναγωνίων

156 1181 337 1246 λόγων
376 1178 437 1231 ἐν
474 1179 691 1240 τούτοις
727 1187 843 1240 τοῖς
881 1177 1153 1248 ἀνδράσιν
1192 1181 1371 1231 ἔοικεν
1410 1174 1570 1232 εἶναι.

1978 440 1985 499 ’ἓ

275 1343 297 1380 1
331 1338 411 1382 καὶ
441 1338 514 1381 bis
546 1338 582 1381 F
614 1337 665 1381 in
693 1337 898 1381 transitu
928 1352 1148 1382 uersuum
1251 1343 1276 1382 5
1307 1339 1423 1395 πρὸς
1453 1340 1505 1384 τὸ
1537 1339 1620 1382 ΒΡ
1663 1340 1668 1396 Ι
1710 1337 1741 1396 ἢ
1772 1338 1833 1395 μὴ

155 1397 313 1441 MBP:
345 1396 373 1453 ἢ
407 1397 442 1440 F
571 1402 596 1440 9
628 1394 852 1453 ὑπερίδου
891 1397 1032 1440 ΜΒΡ
1163 1403 1213 1442 11
1247 1398 1386 1455 λόγον
1424 1399 1474 1442 Μ
1523 1401 1529 1456 1
1581 1397 1752 1456 ἔοικεν]
1794 1414 1839 1442 οι

154 1487 319 1541 postea
357 1485 479 1529 inter
516 1484 666 1529 lineas
705 1486 799 1529 add
831 1486 890 1528 F¹
1025 1484 1194 1537 Ἰσαῖος
1226 1487 1462 1543 ἀθηναῖος
1493 1484 1639 1537 τέλος-ι
1675 1460 1741 1542 ὧτῖἳ
1775 1473 1835 1529 173

154 1544 294 1588 rubro
327 1544 582 1588 subscribit
613 1545 661 1587 M
