1958 3192
135 165 207 216 42
559 165 900 208 ΔΙΟΝΤΣΙΟΤ
930 165 1274 206 ΑΛΙΚΑΡΝΑΣ
1281 165 1396 206 ΕΩΣ
1875 0 1931 259 ἦ

135 300 383 353 παιδίοιν
420 297 510 351 καὶ
550 298 759 369 ἀδελφῇ
799 297 959 351 πέντε
999 297 1231 365 ὀβολοὺς
1269 305 1364 366 τῆς
1400 296 1603 367 ἡμέρας
1639 297 1814 366 ἐλογί-

138 392 279 456 ζετο,
333 389 410 450 εἰς
461 388 784 456 ὑποδήματα
837 383 898 439 δὲ
947 384 1036 438 καὶ
1084 387 1161 448 εἰς
1205 395 1472 456 γναφεῖον
1528 384 1653 450 (καὶ
1701 387 1814 455 εἰς)

141 477 325 546 ἱμάτια
362 474 452 528 καὶ
493 477 569 538 εἰς
607 474 846 545 κουρέως
883 475 1018 527 κατὰ
1063 481 1207 543 μῆνα
1246 475 1347 528 οὐκ
1384 471 1454 543 ἦν
1493 474 1640 547 αὐτῷ
1684 471 1815 528 οὐδὲ

138 563 255 618 κατ’
297 564 550 617 ε’νιαυτὸν
597 562 964 634 γεγραμμένα,
1015 565 1332 632 συλλήβδην
1370 560 1431 616 δὲ
1469 565 1673 626 παντὸς
1717 571 1816 616 τοῦ

93 671 116 703 5
140 655 345 724 χρόνου
383 658 574 706 πλεῖον
612 652 644 720 ἢ
683 653 952 704 τάλαντον
991 650 1275 722 ἀργυρίου.
1341 653 1418 714 εἰς
1449 649 1510 704 δὲ
1541 653 1601 704 τὸ
1633 659 1818 721 μνῆμα

139 750 238 795 τοῦ
284 742 488 811 πατρὸς
535 741 634 794 οὐκ
681 740 966 805 ἀναλώσας
1014 738 1174 792 πέντε
1220 738 1310 792 καὶ
1357 746 1528 794 εἴκοσι
1575 750 1713 810 μνᾶς
1760 740 1818 793 ἐκ

138 832 591 898 πεντακισχιλίων
629 830 911 898 δραχμῶν,
961 829 1022 881 τὸ
1075 825 1177 897 μὲν
1221 829 1389 898 ἥμισυ
1435 829 1582 902 αὐτῷ
1628 833 1818 898 τίθησι

141 920 238 987 <τὸ
279 916 375 986 δε>
421 919 635 979 τούτοις
675 919 997 984 λελόγισται.
1067 918 1144 979 εἰς
1181 918 1459 970 Διονύσια
1493 921 1719 986 τοίνυν,
1774 914 1816 971 ὦ

142 1008 338 1077 ἄνδρες
400 1008 677 1073 δικασταί,
742 1003 867 1076 (οὐκ
929 1007 1136 1058 ἄτοπον
1196 1006 1300 1076 γάρ
1361 1027 1455 1075 μοι
1517 1007 1669 1060 δοκεῖ
1727 1005 1818 1059 καὶ

78 1115 118 1145 10
140 1095 264 1165 περὶ
304 1096 503 1148 τούτου
538 1092 896 1166 μνησθῆναι),
937 1093 1220 1147 ἑκκαίδεκα
1251 1096 1510 1165 δραχμῶν
1541 1094 1821 1164 ἀπέφηνεν

144 1183 452 1252 ἐωνημένον
483 1182 681 1253 ἀρνίον
710 1181 801 1236 καὶ
832 1184 1044 1236 τούτων
1074 1184 1169 1246 τὰς
1201 1183 1339 1237 ὀκτὼ
1373 1184 1615 1254 δραχμὰς
1647 1182 1820 1251 ἐλογί-

143 1277 255 1337 ζετο
295 1281 408 1334 τοῖς
438 1275 644 1324 παισίν.
715 1271 803 1341 ἐφ’
841 1264 883 1343 ςὸ
913 1272 1067 1341 ἡμεῖς
1098 1271 1198 1341 οὐχ
1229 1273 1422 1340 η’κιστα
1453 1272 1820 1380 ὠργίσθημεν.

141 1446 306 1518 ἧττον
351 1451 416 1502 τὰ
463 1451 628 1520 μικρὰ
679 1454 839 1503 λυπεῖ
883 1451 1013 1512 τοὺς
1059 1449 1482 1519 ἀδικουμένους·
1536 1453 1663 1503 λίαν
1716 1451 1820 1521 γάρ

77 1555 119 1588 15
145 1540 392 1608 φανερὰν
430 1540 529 1606 τὴν
566 1541 840 1607 πονηρίαν
888 1547 998 1591 τῶν
1044 1538 1388 1591 ἀδικούντων
1434 1538 1823 1591 ἐπιδείκνυσιν.

145 1629 222 1689 εἰς
275 1630 468 1679 τοίνυν
521 1629 615 1690 τὰς
669 1629 836 1689 ἄλλας
891 1625 1079 1697 ἑορτὰς
1135 1625 1227 1679 καὶ
1281 1630 1484 1690 θυσίας
1539 1627 1822 1695 ἐλογίσατο

146 1716 331 1778 αὐτοῖς
386 1715 553 1768 πλέον
606 1715 638 1783 ἢ
693 1718 1123 1786 τετρακισχιλίας
1176 1717 1419 1786 δραχμὰς
1473 1715 1824 1785 ἀνηλωμένας

146 1803 301 1873 ἕτερά
333 1824 388 1856 τε
419 1809 739 1873 παμπληθῆ,
773 1804 805 1858 ἃ
835 1805 972 1874 πρὸς
1003 1805 1063 1856 τὸ
1091 1805 1393 1873 κεφάλαιον
1425 1808 1824 1872 συνελογίζετο·

146 1894 327 1962 ὥσπερ
367 1894 459 1945 διά
498 1901 659 1946 τοῦτο
694 1893 984 1963 ἐπίτροπος
1013 1902 1125 1946 τῶν
1154 1894 1391 1946 παιδίων
1421 1896 1825 1962 καταλειφθείς,

80 1997 123 2028 20
147 1981 239 2033 ἵνα
284 1980 551 2051 γράμματ’
596 1982 781 2044 αὐτοῖς
827 1980 948 2034 ἀντὶ
995 1991 1106 2034 τῶν
1151 1983 1441 2051 χρημάτων
1487 1981 1827 2045 ἀποδείξειεν

267 2144 289 2182 1
324 2138 558 2207 παιδίοιςν
584 2141 619 2183 Ρ
647 2143 652 2197 1
680 2149 733 2199 τῃ
758 2139 906 2198 ἡμέρα
931 2141 966 2184 Ρ
1051 2146 1076 2183 2
1104 2141 1379 2197 ὑποδύματα
1405 2142 1487 2184 ΒΡ
1515 2145 1520 2198 Ι
1549 2159 1675 2198 γναφ
1641 2139 1753 2198 φίον
1777 2141 1826 2184 Μ

148 2215 351 2255 γναφιον
391 2213 492 2242 corr
530 2199 579 2242 in
617 2199 830 2256 γναφίων
862 2187 898 2243 Β
953 2198 1166 2257 γναφίων
1202 2201 1238 2244 Ρ
1281 2206 1287 2255 1
1329 2201 1409 2245 καὶ
1449 2201 1513 2251 εἰς
1552 2201 1646 2244 add
1683 2201 1826 2244 Froh-

148 2258 315 2314 berger
404 2263 430 2300 3
455 2266 668 2314 κουρεῖον
692 2275 722 2303 v
751 2261 755 2316 1
785 2261 869 2303 οὐκ
897 2254 955 2316 ἦν
980 2260 1102 2326 αὐτῷ
1126 2258 1245 2304 κατὰ
1270 2277 1393 2326 μηνα
1419 2259 1459 2303 G
1549 2265 1574 2303 5
1599 2258 1827 2304 ταλάντον

150 2330 205 2360 ex
250 2315 456 2361 ταλάντω
496 2317 530 2359 F
582 2318 587 2374 1
635 2320 742 2374 post
791 2317 1013 2384 ἀργυρίου
1062 2318 1110 2361 111
1157 2319 1191 2361 F
1243 2319 1427 2376 signum
1473 2318 1620 2362 crucis
1668 2319 1728 2362 ab
1768 2317 1828 2360 F²

151 2375 386 2431 additum,
440 2377 754 2431 respondebat}
802 2377 851 2419 in
901 2393 980 2434 mg
1030 2377 1229 2421 alterum
1285 2380 1449 2434 postea
1504 2377 1710 2421 deletum

152 2439 176 2477 7
210 2436 398 2491 δαχμῶν
426 2435 462 2476 Β
514 2441 518 2489 1
568 2437 720 2479 αὐτῶν
759 2434 918 2492 τίθησι
951 2437 1132 2487 τούτοις
1166 2435 1444 2493 λελογίσθαι.
1512 2436 1576 2486 εἰς
1614 2435 1827 2480 διονύσια

151 2492 242 2536 BG
281 2495 328 2536 eb
367 2494 511 2536 FMP
566 2494 664 2537 sine
705 2494 838 2550 signo
882 2498 990 2540 ante
1032 2496 1097 2547 εἰς
1134 2495 1312 2552 posito:
1354 2509 1454 2539 corr
1491 2494 1708 2539 Reiskius

152 2555 179 2595 8
211 2551 475 2607 λελόγισθαι
507 2553 554 2594 Μ
646 2558 699 2596 10
732 2552 974 2610 ἀπέφηνεν
1003 2569 1078 2598 0111
1103 2554 1143 2598 Gr
1188 2554 1451 2611 ἀπέφαινεν
1476 2569 1504 2597 V
1597 2558 1649 2596 12
1684 2551 1762 2608 ἐφ’
1793 2547 1828 2596 ὧ
1951 2564 1958 2611 j

154 2610 452 2666 Sylburgius.
487 2609 566 2666 ἐφ’
597 2608 660 2655 ὧν
704 2612 709 2669 1
753 2611 1036 2669 ὀργίσθημεν
1068 2615 1103 2657 Ρ
1136 2616 1184 2658 eb
1214 2614 1249 2656 F
1283 2613 1363 2657 sed
1395 2627 1496 2656 corr
1525 2612 1584 2654 F¹
1706 2617 1759 2655 13
1793 2631 1828 2655 ω
1872 2648 1874 2650 ,
1934 2612 1958 2669 1

152 2669 320 2723 ἀνδρες
353 2669 525 2712 GFPB
566 2673 613 2714 et
653 2671 700 2713 M
748 2672 829 2714 sed
875 2671 925 2714 111
970 2673 1057 2716 hoe
1103 2674 1210 2730 post
1253 2671 1419 2726 ἄνδρες
1456 2672 1681 2727 punctum
1720 2684 1829 2714 con-
1951 2678 1958 2771 1

153 2728 348 2784 spicitur
394 2731 441 2772 et
488 2729 671 2785 signum
717 2730 855 2773 rubro
902 2730 951 2772 in
997 2746 1099 2788 mg:
1155 2733 1402 2785 corrector,
1459 2730 1569 2772 dum
1615 2727 1829 2773 δικασταί

154 2787 325 2831 addere
373 2787 496 2842 uolt,
543 2788 663 2830 illud
708 2791 930 2845 punctum
977 2805 1115 2846 supra
1154 2790 1326 2833 lineam
1365 2788 1578 2845 posuisse
1626 2788 1827 2832 uidetur.

152 2845 262 2889 hinc
294 2844 506 2890 δικασταί
538 2847 632 2890 add
655 2848 936 2891 Herwerden
1029 2854 1080 2892 17
1113 2845 1431 2920 ἀνηλωμένας
1441 2861 1497 2891 ex
1520 2844 1828 2915 ἀνηλωμένων

153 2905 212 2947 F¹
306 2910 357 2948 19
386 2903 570 3007 ίΊἹτΓαίδων
603 2906 679 2949 GV
708 2909 712 2963 1
741 2907 1059 2963 καταληφθεὶς
1083 2907 1168 2950 FG
1259 2911 1314 2950 20
1347 2904 1590 2963 γράμματα
1615 2905 1823 2964 FPBGj

154 2971 245 3008 τῶν
279 2978 354 3007 0111
