2004 3202
753 105 1176 150 ΔΗΜΟΣΘΕΝΗΣ
1694 106 1799 158 241

123 246 204 304 εἰς
227 260 285 294 τε
308 241 408 309 τὴν
438 243 806 310 παρασκευήν,
830 240 901 309 ἣν
932 242 984 294 οἱ
1015 239 1237 294 παλαιοὶ
1268 245 1535 294 καλοῦσιν
1567 240 1802 309 εὕρεσιν,

123 328 217 382 καὶ
270 329 347 391 εἰς
398 329 500 396 τὴν
538 335 735 397 χρῆσιν
780 339 891 382 τῶν
928 327 1469 398 παρεσκευασμένων,
1523 327 1594 396 ἣν
1637 343 1804 398 προσ-

123 417 491 487 αγορεύουσιν
545 417 892 486 οἰκονομιάν,
953 425 1051 471 τοῦ
1098 421 1347 471 λεκτικοῦ
1395 414 1455 469 δὲ
1494 421 1572 479 εἰς
1609 435 1667 469 τε
1705 418 1806 484 τὴν

121 505 354 573 ἐκλογὴν
398 513 509 557 τῶν
547 504 834 574 ὀνομάτων
871 504 962 558 καὶ
1002 507 1079 568 εἰς
1123 506 1222 574 τὴν
1261 506 1530 559 σύνθεσιν
1569 514 1680 558 τῶν
1719 504 1802 558 ἐκ-

122 592 414 661 λεγέντων,
466 591 526 645 ἐν
573 591 806 666 ἑκατέρω
853 594 1066 647 τούτων
1118 596 1285 647 πλείω
1333 602 1533 663 μοῖραν
1579 595 1689 662 ἔχει
1737 595 1802 646 τὰ
1849 610 1870 642 5

120 681 349 751 δεύτερα
402 690 513 734 τῶν
565 681 872 752 προτέρων·
933 684 994 736 τὸ
1049 679 1150 752 μὲν
1204 683 1556 751 οἰκονομικὸν
1610 681 1671 734 ἐν
1725 681 1803 754 τςῖ

117 777 498 841 πραγματικῷ,
553 771 614 823 τὸ
667 768 728 823 δὲ
767 772 1098 825 συνθετικὸν
1144 770 1205 824 ἐν
1249 777 1325 842 τῷ
1363 775 1603 842 λεκτικῷ.
1678 769 1804 839 περὶ

119 853 199 910 ὧν
245 858 312 911 ού
361 859 551 928 καιρὸς
605 858 666 911 έν
718 866 794 931 τῷ
846 862 1078 928 παρόντι
1133 859 1411 928 μηκύνειν.
1474 866 1644 912 ταῦτα
1697 861 1802 927 γὰρ

119 945 413 1014 ἐννοηθείη
454 948 539 1015 ἄν,
580 952 633 1000 εί
665 967 747 1010 τις
786 949 858 1016 μὴ
898 949 1094 1018 κομιδῇ
1135 948 1323 1010 σκαιὸς
1360 947 1393 1016 ἢ
1434 948 1671 1017 δύσερις,
1710 947 1803 1001 καὶ

119 1034 221 1088 οὐκ
274 1034 343 1087 ἂν
395 1036 758 1104 θαυμάσειεν,
813 1037 861 1088 εἰ
915 1034 1146 1106 φροντὶς
1200 1034 1412 1103 ἐγένετο
1451 1034 1803 1112 Δημοσθένει
1831 1053 1871 1084 10

121 1123 248 1192 [ἔτι]
288 1128 470 1192 μελῶν
499 1122 589 1176 καὶ
622 1124 856 1193 ῥυθμῶν
886 1123 975 1177 καὶ
1009 1125 1314 1193 σχημάτων,
1354 1123 1443 1177 καὶ
1475 1134 1586 1177 τῶν
1619 1126 1803 1179 ἄλλων

117 1213 357 1280 πάντων,
375 1205 458 1274 οἷς
476 1212 634 1279 ἡδεῖα
656 1211 746 1264 καὶ
762 1214 899 1280 καλὴ
923 1215 1134 1280 γίνεται
1159 1213 1436 1275 σύνθεσις.
1475 1212 1804 1267 τούναντίον

118 1302 222 1370 γὰρ
240 1305 450 1369 μᾶλλον
464 1301 736 1369 ὑπολάβοι
752 1320 835 1363 τις
850 1299 991 1369 (biv)
1009 1300 1148 1370 ἀνὴρ
1164 1303 1295 1370 μήτε
1321 1301 1647 1369 ὀλιγόπονος
1669 1302 1802 1369 μήτε

118 1388 382 1457 ἁψίκορος
403 1371 552 1458 ’μήτε
590 1388 902 1458 ἀκρόσοφος
941 1391 1152 1458 ἄπορον
1192 1385 1333 1442 εἶναι
1371 1388 1462 1442 καὶ
1502 1389 1801 1458 ἀμήχανον,

116 1475 149 1545 ἢ
204 1478 476 1546 μηδεμίαν
536 1476 849 1547 ἐπιμέλειαν
901 1483 1237 1545 πεποιῆσθαι
1293 1478 1391 1530 τὸν
1446 1477 1649 1547 ῥήτορα
1704 1485 1798 1546 τῆς
1823 1493 1865 1526 15

28 1579 144 1619 1114
169 1563 458 1637 &ppovc'aGJ
486 1575 597 1619 τῶν
619 1568 802 1634 λόγων
825 1565 857 1634 ἢ
888 1566 1108 1635 φαύλην
1131 1566 1272 1633 τινά,
1298 1567 1640 1635 βουλόμενον
1664 1587 1798 1635 μνη-

115 1663 240 1723 μεῑα
276 1661 371 1722 τῆς
405 1653 603 1708 ἑαυτοῦ
635 1655 883 1717 διανοίας
914 1653 1167 1707 ἀθάνατα
1196 1658 1528 1707 καταλιπεῖν.
1591 1654 1657 1707 οὐ
1691 1656 1796 1724 γὰρ

115 1743 188 1810 δή
228 1763 314 1796 τοι
358 1743 591 1796 πλάσται
637 1740 739 1812 μὲν
782 1741 874 1795 καὶ
911 1751 1143 1812 γραφεῖς
1182 1742 1242 1795 ἐν
1279 1742 1383 1813 ὕλῃ
1425 1749 1648 1813 φθαρτῇ
1690 1763 1799 1811 χει-

116 1840 231 1899 ρῶν
287 1831 570 1899 εὐστοχίας
622 1831 1030 1900 ἐνδεικνύμενοι
1091 1832 1389 1894 τοσούτους
1453 1830 1801 1900 εἰσφέρονται

114 1922 345 1987 πόνους,
392 1921 528 1972 ὥστε
567 1919 657 1972 καὶ
696 1919 895 1988 φλέβια
939 1919 1029 1972 καὶ
1068 1923 1232 1973 πτίλα
1269 1918 1360 1972 καὶ
1401 1928 1567 1989 χνοῦς
1605 1918 1695 1972 καὶ
1734 1922 1800 1973 τὰ
1824 1941 1868 1972 20

115 2008 334 2070 τούτοις
378 2008 538 2076 ’ὅμοια
585 2009 660 2070 εἰς
699 2009 871 2076 ἄκρον
917 2007 1298 2077 ἐξεργάζεσθαι
1345 2007 1435 2060 καὶ
1473 2007 1801 2076 κατατήκειν

117 2098 196 2158 εἰς
244 2104 413 2148 ταῦτα
459 2098 554 2158 τὰς
607 2095 820 2164 τέχνας,
875 2097 1155 2158 πολιτικὸς
1203 2095 1254 2149 δ’
1295 2098 1399 2165 ἄρα
1448 2097 1800 2165 δημιουργός,

235 2319 260 2357 2
294 2311 736 2369 παρεσκευασμένων
770 2313 1065 2370 Sylburgius:
1099 2311 1558 2368 παρασκευασμένων
1675 2318 1700 2356 3
1733 2313 1798 2364 εἴς

115 2374 183 2475 we]
218 2373 282 2424 εἰς
312 2374 385 2416 Pv
505 2378 532 2416 4
573 2372 777 2429 ἐκλογεῖν
811 2373 844 2416 Ρ
887 2373 893 2430 Ι
934 2380 1024 2416 τῶν
1057 2370 1318 2430 ὀνομάτων]
1350 2380 1441 2416 τῶν
1472 2386 1795 2427 παρασκευασ-

116 2449 148 2487 μ
176 2449 270 2476 νων
300 2440 391 2476 τῶν
424 2430 664 2488 ὀνομάτων
698 2431 734 2474 Β
803 2437 826 2474 7
854 2431 1132 2475 συνθετικὸν
1166 2431 1366 2487 Krfiger:
1400 2428 1735 2487 συντιθέμενον

117 2495 144 2534 8
177 2491 399 2547 μηκύνειν
430 2491 498 2535 M:
531 2498 623 2547 μῆν
653 2492 753 2534 ὃειν
786 2491 822 2533 Β
865 2492 1028 2547 μῆδειν
1067 2490 1116 2532 in
1148 2505 1227 2546 mg
1265 2490 1459 2546 μηκύειν
1483 2491 1517 2534 Ρ
1605 2495 1631 2534 9
1666 2490 1795 2535 ἑννο-

117 2549 229 2604 ήθει
253 2550 289 2592 Β
317 2552 324 2606 Ι
352 2550 411 2606 μὴ
468 2549 536 2606 εἴη
563 2550 741 2592 MBPv
834 2555 888 2591 10
924 2547 1103 2605 ἐγένετο
1137 2549 1193 2593 de
1225 2563 1357 2606 comp
1391 2555 1497 2595 209:
1533 2547 1706 2605 ἐγίνετο
1740 2564 1795 2594 ex

119 2606 298 2664 ἐγένετο
323 2609 371 2652 Μ
428 2625 528 2666 γετο
562 2623 663 2652 corr
694 2608 742 2651 in
768 2606 941 2664 ἐγίνετο
966 2609 1001 2651 Ρ
1046 2606 1196 2664 γίνετο
1222 2608 1258 2651 Β
1291 2606 1465 2664 ἐγίνετο
1491 2624 1519 2651 v
1643 2614 1693 2652 11
1731 2608 1794 2652 ἔτι

123 2666 313 2711 seclusit
343 2667 559 2712 Reiskius
653 2673 704 2710 12
738 2668 817 2711 καὶ
848 2666 983 2724 καλὴ]
1017 2667 1133 2724 καλὴ
1161 2667 1195 2710 Β
1291 2673 1343 2710 13
1376 2666 1435 2711 ἂν
1468 2667 1562 2710 add
1578 2667 1794 2711 Reiskius

240 2731 294 2769 14
315 2725 544 2783 ἁψίκορος
561 2726 881 2770 Casaubonus:
914 2724 1185 2784 τερψίχορος
1209 2727 1300 2769 ΜΡ
1339 2724 1614 2784 τερψίχροος
1636 2725 1795 2781 tempi-

119 2800 255 2840 χορος
279 2785 315 2828 Β
387 2791 439 2828 15
471 2788 771 2830 πεποιεῖσθαι
795 2785 831 2827 Β
897 2790 949 2828 18
980 2793 1145 2842 χειρῶν
1179 2784 1415 2842 εὐστοχίας
1448 2785 1795 2840 ἐνδεικνύμενοι

121 2842 496 2900 (ἐνδεικνούμενα
520 2845 575 2899 Β)
607 2845 852 2894 τοσούτους
876 2842 1168 2899 εἰσφέρονται
1192 2843 1498 2901 (εἰσφέροντες
1522 2844 1558 2886 Β
1591 2844 1639 2886 in
1664 2847 1795 2887 textu

120 2902 169 2944 et
190 2906 285 2959 mg)
309 2902 482 2954 πόνους
506 2903 619 2948 MB:
644 2901 873 2961 χείροντες
896 2902 1069 2954 πόνους
1093 2904 1166 2946 Pv
1226 2908 1283 2946 20
1307 2910 1450 2960 χνοῦν
1477 2903 1532 2946 de
1559 2916 1691 2958 comp
1709 2907 1792 2946 209

207 2983 316 3016 Dion.
341 2985 538 3019 Halicarn.
562 2986 606 3018 V.
1479 2981 1530 3018 16
