<?xml version="1.0" encoding="UTF-8"?>
<!DOCTYPE html PUBLIC "-//W3C//DTD XHTML 1.0 Transitional//EN"
    "http://www.w3.org/TR/xhtml1/DTD/xhtml1-transitional.dtd">
<html xmlns="http://www.w3.org/1999/xhtml" xml:lang="en" lang="en">
 <head>
  <title>
</title>
<meta http-equiv="Content-Type" content="text/html;charset=utf-8" />
  <meta name='ocr-system' content='tesseract 3.04.00' />
  <meta name='ocr-capabilities' content='ocr_page ocr_carea ocr_par ocr_line ocrx_word'/>
</head>
<body>
  <div class='ocr_page' id='page_1' title='image "./quaeexstant05dionuoft_0135.png"; bbox 0 0 2004 3202; ppageno 0'>
   <div class='ocr_carea' id='block_1_1' title="bbox 818 131 1838 185">
    <p class='ocr_par' dir='ltr' id='par_1_1' title="bbox 818 131 1838 185">
     <span class='ocr_line' id='line_1_1' title="bbox 818 131 1838 185; baseline 0 -11"><span class='ocrx_word' id='word_1_1' title='bbox 818 131 1165 175; x_wconf 71' lang='grc' dir='ltr'><strong><em>ῙΣοΚΡΑΤΗΣ</em></strong></span> <span class='ocrx_word' id='word_1_2' title='bbox 1769 132 1838 185; x_wconf 79' lang='lat'><strong><em>85</em></strong></span> 
     </span>
    </p>
   </div>
   <div class='ocr_carea' id='block_1_2' title="bbox 67 262 1927 2198">
    <p class='ocr_par' dir='ltr' id='par_1_2' title="bbox 67 262 1927 2198">
     <span class='ocr_line' id='line_1_2' title="bbox 159 262 1839 335; baseline -0.002 -14"><span class='ocrx_word' id='word_1_3' title='bbox 159 268 523 328; x_wconf 81' lang='grc' dir='ltr'><strong><em>συνελθόντες</em></strong></span> <span class='ocrx_word' id='word_1_4' title='bbox 561 273 1008 335; x_wconf 72' lang='grc' dir='ltr'><strong><em>χειροτονοῦμεν,</em></strong></span> <span class='ocrx_word' id='word_1_5' title='bbox 1055 263 1122 318; x_wconf 84' lang='grc' dir='ltr'><strong><em>οὐ</em></strong></span> <span class='ocrx_word' id='word_1_6' title='bbox 1161 267 1341 318; x_wconf 89' lang='grc' dir='ltr'><strong><em>πολὺν</em></strong></span> <span class='ocrx_word' id='word_1_7' title='bbox 1379 262 1440 318; x_wconf 77' lang='grc' dir='ltr'><strong><em>δὲ</em></strong></span> <span class='ocrx_word' id='word_1_8' title='bbox 1480 267 1684 334; x_wconf 91' lang='grc' dir='ltr'><strong><em>χρόνον</em></strong></span> <span class='ocrx_word' id='word_1_9' title='bbox 1723 267 1839 318; x_wconf 81' lang='grc' dir='ltr'><strong><em>δια-</em></strong></span> 
     </span>
     <span class='ocr_line' id='line_1_3' title="bbox 158 353 1834 424; baseline -0.001 -16"><span class='ocrx_word' id='word_1_10' title='bbox 158 356 409 417; x_wconf 83' lang='grc' dir='ltr'><strong><em>λιπόντες</em></strong></span> <span class='ocrx_word' id='word_1_11' title='bbox 446 362 561 417; x_wconf 84' lang='grc' dir='ltr'><strong><em>τοῖς</em></strong></span> <span class='ocrx_word' id='word_1_12' title='bbox 598 360 991 423; x_wconf 78' lang='grc' dir='ltr'><strong><em>ψηφισθεῖσιν,</em></strong></span> <span class='ocrx_word' id='word_1_13' title='bbox 1039 353 1263 407; x_wconf 80' lang='grc' dir='ltr'><strong><em>ἐπειδὰν</em></strong></span> <span class='ocrx_word' id='word_1_14' title='bbox 1302 353 1572 423; x_wconf 78' lang='grc' dir='ltr'><strong><em>ἀπίωμεν,</em></strong></span> <span class='ocrx_word' id='word_1_15' title='bbox 1618 354 1788 407; x_wconf 89' lang='grc' dir='ltr'><strong><em>πάλιν</em></strong></span> <span class='ocrx_word' id='word_1_16' title='bbox 1831 353 1834 424; x_wconf 60' lang='grc' dir='ltr'>Ε</span> 
     </span>
     <span class='ocr_line' id='line_1_4' title="bbox 71 439 1840 512; baseline -0.002 -13"><span class='ocrx_word' id='word_1_17' title='bbox 71 459 155 499; x_wconf 82' lang='grc'><strong><em>576</em></strong></span> <span class='ocrx_word' id='word_1_18' title='bbox 180 442 524 512; x_wconf 81' lang='grc' dir='ltr'><strong><em>ἐπιτιμῶμεν.</em></strong></span> <span class='ocrx_word' id='word_1_19' title='bbox 597 443 1066 512; x_wconf 88' lang='grc' dir='ltr'><strong><em>προσποιούμενοι</em></strong></span> <span class='ocrx_word' id='word_1_20' title='bbox 1117 439 1180 496; x_wconf 77' lang='grc' dir='ltr'><strong><em>δὲ</em></strong></span> <span class='ocrx_word' id='word_1_21' title='bbox 1233 440 1677 512; x_wconf 77' lang='grc' dir='ltr'><strong><em>σωφρονέστατοι</em></strong></span> <span class='ocrx_word' id='word_1_22' title='bbox 1729 452 1840 496; x_wconf 92' lang='grc' dir='ltr'><strong><em>τῶν</em></strong></span> 
     </span>
     <span class='ocr_line' id='line_1_5' title="bbox 150 526 1842 601; baseline 0.001 -17"><span class='ocrx_word' id='word_1_23' title='bbox 150 531 428 599; x_wconf 84' lang='grc' dir='ltr'><strong><em>Ἑλλήνων</em></strong></span> <span class='ocrx_word' id='word_1_24' title='bbox 459 527 619 599; x_wconf 82' lang='grc' dir='ltr'><strong><em>εἶναι,</em></strong></span> <span class='ocrx_word' id='word_1_25' title='bbox 651 531 923 594; x_wconf 81' lang='grc' dir='ltr'><strong><em>τοιούτοις</em></strong></span> <span class='ocrx_word' id='word_1_26' title='bbox 954 531 1214 601; x_wconf 80' lang='grc' dir='ltr'><strong><em>χρώμεθα</em></strong></span> <span class='ocrx_word' id='word_1_27' title='bbox 1245 531 1599 600; x_wconf 80' lang='grc' dir='ltr'><strong><em>συμβούλοις,</em></strong></span> <span class='ocrx_word' id='word_1_28' title='bbox 1631 526 1711 584; x_wconf 81' lang='grc' dir='ltr'><strong><em>ὧν</em></strong></span> <span class='ocrx_word' id='word_1_29' title='bbox 1740 531 1842 585; x_wconf 85' lang='grc' dir='ltr'><strong><em>οὐκ</em></strong></span> 
     </span>
     <span class='ocr_line' id='line_1_6' title="bbox 157 617 1906 690; baseline -0.001 -17"><span class='ocrx_word' id='word_1_30' title='bbox 157 622 307 674; x_wconf 82' lang='grc' dir='ltr'><strong><em>ἔστιν</em></strong></span> <span class='ocrx_word' id='word_1_31' title='bbox 353 620 502 682; x_wconf 84' lang='grc' dir='ltr'><strong><em>ὅστις</em></strong></span> <span class='ocrx_word' id='word_1_32' title='bbox 552 619 653 673; x_wconf 86' lang='grc' dir='ltr'><strong><em>οὐκ</em></strong></span> <span class='ocrx_word' id='word_1_33' title='bbox 699 618 769 672; x_wconf 76' lang='grc' dir='ltr'><strong><em>ἂν</em></strong></span> <span class='ocrx_word' id='word_1_34' title='bbox 814 621 1271 690; x_wconf 82' lang='grc' dir='ltr'><strong><em>καταφρονήσειε,</em></strong></span> <span class='ocrx_word' id='word_1_35' title='bbox 1322 617 1413 672; x_wconf 88' lang='grc' dir='ltr'><strong><em>καὶ</em></strong></span> <span class='ocrx_word' id='word_1_36' title='bbox 1460 622 1589 682; x_wconf 88' lang='grc' dir='ltr'><strong><em>τοὺς</em></strong></span> <span class='ocrx_word' id='word_1_37' title='bbox 1639 619 1841 683; x_wconf 88' lang='grc' dir='ltr'><strong><em>αὐτοὺς</em></strong></span> <span class='ocrx_word' id='word_1_38' title='bbox 1886 641 1906 671; x_wconf 83' lang='lat'>5</span> 
     </span>
     <span class='ocr_line' id='line_1_7' title="bbox 156 708 1840 779; baseline 0 -17"><span class='ocrx_word' id='word_1_39' title='bbox 156 708 385 771; x_wconf 88' lang='grc' dir='ltr'><strong><em>τούτους</em></strong></span> <span class='ocrx_word' id='word_1_40' title='bbox 422 711 651 779; x_wconf 83' lang='grc' dir='ltr'><strong><em>κυρίους</em></strong></span> <span class='ocrx_word' id='word_1_41' title='bbox 698 708 957 761; x_wconf 80' lang='grc' dir='ltr'><strong><em>ἁπάντων</em></strong></span> <span class='ocrx_word' id='word_1_42' title='bbox 977 747 981 753; x_wconf 94' lang='grc'>-</span> <span class='ocrx_word' id='word_1_43' title='bbox 1005 710 1152 776; x_wconf 90' lang='grc' dir='ltr'><strong><em>&lt;τῶν</em></strong></span> <span class='ocrx_word' id='word_1_44' title='bbox 1196 710 1436 777; x_wconf 82' lang='grc' dir='ltr'><strong><em>κοινῶν)</em></strong></span> <span class='ocrx_word' id='word_1_45' title='bbox 1482 711 1840 778; x_wconf 89' lang='grc' dir='ltr'><strong><em>καθίσταμεν,</em></strong></span> 
     </span>
     <span class='ocr_line' id='line_1_8' title="bbox 157 789 1505 867; baseline 0.001 -17"><span class='ocrx_word' id='word_1_46' title='bbox 157 789 239 858; x_wconf 80' lang='grc' dir='ltr'><strong><em>οἷς</em></strong></span> <span class='ocrx_word' id='word_1_47' title='bbox 278 795 461 859; x_wconf 86' lang='grc' dir='ltr'><strong><em>οὐδεὶς</em></strong></span> <span class='ocrx_word' id='word_1_48' title='bbox 502 793 669 850; x_wconf 78' lang='grc' dir='ltr'><strong><em>οὐδὲν</em></strong></span> <span class='ocrx_word' id='word_1_49' title='bbox 707 796 777 849; x_wconf 76' lang='grc' dir='ltr'><strong><em>ἂν</em></strong></span> <span class='ocrx_word' id='word_1_50' title='bbox 815 806 927 850; x_wconf 90' lang='grc' dir='ltr'><strong><em>τῶν</em></strong></span> <span class='ocrx_word' id='word_1_51' title='bbox 967 797 1127 850; x_wconf 81' lang='grc' dir='ltr'><strong><em>ἰδίων</em></strong></span> <span class='ocrx_word' id='word_1_52' title='bbox 1167 795 1505 867; x_wconf 77' lang='grc' dir='ltr'><strong><em>ἐπιτρέψειε.’</em></strong></span> 
     </span>
     <span class='ocr_line' id='line_1_9' title="bbox 264 882 1927 955; baseline 0.004 -18"><span class='ocrx_word' id='word_1_53' title='bbox 264 892 515 947; x_wconf 85' lang='grc' dir='ltr'><strong><em>τοιοῦτος</em></strong></span> <span class='ocrx_word' id='word_1_54' title='bbox 546 882 649 954; x_wconf 76' lang='grc' dir='ltr'><strong><em>μὲν</em></strong></span> <span class='ocrx_word' id='word_1_55' title='bbox 680 886 748 953; x_wconf 90' lang='grc' dir='ltr'><strong><em>δή</em></strong></span> <span class='ocrx_word' id='word_1_56' title='bbox 779 906 861 948; x_wconf 91' lang='grc' dir='ltr'><strong><em>τις</em></strong></span> <span class='ocrx_word' id='word_1_57' title='bbox 894 884 954 938; x_wconf 82' lang='grc' dir='ltr'><strong><em>ἐν</em></strong></span> <span class='ocrx_word' id='word_1_58' title='bbox 983 894 1099 948; x_wconf 85' lang='grc' dir='ltr'><strong><em>τοῖς</em></strong></span> <span class='ocrx_word' id='word_1_59' title='bbox 1131 888 1619 955; x_wconf 87' lang='grc' dir='ltr'><strong><em>συμβουλευτικοῖς</em></strong></span> <span class='ocrx_word' id='word_1_60' title='bbox 1655 888 1840 954; x_wconf 83' lang='grc' dir='ltr'><strong><em>λόγοις</em></strong></span> <span class='ocrx_word' id='word_1_61' title='bbox 1860 893 1927 944; x_wconf 77' lang='lat'><strong><em>18</em></strong></span> 
     </span>
     <span class='ocr_line' id='line_1_10' title="bbox 156 971 1841 1044; baseline 0.001 -17"><span class='ocrx_word' id='word_1_62' title='bbox 156 972 184 1027; x_wconf 90' lang='grc' dir='ltr'>ὁ</span> <span class='ocrx_word' id='word_1_63' title='bbox 232 972 394 1044; x_wconf 81' lang='grc' dir='ltr'><strong><em>ἀνήρ.</em></strong></span> <span class='ocrx_word' id='word_1_64' title='bbox 476 973 535 1027; x_wconf 86' lang='grc' dir='ltr'><strong><em>ἐν</em></strong></span> <span class='ocrx_word' id='word_1_65' title='bbox 588 971 649 1027; x_wconf 79' lang='grc' dir='ltr'><strong><em>δὲ</em></strong></span> <span class='ocrx_word' id='word_1_66' title='bbox 702 983 817 1037; x_wconf 88' lang='grc' dir='ltr'><strong><em>τοῖς</em></strong></span> <span class='ocrx_word' id='word_1_67' title='bbox 872 975 1174 1037; x_wconf 83' lang='grc' dir='ltr'><strong><em>δικανικοῖς</em></strong></span> <span class='ocrx_word' id='word_1_68' title='bbox 1227 976 1293 1027; x_wconf 80' lang='grc' dir='ltr'><strong><em>τὰ</em></strong></span> <span class='ocrx_word' id='word_1_69' title='bbox 1346 971 1447 1043; x_wconf 80' lang='grc' dir='ltr'><strong><em>μὲν</em></strong></span> <span class='ocrx_word' id='word_1_70' title='bbox 1501 976 1639 1028; x_wconf 77' lang='grc' dir='ltr'><strong><em>ἄλλα</em></strong></span> <span class='ocrx_word' id='word_1_71' title='bbox 1691 976 1841 1028; x_wconf 88' lang='grc' dir='ltr'><strong><em>πάνυ</em></strong></span> 
     </span>
     <span class='ocr_line' id='line_1_11' title="bbox 155 1061 1907 1135; baseline 0 -20"><span class='ocrx_word' id='word_1_72' title='bbox 155 1061 382 1131; x_wconf 83' lang='grc' dir='ltr'><strong><em>ἀκριβὴς</em></strong></span> <span class='ocrx_word' id='word_1_73' title='bbox 412 1061 503 1115; x_wconf 85' lang='grc' dir='ltr'><strong><em>καὶ</em></strong></span> <span class='ocrx_word' id='word_1_74' title='bbox 527 1062 797 1132; x_wconf 82' lang='grc' dir='ltr'><strong><em>ἀληθινὸς</em></strong></span> <span class='ocrx_word' id='word_1_75' title='bbox 827 1061 918 1116; x_wconf 82' lang='grc' dir='ltr'><strong><em>καὶ</em></strong></span> <span class='ocrx_word' id='word_1_76' title='bbox 943 1070 1019 1135; x_wconf 78' lang='grc' dir='ltr'><strong><em>τῷ</em></strong></span> <span class='ocrx_word' id='word_1_77' title='bbox 1044 1065 1261 1116; x_wconf 91' lang='grc' dir='ltr'><strong><em>Λυσίου</em></strong></span> <span class='ocrx_word' id='word_1_78' title='bbox 1285 1071 1584 1134; x_wconf 83' lang='grc' dir='ltr'><strong><em>χαρακτῆρι</em></strong></span> <span class='ocrx_word' id='word_1_79' title='bbox 1617 1065 1841 1131; x_wconf 82' lang='grc' dir='ltr'><strong><em>ἔγγιστα</em></strong></span> <span class='ocrx_word' id='word_1_80' title='bbox 1866 1084 1907 1115; x_wconf 89' lang='lat'><strong><em>10</em></strong></span> 
     </span>
     <span class='ocr_line' id='line_1_12' title="bbox 154 1148 1841 1222; baseline 0 -18"><span class='ocrx_word' id='word_1_81' title='bbox 154 1148 256 1220; x_wconf 75' lang='grc' dir='ltr'><strong><em>μὲν</em></strong></span> <span class='ocrx_word' id='word_1_82' title='bbox 292 1153 747 1221; x_wconf 85' lang='grc' dir='ltr'><strong><em>προσεληλυθώς,</em></strong></span> <span class='ocrx_word' id='word_1_83' title='bbox 788 1150 849 1205; x_wconf 78' lang='grc' dir='ltr'><strong><em>ἐν</em></strong></span> <span class='ocrx_word' id='word_1_84' title='bbox 894 1148 956 1204; x_wconf 75' lang='grc' dir='ltr'><strong><em>δὲ</em></strong></span> <span class='ocrx_word' id='word_1_85' title='bbox 995 1159 1059 1222; x_wconf 76' lang='grc' dir='ltr'><strong><em>τῇ</em></strong></span> <span class='ocrx_word' id='word_1_86' title='bbox 1099 1150 1363 1205; x_wconf 79' lang='grc' dir='ltr'><strong><em>συνθέσει</em></strong></span> <span class='ocrx_word' id='word_1_87' title='bbox 1401 1160 1511 1204; x_wconf 90' lang='grc' dir='ltr'><strong><em>τῶν</em></strong></span> <span class='ocrx_word' id='word_1_88' title='bbox 1553 1150 1841 1220; x_wconf 81' lang='grc' dir='ltr'><strong><em>ὀνομάτων</em></strong></span> 
     </span>
     <span class='ocr_line' id='line_1_13' title="bbox 149 1237 1840 1310; baseline 0.001 -17"><span class='ocrx_word' id='word_1_89' title='bbox 149 1241 215 1293; x_wconf 81' lang='grc' dir='ltr'><strong><em>τὸ</em></strong></span> <span class='ocrx_word' id='word_1_90' title='bbox 256 1244 407 1293; x_wconf 89' lang='grc' dir='ltr'><strong><em>λεῖον</em></strong></span> <span class='ocrx_word' id='word_1_91' title='bbox 447 1239 623 1294; x_wconf 82' lang='grc' dir='ltr'><strong><em>ἐκεῖνο</em></strong></span> <span class='ocrx_word' id='word_1_92' title='bbox 660 1238 752 1293; x_wconf 84' lang='grc' dir='ltr'><strong><em>καὶ</em></strong></span> <span class='ocrx_word' id='word_1_93' title='bbox 792 1237 1056 1310; x_wconf 74' lang='grc' dir='ltr'><strong><em>εὐπρεπὲς</em></strong></span> <span class='ocrx_word' id='word_1_94' title='bbox 1096 1242 1259 1308; x_wconf 84' lang='grc' dir='ltr'><strong><em>ἔχων,</em></strong></span> <span class='ocrx_word' id='word_1_95' title='bbox 1299 1242 1527 1294; x_wconf 78' lang='grc' dir='ltr'><strong><em>ἔλαττον</em></strong></span> <span class='ocrx_word' id='word_1_96' title='bbox 1567 1237 1669 1309; x_wconf 75' lang='grc' dir='ltr'><strong><em>μὲν</em></strong></span> <span class='ocrx_word' id='word_1_97' title='bbox 1706 1240 1739 1310; x_wconf 79' lang='grc' dir='ltr'>ἢ</span> <span class='ocrx_word' id='word_1_98' title='bbox 1781 1240 1840 1294; x_wconf 84' lang='grc' dir='ltr'><strong><em>ἑν</em></strong></span> 
     </span>
     <span class='ocr_line' id='line_1_14' title="bbox 154 1327 1831 1398; baseline 0 -17"><span class='ocrx_word' id='word_1_99' title='bbox 154 1336 268 1392; x_wconf 89' lang='grc' dir='ltr'><strong><em>τοῖς</em></strong></span> <span class='ocrx_word' id='word_1_100' title='bbox 306 1330 495 1391; x_wconf 81' lang='grc' dir='ltr'><strong><em>ἄλλοις</em></strong></span> <span class='ocrx_word' id='word_1_101' title='bbox 534 1331 744 1398; x_wconf 82' lang='grc' dir='ltr'><strong><em>λόγοις,</em></strong></span> <span class='ocrx_word' id='word_1_102' title='bbox 785 1328 851 1382; x_wconf 88' lang='grc' dir='ltr'><strong><em>οὐ</em></strong></span> <span class='ocrx_word' id='word_1_103' title='bbox 890 1329 1000 1398; x_wconf 85' lang='grc' dir='ltr'><strong><em>μὴν</em></strong></span> <span class='ocrx_word' id='word_1_104' title='bbox 1039 1327 1178 1382; x_wconf 82' lang='grc' dir='ltr'><strong><em>ἀλλὰ</em></strong></span> <span class='ocrx_word' id='word_1_105' title='bbox 1218 1331 1357 1397; x_wconf 81' lang='grc' dir='ltr'><strong><em>ε”χων</em></strong></span> <span class='ocrx_word' id='word_1_106' title='bbox 1397 1348 1471 1396; x_wconf 90' lang='grc' dir='ltr'><strong><em>γε.</em></strong></span> <span class='ocrx_word' id='word_1_107' title='bbox 1541 1327 1740 1397; x_wconf 83' lang='grc' dir='ltr'><strong><em>μηθεὶς</em></strong></span> <span class='ocrx_word' id='word_1_108' title='bbox 1779 1327 1831 1382; x_wconf 81' lang='grc' dir='ltr'><strong><em>δ’</em></strong></span> 
     </span>
     <span class='ocr_line' id='line_1_15' title="bbox 154 1415 1840 1488; baseline 0.001 -18"><span class='ocrx_word' id='word_1_109' title='bbox 154 1416 377 1485; x_wconf 78' lang='grc' dir='ltr'><strong><em>ἀγνοεῖν</em></strong></span> <span class='ocrx_word' id='word_1_110' title='bbox 415 1415 551 1486; x_wconf 80' lang='grc' dir='ltr'><strong><em>&lt;μ’&gt;</em></strong></span> <span class='ocrx_word' id='word_1_111' title='bbox 590 1417 842 1487; x_wconf 81' lang='grc' dir='ltr'><strong><em>ὑπολάβῃ</em></strong></span> <span class='ocrx_word' id='word_1_112' title='bbox 893 1415 1028 1486; x_wconf 87' lang='grc' dir='ltr'><strong><em>μήθ’</em></strong></span> <span class='ocrx_word' id='word_1_113' title='bbox 1071 1418 1155 1471; x_wconf 81' lang='grc' dir='ltr'><strong><em>ὅτι</em></strong></span> <span class='ocrx_word' id='word_1_114' title='bbox 1185 1416 1458 1487; x_wconf 86' lang='grc' dir='ltr'><strong><em>Ἀφαρεὺς</em></strong></span> <span class='ocrx_word' id='word_1_115' title='bbox 1497 1417 1526 1471; x_wconf 89' lang='grc' dir='ltr'>ὁ</span> <span class='ocrx_word' id='word_1_116' title='bbox 1565 1420 1840 1488; x_wconf 87' lang='grc' dir='ltr'><strong><em>πρόγονός</em></strong></span> 
     </span>
     <span class='ocr_line' id='line_1_16' title="bbox 152 1504 1906 1577; baseline -0.001 -18"><span class='ocrx_word' id='word_1_117' title='bbox 152 1525 210 1560; x_wconf 88' lang='grc' dir='ltr'><strong><em>τε</em></strong></span> <span class='ocrx_word' id='word_1_118' title='bbox 262 1504 354 1558; x_wconf 85' lang='grc' dir='ltr'><strong><em>καὶ</em></strong></span> <span class='ocrx_word' id='word_1_119' title='bbox 409 1507 718 1575; x_wconf 82' lang='grc' dir='ltr'><strong><em>εἰσποίητος</em></strong></span> <span class='ocrx_word' id='word_1_120' title='bbox 763 1504 1060 1577; x_wconf 80' lang='grc' dir='ltr'><strong><em>Ἰσοκράτει</em></strong></span> <span class='ocrx_word' id='word_1_121' title='bbox 1114 1508 1410 1575; x_wconf 88' lang='grc' dir='ltr'><strong><em>γενόμενος</em></strong></span> <span class='ocrx_word' id='word_1_122' title='bbox 1464 1505 1524 1559; x_wconf 83' lang='grc' dir='ltr'><strong><em>ἐν</em></strong></span> <span class='ocrx_word' id='word_1_123' title='bbox 1578 1512 1654 1577; x_wconf 78' lang='grc' dir='ltr'><strong><em>τῷ</em></strong></span> <span class='ocrx_word' id='word_1_124' title='bbox 1700 1506 1839 1576; x_wconf 88' lang='grc' dir='ltr'><strong><em>πρὸς</em></strong></span> <span class='ocrx_word' id='word_1_125' title='bbox 1865 1527 1906 1558; x_wconf 86' lang='lat'><strong><em>15</em></strong></span> 
     </span>
     <span class='ocr_line' id='line_1_17' title="bbox 152 1593 1840 1667; baseline -0.002 -18"><span class='ocrx_word' id='word_1_126' title='bbox 152 1596 541 1664; x_wconf 80' lang='grc' dir='ltr'><strong><em>Μεγακλείδην</em></strong></span> <span class='ocrx_word' id='word_1_127' title='bbox 599 1593 726 1666; x_wconf 85' lang='grc' dir='ltr'><strong><em>περὶ</em></strong></span> <span class='ocrx_word' id='word_1_128' title='bbox 787 1601 882 1663; x_wconf 83' lang='grc' dir='ltr'><strong><em>τῆς</em></strong></span> <span class='ocrx_word' id='word_1_129' title='bbox 926 1593 1284 1657; x_wconf 86' lang='grc' dir='ltr'><strong><em>Ἀντιδόσεως</em></strong></span> <span class='ocrx_word' id='word_1_130' title='bbox 1346 1597 1490 1667; x_wconf 79' lang='grc' dir='ltr'><strong><em>λόγῳ</em></strong></span> <span class='ocrx_word' id='word_1_131' title='bbox 1546 1595 1840 1664; x_wconf 78' lang='grc' dir='ltr'><strong><em>διορίζεται</em></strong></span> 
     </span>
     <span class='ocr_line' id='line_1_18' title="bbox 153 1683 1840 1754; baseline -0.001 -16"><span class='ocrx_word' id='word_1_132' title='bbox 153 1685 424 1754; x_wconf 83' lang='grc' dir='ltr'><strong><em>μηδεμίαν</em></strong></span> <span class='ocrx_word' id='word_1_133' title='bbox 475 1684 584 1738; x_wconf 89' lang='grc' dir='ltr'><strong><em>ὑπὸ</em></strong></span> <span class='ocrx_word' id='word_1_134' title='bbox 631 1691 731 1738; x_wconf 90' lang='grc' dir='ltr'><strong><em>τοῦ</em></strong></span> <span class='ocrx_word' id='word_1_135' title='bbox 776 1685 982 1754; x_wconf 88' lang='grc' dir='ltr'><strong><em>πατρὸς</em></strong></span> <span class='ocrx_word' id='word_1_136' title='bbox 1034 1683 1308 1737; x_wconf 86' lang='grc' dir='ltr'><strong><em>ὑπόθεσιν</em></strong></span> <span class='ocrx_word' id='word_1_137' title='bbox 1359 1685 1436 1746; x_wconf 88' lang='grc' dir='ltr'><strong><em>εἰς</em></strong></span> <span class='ocrx_word' id='word_1_138' title='bbox 1483 1685 1840 1754; x_wconf 80' lang='grc' dir='ltr'><strong><em>δικαστήριον</em></strong></span> 
     </span>
     <span class='ocr_line' id='line_1_19' title="bbox 154 1771 1841 1843; baseline 0 -18"><span class='ocrx_word' id='word_1_139' title='bbox 154 1773 494 1843; x_wconf 86' lang='grc' dir='ltr'><strong><em>γεγράφθαι,</em></strong></span> <span class='ocrx_word' id='word_1_140' title='bbox 540 1771 676 1843; x_wconf 81' lang='grc' dir='ltr'><strong><em>μήθ’</em></strong></span> <span class='ocrx_word' id='word_1_141' title='bbox 724 1772 808 1826; x_wconf 83' lang='grc' dir='ltr'><strong><em>ὅτι</em></strong></span> <span class='ocrx_word' id='word_1_142' title='bbox 845 1771 1049 1841; x_wconf 86' lang='grc' dir='ltr'><strong><em>δέσμας</em></strong></span> <span class='ocrx_word' id='word_1_143' title='bbox 1093 1772 1243 1825; x_wconf 87' lang='grc' dir='ltr'><strong><em>πάνυ</em></strong></span> <span class='ocrx_word' id='word_1_144' title='bbox 1286 1773 1493 1834; x_wconf 78' lang='grc' dir='ltr'><strong><em>πολλὰς</em></strong></span> <span class='ocrx_word' id='word_1_145' title='bbox 1541 1773 1841 1825; x_wconf 85' lang='grc' dir='ltr'><strong><em>δικανικῶν</em></strong></span> 
     </span>
     <span class='ocr_line' id='line_1_20' title="bbox 67 1859 1840 1931; baseline 0 -17"><span class='ocrx_word' id='word_1_146' title='bbox 67 1875 152 1915; x_wconf 82' lang='lat'><strong><em>577</em></strong></span> <span class='ocrx_word' id='word_1_147' title='bbox 178 1863 360 1929; x_wconf 91' lang='grc' dir='ltr'><strong><em>λόγων</em></strong></span> <span class='ocrx_word' id='word_1_148' title='bbox 412 1860 792 1931; x_wconf 87' lang='grc' dir='ltr'><strong><em>Ἰσοκρατείων</em></strong></span> <span class='ocrx_word' id='word_1_149' title='bbox 851 1859 1272 1931; x_wconf 48' lang='grc' dir='ltr'><strong><em>πεῗριφέρεσθαί</em></strong></span> <span class='ocrx_word' id='word_1_150' title='bbox 1325 1875 1497 1931; x_wconf 92' lang='grc' dir='ltr'><strong><em>φησιν</em></strong></span> <span class='ocrx_word' id='word_1_151' title='bbox 1558 1861 1666 1914; x_wconf 85' lang='grc' dir='ltr'><strong><em>ὑπὸ</em></strong></span> <span class='ocrx_word' id='word_1_152' title='bbox 1728 1870 1840 1914; x_wconf 90' lang='grc' dir='ltr'><strong><em>τῶν</em></strong></span> 
     </span>
     <span class='ocr_line' id='line_1_21' title="bbox 154 1948 1904 2020; baseline -0.001 -18"><span class='ocrx_word' id='word_1_153' title='bbox 154 1952 556 2019; x_wconf 87' lang='grc' dir='ltr'><strong><em>βυβλιοπωλῶν</em></strong></span> <span class='ocrx_word' id='word_1_154' title='bbox 584 1948 974 2020; x_wconf 87' lang='grc' dir='ltr'><strong><em>Ἀριστοτέλης.</em></strong></span> <span class='ocrx_word' id='word_1_155' title='bbox 1044 1949 1333 2019; x_wconf 82' lang='grc' dir='ltr'><strong><em>ἐπίσταμαι</em></strong></span> <span class='ocrx_word' id='word_1_156' title='bbox 1371 1951 1476 2020; x_wconf 81' lang='grc' dir='ltr'><strong><em>γὰρ</em></strong></span> <span class='ocrx_word' id='word_1_157' title='bbox 1517 1958 1687 2003; x_wconf 89' lang='grc' dir='ltr'><strong><em>ταῦτα</em></strong></span> <span class='ocrx_word' id='word_1_158' title='bbox 1726 1951 1834 2004; x_wconf 85' lang='grc' dir='ltr'><strong><em>ὑπὸ</em></strong></span> <span class='ocrx_word' id='word_1_159' title='bbox 1861 1971 1904 2001; x_wconf 77' lang='lat'><strong><em>20</em></strong></span> 
     </span>
     <span class='ocr_line' id='line_1_22' title="bbox 155 2036 1840 2110; baseline 0 -18"><span class='ocrx_word' id='word_1_160' title='bbox 155 2047 265 2092; x_wconf 87' lang='grc' dir='ltr'><strong><em>τῶν</em></strong></span> <span class='ocrx_word' id='word_1_161' title='bbox 304 2037 526 2110; x_wconf 84' lang='grc' dir='ltr'><strong><em>ἀνδρῶν</em></strong></span> <span class='ocrx_word' id='word_1_162' title='bbox 565 2037 790 2092; x_wconf 82' lang='grc' dir='ltr'><strong><em>ἐκείνων</em></strong></span> <span class='ocrx_word' id='word_1_163' title='bbox 835 2041 1126 2107; x_wconf 91' lang='grc' dir='ltr'><strong><em>λεγόμενα,</em></strong></span> <span class='ocrx_word' id='word_1_164' title='bbox 1180 2037 1271 2091; x_wconf 83' lang='grc' dir='ltr'><strong><em>καὶ</em></strong></span> <span class='ocrx_word' id='word_1_165' title='bbox 1311 2039 1436 2091; x_wconf 81' lang='grc' dir='ltr'><strong><em>οὔτε</em></strong></span> <span class='ocrx_word' id='word_1_166' title='bbox 1474 2036 1840 2107; x_wconf 86' lang='grc' dir='ltr'><strong><em>Ἀριστοτέλει</em></strong></span> 
     </span>
     <span class='ocr_line' id='line_1_23' title="bbox 154 2126 1841 2198; baseline 0.001 -18"><span class='ocrx_word' id='word_1_167' title='bbox 154 2130 420 2196; x_wconf 86' lang='grc' dir='ltr'><strong><em>πείθομαι</em></strong></span> <span class='ocrx_word' id='word_1_168' title='bbox 453 2126 744 2198; x_wconf 81' lang='grc' dir='ltr'><strong><em>ῥυπαίνειν</em></strong></span> <span class='ocrx_word' id='word_1_169' title='bbox 774 2127 872 2180; x_wconf 87' lang='grc' dir='ltr'><strong><em>τὸν</em></strong></span> <span class='ocrx_word' id='word_1_170' title='bbox 904 2127 1079 2196; x_wconf 79' lang='grc' dir='ltr'><strong><em>ἄνδρα</em></strong></span> <span class='ocrx_word' id='word_1_171' title='bbox 1110 2126 1432 2198; x_wconf 79' lang='grc' dir='ltr'><strong><em>βουλομένῳ</em></strong></span> <span class='ocrx_word' id='word_1_172' title='bbox 1465 2126 1581 2180; x_wconf 80' lang='grc' dir='ltr'><strong><em>οὔτ’</em></strong></span> <span class='ocrx_word' id='word_1_173' title='bbox 1612 2126 1841 2198; x_wconf 86' lang='grc' dir='ltr'><strong><em>Ἀφαρεῖ</em></strong></span> 
     </span>
    </p>
   </div>
   <div class='ocr_carea' id='block_1_3' title="bbox 158 2282 1839 2995">
    <p class='ocr_par' dir='ltr' id='par_1_3' title="bbox 158 2282 1839 2538">
     <span class='ocr_line' id='line_1_24' title="bbox 277 2282 1837 2346; baseline -0.001 -13"><span class='ocrx_word' id='word_1_174' title='bbox 277 2293 299 2332; x_wconf 94' lang='grc'>1</span> <span class='ocrx_word' id='word_1_175' title='bbox 335 2286 639 2337; x_wconf 82' lang='grc' dir='ltr'><strong><em>συνελθόντες</em></strong></span> <span class='ocrx_word' id='word_1_176' title='bbox 662 2286 727 2331; x_wconf 79' lang='lat' dir='ltr'><strong><em>Is:</em></strong></span> <span class='ocrx_word' id='word_1_177' title='bbox 762 2282 846 2330; x_wconf 81' lang='grc' dir='ltr'><strong><em>οὖν</em></strong></span> <span class='ocrx_word' id='word_1_178' title='bbox 879 2285 1096 2337; x_wconf 80' lang='grc' dir='ltr'><strong><em>ἐλθόντες</em></strong></span> <span class='ocrx_word' id='word_1_179' title='bbox 1120 2286 1178 2330; x_wconf 85' lang='lat' dir='ltr'><strong><em>F¹</em></strong></span> <span class='ocrx_word' id='word_1_180' title='bbox 1232 2286 1448 2338; x_wconf 80' lang='grc' dir='ltr'><strong><em>ἐλθόντες</em></strong></span> <span class='ocrx_word' id='word_1_181' title='bbox 1471 2286 1680 2330; x_wconf 80' lang='lat' dir='ltr'><strong>MBPF²</strong></span> <span class='ocrx_word' id='word_1_182' title='bbox 1707 2289 1712 2343; x_wconf 82' lang='grc' dir='ltr'>Ι</span> <span class='ocrx_word' id='word_1_183' title='bbox 1742 2288 1837 2346; x_wconf 78' lang='grc' dir='ltr'><strong><em>ο[ὐ]</em></strong></span> 
     </span>
     <span class='ocr_line' id='line_1_25' title="bbox 158 2345 1839 2403; baseline 0.001 -13"><span class='ocrx_word' id='word_1_184' title='bbox 158 2360 261 2390; x_wconf 85' lang='lat' dir='ltr'><strong><em>cum</em></strong></span> <span class='ocrx_word' id='word_1_185' title='bbox 292 2346 351 2390; x_wconf 75' lang='lat' dir='ltr'><strong><em>lit</em></strong></span> <span class='ocrx_word' id='word_1_186' title='bbox 382 2346 558 2391; x_wconf 85' lang='lat' dir='ltr'>maiore</span> <span class='ocrx_word' id='word_1_187' title='bbox 590 2346 638 2388; x_wconf 89' lang='lat' dir='ltr'>M</span> <span class='ocrx_word' id='word_1_188' title='bbox 677 2347 683 2403; x_wconf 83' lang='grc' dir='ltr'>Ι</span> <span class='ocrx_word' id='word_1_189' title='bbox 721 2346 868 2390; x_wconf 83' lang='grc' dir='ltr'><strong><em>πολὺν</em></strong></span> <span class='ocrx_word' id='word_1_190' title='bbox 900 2345 957 2389; x_wconf 89' lang='lat' dir='ltr'><strong><em>F¹</em></strong></span> <span class='ocrx_word' id='word_1_191' title='bbox 990 2346 1071 2390; x_wconf 85' lang='lat' dir='ltr'><strong><em>sed</em></strong></span> <span class='ocrx_word' id='word_1_192' title='bbox 1103 2347 1186 2390; x_wconf 81' lang='grc' dir='ltr'><strong><em>λὺν</em></strong></span> <span class='ocrx_word' id='word_1_193' title='bbox 1216 2345 1265 2389; x_wconf 86' lang='lat' dir='ltr'><strong><em>in</em></strong></span> <span class='ocrx_word' id='word_1_194' title='bbox 1296 2360 1370 2390; x_wconf 84' lang='lat' dir='ltr'><strong><em>ras</em></strong></span> <span class='ocrx_word' id='word_1_195' title='bbox 1403 2346 1578 2390; x_wconf 78' lang='lat' dir='ltr'>maiore</span> <span class='ocrx_word' id='word_1_196' title='bbox 1686 2352 1711 2389; x_wconf 81' lang='lat'>2</span> <span class='ocrx_word' id='word_1_197' title='bbox 1742 2354 1839 2397; x_wconf 86' lang='grc' dir='ltr'><strong><em>τοῖς</em></strong></span> 
     </span>
     <span class='ocr_line' id='line_1_26' title="bbox 158 2402 1839 2462; baseline -0.001 -12"><span class='ocrx_word' id='word_1_198' title='bbox 158 2404 368 2450; x_wconf 77' lang='grc' dir='ltr'><strong><em>ἐνταῦθα</em></strong></span> <span class='ocrx_word' id='word_1_199' title='bbox 400 2405 476 2451; x_wconf 83' lang='lat' dir='ltr'><strong><em>uel</em></strong></span> <span class='ocrx_word' id='word_1_200' title='bbox 510 2402 687 2451; x_wconf 77' lang='grc' dir='ltr'><strong><em>ἐνθάδε</em></strong></span> <span class='ocrx_word' id='word_1_201' title='bbox 712 2407 1021 2462; x_wconf 84' lang='grc' dir='ltr'><strong><em>ψηφισθεῖσιν</em></strong></span> <span class='ocrx_word' id='word_1_202' title='bbox 1052 2405 1095 2448; x_wconf 84' lang='lat' dir='ltr'><strong><em>Is</em></strong></span> <span class='ocrx_word' id='word_1_203' title='bbox 1187 2408 1213 2448; x_wconf 87' lang='grc'><strong>3</strong></span> <span class='ocrx_word' id='word_1_204' title='bbox 1247 2403 1640 2461; x_wconf 86' lang='grc' dir='ltr'><strong><em>σωφρονέστατοιο</em></strong></span> <span class='ocrx_word' id='word_1_205' title='bbox 1665 2405 1766 2462; x_wconf 85' lang='lat' dir='ltr'>(sic)</span> <span class='ocrx_word' id='word_1_206' title='bbox 1790 2405 1839 2449; x_wconf 87' lang='lat' dir='ltr'>M</span> 
     </span>
     <span class='ocr_line' id='line_1_27' title="bbox 158 2461 1838 2538; baseline 0.001 -30"><span class='ocrx_word' id='word_1_207' title='bbox 158 2465 418 2522; x_wconf 80' lang='grc' dir='ltr'><strong><em>σοφώτατοι</em></strong></span> <span class='ocrx_word' id='word_1_208' title='bbox 433 2465 477 2508; x_wconf 83' lang='lat' dir='ltr'><strong><em>Is</em></strong></span> <span class='ocrx_word' id='word_1_209' title='bbox 569 2469 596 2508; x_wconf 87' lang='lat'>4</span> <span class='ocrx_word' id='word_1_210' title='bbox 627 2464 808 2514; x_wconf 83' lang='grc' dir='ltr'><strong><em>τούτοις</em></strong></span> <span class='ocrx_word' id='word_1_211' title='bbox 825 2463 882 2506; x_wconf 84' lang='lat' dir='ltr'><strong><em>F¹</em></strong></span> <span class='ocrx_word' id='word_1_212' title='bbox 899 2465 952 2507; x_wconf 75' lang='lat' dir='ltr'><strong><em>ut</em></strong></span> <span class='ocrx_word' id='word_1_213' title='bbox 975 2462 1175 2519; x_wconf 77' lang='lat' dir='ltr'>uidetur,</span> <span class='ocrx_word' id='word_1_214' title='bbox 1197 2477 1298 2508; x_wconf 82' lang='lat' dir='ltr'><strong>eon·</strong></span> <span class='ocrx_word' id='word_1_215' title='bbox 1321 2463 1370 2507; x_wconf 88' lang='lat' dir='ltr'><strong><em>in</em></strong></span> <span class='ocrx_word' id='word_1_216' title='bbox 1394 2479 1469 2509; x_wconf 85' lang='lat' dir='ltr'><strong><em>ras</em></strong></span> <span class='ocrx_word' id='word_1_217' title='bbox 1495 2464 1554 2508; x_wconf 80' lang='lat' dir='ltr'><strong><em>F2</em></strong></span> <span class='ocrx_word' id='word_1_218' title='bbox 1581 2467 1586 2521; x_wconf 87' lang='grc' dir='ltr'>Ι</span> <span class='ocrx_word' id='word_1_219' title='bbox 1615 2461 1699 2538; x_wconf 49' lang='grc' dir='ltr'><strong><em>ὧν)</em></strong></span> <span class='ocrx_word' id='word_1_220' title='bbox 1718 2466 1779 2516; x_wconf 87' lang='grc' dir='ltr'><strong><em>ὡς</em></strong></span> <span class='ocrx_word' id='word_1_221' title='bbox 1802 2466 1838 2508; x_wconf 90' lang='grc' dir='ltr'>Ρ</span> 
     </span>
    </p>

    <p class='ocr_par' dir='ltr' id='par_1_4' title="bbox 159 2519 1838 2641">
     <span class='ocr_line' id='line_1_28' title="bbox 276 2519 1835 2582; baseline 0.001 -15"><span class='ocrx_word' id='word_1_222' title='bbox 276 2529 299 2567; x_wconf 87' lang='grc'><strong>7</strong></span> <span class='ocrx_word' id='word_1_223' title='bbox 334 2521 404 2575; x_wconf 84' lang='grc' dir='ltr'><strong><em>οἷς</em></strong></span> <span class='ocrx_word' id='word_1_224' title='bbox 434 2523 495 2568; x_wconf 68' lang='lat' dir='ltr'><strong><em>F*</em></strong></span> <span class='ocrx_word' id='word_1_225' title='bbox 525 2537 580 2569; x_wconf 85' lang='lat' dir='ltr'><strong><em>ex</em></strong></span> <span class='ocrx_word' id='word_1_226' title='bbox 612 2522 693 2574; x_wconf 76' lang='grc' dir='ltr'><strong><em>οὓς</em></strong></span> <span class='ocrx_word' id='word_1_227' title='bbox 719 2524 726 2580; x_wconf 77' lang='grc' dir='ltr'>Ι</span> <span class='ocrx_word' id='word_1_228' title='bbox 755 2519 893 2567; x_wconf 77' lang='grc' dir='ltr'><strong><em>οὐδὲν</em></strong></span> <span class='ocrx_word' id='word_1_229' title='bbox 927 2520 1007 2580; x_wconf 73' lang='grc' dir='ltr'><strong><em>ἂν]</em></strong></span> <span class='ocrx_word' id='word_1_230' title='bbox 1042 2521 1213 2567; x_wconf 81' lang='grc' dir='ltr'><strong><em>οὐδένα</em></strong></span> <span class='ocrx_word' id='word_1_231' title='bbox 1238 2523 1294 2566; x_wconf 88' lang='lat' dir='ltr'><strong><em>F·</em></strong></span> <span class='ocrx_word' id='word_1_232' title='bbox 1320 2524 1474 2574; x_wconf 81' lang='grc' dir='ltr'><strong><em>οὐδεὶς</em></strong></span> <span class='ocrx_word' id='word_1_233' title='bbox 1501 2522 1561 2568; x_wconf 71' lang='grc' dir='ltr'><strong><em>ἂν</em></strong></span> <span class='ocrx_word' id='word_1_234' title='bbox 1587 2526 1726 2569; x_wconf 83' lang='grc' dir='ltr'><strong><em>οὐδεν</em></strong></span> <span class='ocrx_word' id='word_1_235' title='bbox 1749 2525 1793 2568; x_wconf 82' lang='lat' dir='ltr'><strong><em>Is</em></strong></span> <span class='ocrx_word' id='word_1_236' title='bbox 1829 2524 1835 2582; x_wconf 89' lang='grc' dir='ltr'>Ι</span> 
     </span>
     <span class='ocr_line' id='line_1_29' title="bbox 159 2580 1838 2641; baseline 0 -14"><span class='ocrx_word' id='word_1_237' title='bbox 159 2580 448 2639; x_wconf 79' lang='grc' dir='ltr'><strong><em>ἐπιτρέψειεν</em></strong></span> <span class='ocrx_word' id='word_1_238' title='bbox 472 2583 509 2628; x_wconf 91' lang='grc' dir='ltr'>Ρ</span> <span class='ocrx_word' id='word_1_239' title='bbox 601 2587 626 2626; x_wconf 91' lang='grc'>8</span> <span class='ocrx_word' id='word_1_240' title='bbox 659 2583 969 2640; x_wconf 79' lang='grc' dir='ltr'><strong><em>βουλευτικοῖς</em></strong></span> <span class='ocrx_word' id='word_1_241' title='bbox 994 2581 1030 2625; x_wconf 82' lang='lat' dir='ltr'><strong>F</strong></span> <span class='ocrx_word' id='word_1_242' title='bbox 1123 2587 1178 2626; x_wconf 94' lang='grc'><strong><em>10</em></strong></span> <span class='ocrx_word' id='word_1_243' title='bbox 1208 2583 1414 2641; x_wconf 82' lang='grc' dir='ltr'><strong><em>ἀκρυβὴς</em></strong></span> <span class='ocrx_word' id='word_1_244' title='bbox 1437 2583 1474 2626; x_wconf 92' lang='grc' dir='ltr'>Β</span> <span class='ocrx_word' id='word_1_245' title='bbox 1503 2585 1508 2640; x_wconf 89' lang='grc' dir='ltr'>Ι</span> <span class='ocrx_word' id='word_1_246' title='bbox 1539 2582 1730 2641; x_wconf 77' lang='grc' dir='ltr'><strong><em>ἔγγυστα</em></strong></span> <span class='ocrx_word' id='word_1_247' title='bbox 1754 2583 1838 2627; x_wconf 85' lang='grc' dir='ltr'><strong><em>ΒΡ</em></strong></span> 
     </span>
    </p>

    <p class='ocr_par' dir='ltr' id='par_1_5' title="bbox 158 2639 1838 2995">
     <span class='ocr_line' id='line_1_30' title="bbox 276 2639 1838 2699; baseline -0.001 -13"><span class='ocrx_word' id='word_1_248' title='bbox 276 2647 330 2686; x_wconf 81' lang='lat'><strong><em>12</em></strong></span> <span class='ocrx_word' id='word_1_249' title='bbox 364 2640 562 2687; x_wconf 78' lang='grc' dir='ltr'><strong><em>ἐλάττων</em></strong></span> <span class='ocrx_word' id='word_1_250' title='bbox 593 2641 651 2685; x_wconf 89' lang='lat' dir='ltr'><strong><em>F¹</em></strong></span> <span class='ocrx_word' id='word_1_251' title='bbox 686 2643 693 2699; x_wconf 81' lang='grc' dir='ltr'>Ι</span> <span class='ocrx_word' id='word_1_252' title='bbox 727 2639 755 2697; x_wconf 82' lang='grc' dir='ltr'>ἢ</span> <span class='ocrx_word' id='word_1_253' title='bbox 787 2640 836 2685; x_wconf 89' lang='lat' dir='ltr'><strong><em>in</em></strong></span> <span class='ocrx_word' id='word_1_254' title='bbox 868 2654 942 2684; x_wconf 87' lang='lat' dir='ltr'><strong><em>ras</em></strong></span> <span class='ocrx_word' id='word_1_255' title='bbox 974 2639 1034 2684; x_wconf 59' lang='lat'><strong><em>1³²</em></strong></span> <span class='ocrx_word' id='word_1_256' title='bbox 1060 2642 1066 2698; x_wconf 93' lang='grc' dir='ltr'>Ι</span> <span class='ocrx_word' id='word_1_257' title='bbox 1101 2640 1152 2685; x_wconf 79' lang='grc' dir='ltr'><strong><em>ἐν</em></strong></span> <span class='ocrx_word' id='word_1_258' title='bbox 1183 2640 1338 2693; x_wconf 73' lang='grc' dir='ltr'><strong><em>ἄλλοις</em></strong></span> <span class='ocrx_word' id='word_1_259' title='bbox 1367 2642 1545 2686; x_wconf 87' lang='lat' dir='ltr'>MBPv</span> <span class='ocrx_word' id='word_1_260' title='bbox 1637 2647 1692 2686; x_wconf 87' lang='lat'><strong><em>13</em></strong></span> <span class='ocrx_word' id='word_1_261' title='bbox 1723 2641 1838 2685; x_wconf 79' lang='grc' dir='ltr'><strong><em>ἀλλὰ</em></strong></span> 
     </span>
     <span class='ocr_line' id='line_1_31' title="bbox 159 2698 1838 2759; baseline 0 -16"><span class='ocrx_word' id='word_1_262' title='bbox 159 2712 233 2744; x_wconf 89' lang='lat' dir='ltr'><strong><em>om</em></strong></span> <span class='ocrx_word' id='word_1_263' title='bbox 256 2699 398 2745; x_wconf 90' lang='lat' dir='ltr'><strong><em>MBP</em></strong></span> <span class='ocrx_word' id='word_1_264' title='bbox 429 2699 526 2745; x_wconf 82' lang='grc' dir='ltr'><strong><em>ἀλλ’</em></strong></span> <span class='ocrx_word' id='word_1_265' title='bbox 549 2716 578 2744; x_wconf 84' lang='lat' dir='ltr'>v</span> <span class='ocrx_word' id='word_1_266' title='bbox 605 2702 614 2758; x_wconf 80' lang='grc' dir='ltr'>Ι</span> <span class='ocrx_word' id='word_1_267' title='bbox 643 2699 758 2759; x_wconf 80' lang='grc' dir='ltr'><strong><em>ἔχων</em></strong></span> <span class='ocrx_word' id='word_1_268' title='bbox 791 2713 845 2743; x_wconf 83' lang='lat' dir='ltr'><strong><em>ex</em></strong></span> <span class='ocrx_word' id='word_1_269' title='bbox 881 2698 965 2757; x_wconf 79' lang='grc' dir='ltr'><strong><em>ἔχω</em></strong></span> <span class='ocrx_word' id='word_1_270' title='bbox 996 2699 1044 2743; x_wconf 87' lang='lat' dir='ltr'>M</span> <span class='ocrx_word' id='word_1_271' title='bbox 1071 2701 1078 2758; x_wconf 70' lang='grc'>1</span> <span class='ocrx_word' id='word_1_272' title='bbox 1106 2701 1266 2757; x_wconf 76' lang='grc' dir='ltr'><strong><em>μηδεὶς</em></strong></span> <span class='ocrx_word' id='word_1_273' title='bbox 1296 2701 1474 2745; x_wconf 88' lang='lat' dir='ltr'>MBPv</span> <span class='ocrx_word' id='word_1_274' title='bbox 1568 2706 1622 2745; x_wconf 82' lang='lat'><strong><em>14</em></strong></span> <span class='ocrx_word' id='word_1_275' title='bbox 1651 2699 1705 2758; x_wconf 83' lang='grc' dir='ltr'><strong><em>μ’</em></strong></span> <span class='ocrx_word' id='word_1_276' title='bbox 1744 2701 1838 2745; x_wconf 85' lang='lat' dir='ltr'><strong><em>add</em></strong></span> 
     </span>
     <span class='ocr_line' id='line_1_32' title="bbox 158 2757 1837 2817; baseline 0.001 -15"><span class='ocrx_word' id='word_1_277' title='bbox 158 2757 354 2804; x_wconf 88' lang='lat' dir='ltr'>Wolfius</span> <span class='ocrx_word' id='word_1_278' title='bbox 382 2762 389 2817; x_wconf 91' lang='grc' dir='ltr'>Ι</span> <span class='ocrx_word' id='word_1_279' title='bbox 416 2757 536 2816; x_wconf 81' lang='grc' dir='ltr'><strong><em>μήθ’</em></strong></span> <span class='ocrx_word' id='word_1_280' title='bbox 566 2759 643 2803; x_wconf 86' lang='lat' dir='ltr'><strong><em>hic</em></strong></span> <span class='ocrx_word' id='word_1_281' title='bbox 675 2762 723 2804; x_wconf 71' lang='lat' dir='ltr'><strong><em>et</em></strong></span> <span class='ocrx_word' id='word_1_282' title='bbox 757 2764 810 2802; x_wconf 87' lang='grc'><strong><em>18</em></strong></span> <span class='ocrx_word' id='word_1_283' title='bbox 842 2758 1042 2815; x_wconf 76' lang='lat' dir='ltr'>Krfiger:</span> <span class='ocrx_word' id='word_1_284' title='bbox 1070 2757 1187 2816; x_wconf 80' lang='grc' dir='ltr'><strong><em>μηδ’</em></strong></span> <span class='ocrx_word' id='word_1_285' title='bbox 1221 2762 1227 2817; x_wconf 79' lang='grc' dir='ltr'>Ι</span> <span class='ocrx_word' id='word_1_286' title='bbox 1254 2760 1459 2816; x_wconf 80' lang='grc' dir='ltr'><strong><em>ἀφορεὺς</em></strong></span> <span class='ocrx_word' id='word_1_287' title='bbox 1490 2761 1526 2804; x_wconf 93' lang='grc' dir='ltr'>Ρ</span> <span class='ocrx_word' id='word_1_288' title='bbox 1555 2762 1560 2817; x_wconf 92' lang='grc' dir='ltr'>Ι</span> <span class='ocrx_word' id='word_1_289' title='bbox 1588 2759 1837 2817; x_wconf 83' lang='grc' dir='ltr'><strong><em>σημείωσαι</em></strong></span> 
     </span>
     <span class='ocr_line' id='line_1_33' title="bbox 159 2815 1836 2875; baseline 0.001 -15"><span class='ocrx_word' id='word_1_290' title='bbox 159 2817 368 2874; x_wconf 81' lang='grc' dir='ltr'><strong><em>ἀφαρεύς</em></strong></span> <span class='ocrx_word' id='word_1_291' title='bbox 397 2819 433 2863; x_wconf 82' lang='lat' dir='ltr'><strong>F</strong></span> <span class='ocrx_word' id='word_1_292' title='bbox 463 2818 514 2863; x_wconf 87' lang='lat' dir='ltr'><strong><em>in</em></strong></span> <span class='ocrx_word' id='word_1_293' title='bbox 544 2833 624 2875; x_wconf 86' lang='lat' dir='ltr'><strong><em>mg</em></strong></span> <span class='ocrx_word' id='word_1_294' title='bbox 735 2823 788 2862; x_wconf 89' lang='grc'><strong><em>16</em></strong></span> <span class='ocrx_word' id='word_1_295' title='bbox 820 2815 1097 2869; x_wconf 83' lang='grc' dir='ltr'><strong><em>ἀντιδόσεως</em></strong></span> <span class='ocrx_word' id='word_1_296' title='bbox 1127 2832 1183 2863; x_wconf 84' lang='lat' dir='ltr'><strong><em>ex</em></strong></span> <span class='ocrx_word' id='word_1_297' title='bbox 1215 2820 1501 2870; x_wconf 81' lang='grc' dir='ltr'><strong><em>ἀν-τιδώσεως</em></strong></span> <span class='ocrx_word' id='word_1_298' title='bbox 1531 2819 1566 2862; x_wconf 83' lang='lat' dir='ltr'><strong>F</strong></span> <span class='ocrx_word' id='word_1_299' title='bbox 1660 2824 1714 2863; x_wconf 83' lang='lat'><strong><em>17</em></strong></span> <span class='ocrx_word' id='word_1_300' title='bbox 1746 2819 1836 2862; x_wconf 83' lang='grc' dir='ltr'><strong><em>ὑπὸ</em></strong></span> 
     </span>
     <span class='ocr_line' id='line_1_34' title="bbox 160 2875 1837 2935; baseline 0 -17"><span class='ocrx_word' id='word_1_301' title='bbox 160 2876 253 2920; x_wconf 77' lang='lat' dir='ltr'><strong><em>add</em></strong></span> <span class='ocrx_word' id='word_1_302' title='bbox 283 2876 343 2921; x_wconf 81' lang='lat' dir='ltr'><strong><em>F²</em></strong></span> <span class='ocrx_word' id='word_1_303' title='bbox 434 2882 490 2923; x_wconf 88' lang='lat'><strong><em>18</em></strong></span> <span class='ocrx_word' id='word_1_304' title='bbox 521 2875 546 2922; x_wconf 86' lang='grc' dir='ltr'><strong>ὃ</strong></span> <span class='ocrx_word' id='word_1_305' title='bbox 564 2906 578 2922; x_wconf 88' lang='grc'><strong>.</strong></span> <span class='ocrx_word' id='word_1_306' title='bbox 595 2908 609 2922; x_wconf 90' lang='grc'><strong>.</strong></span> <span class='ocrx_word' id='word_1_307' title='bbox 626 2907 639 2922; x_wconf 88' lang='grc'><strong>.</strong></span> <span class='ocrx_word' id='word_1_308' title='bbox 657 2907 671 2923; x_wconf 91' lang='grc'><strong>.</strong></span> <span class='ocrx_word' id='word_1_309' title='bbox 690 2876 829 2933; x_wconf 82' lang='grc' dir='ltr'><strong><em>εσμὰς</em></strong></span> <span class='ocrx_word' id='word_1_310' title='bbox 860 2876 940 2932; x_wconf 92' lang='lat' dir='ltr'><strong><em>(IV</em></strong></span> <span class='ocrx_word' id='word_1_311' title='bbox 963 2876 1039 2920; x_wconf 90' lang='lat' dir='ltr'><strong><em>uel</em></strong></span> <span class='ocrx_word' id='word_1_312' title='bbox 1062 2877 1105 2921; x_wconf 93' lang='lat' dir='ltr'><strong>V</strong></span> <span class='ocrx_word' id='word_1_313' title='bbox 1135 2877 1216 2923; x_wconf 77' lang='lat' dir='ltr'><strong>litt</strong></span> <span class='ocrx_word' id='word_1_314' title='bbox 1246 2878 1495 2935; x_wconf 83' lang='lat' dir='ltr'>euanidae)</span> <span class='ocrx_word' id='word_1_315' title='bbox 1517 2878 1554 2922; x_wconf 90' lang='lat' dir='ltr'>P</span> <span class='ocrx_word' id='word_1_316' title='bbox 1600 2880 1770 2934; x_wconf 79' lang='grc' dir='ltr'><strong><em>δεσμᾶς</em></strong></span> <span class='ocrx_word' id='word_1_317' title='bbox 1801 2877 1837 2918; x_wconf 87' lang='lat' dir='ltr'><strong>F</strong></span> 
     </span>
     <span class='ocr_line' id='line_1_35' title="bbox 160 2934 1128 2995; baseline 0.003 -18"><span class='ocrx_word' id='word_1_318' title='bbox 160 2934 328 2990; x_wconf 84' lang='grc' dir='ltr'><strong><em>δεσμὰς</em></strong></span> <span class='ocrx_word' id='word_1_319' title='bbox 357 2935 406 2980; x_wconf 88' lang='grc' dir='ltr'>Μ</span> <span class='ocrx_word' id='word_1_320' title='bbox 525 2941 582 2980; x_wconf 77' lang='lat'><strong><em>20</em></strong></span> <span class='ocrx_word' id='word_1_321' title='bbox 613 2938 926 2995; x_wconf 85' lang='grc' dir='ltr'><strong><em>βιβλιοπωλῶν</em></strong></span> <span class='ocrx_word' id='word_1_322' title='bbox 958 2935 1067 2979; x_wconf 88' lang='lat' dir='ltr'>libri</span> <span class='ocrx_word' id='word_1_323' title='bbox 1099 2951 1128 2980; x_wconf 85' lang='lat' dir='ltr'><strong>v</strong></span> 
     </span>
    </p>
   </div>
  </div>
 </body>
</html>
