<?xml version="1.0" encoding="UTF-8"?>
<!DOCTYPE html PUBLIC "-//W3C//DTD XHTML 1.0 Transitional//EN"
    "http://www.w3.org/TR/xhtml1/DTD/xhtml1-transitional.dtd">
<html xmlns="http://www.w3.org/1999/xhtml" xml:lang="en" lang="en">
 <head>
  <title>
</title>
<meta http-equiv="Content-Type" content="text/html;charset=utf-8" />
  <meta name='ocr-system' content='tesseract 3.04.00' />
  <meta name='ocr-capabilities' content='ocr_page ocr_carea ocr_par ocr_line ocrx_word'/>
</head>
<body>
  <div class='ocr_page' id='page_1' title='image "./quaeexstant05dionuoft_0028.png"; bbox 0 0 1958 3192; ppageno 0'>
   <div class='ocr_carea' id='block_1_1' title="bbox 829 113 1190 156">
    <p class='ocr_par' dir='ltr' id='par_1_1' title="bbox 829 113 1190 156">
     <span class='ocr_line' id='line_1_1' title="bbox 829 113 1190 156; baseline -0.003 -10"><span class='ocrx_word' id='word_1_1' title='bbox 829 113 1190 156; x_wconf 72' lang='grc' dir='ltr'>-ΧΧΠ-</span> 
     </span>
    </p>
   </div>
   <div class='ocr_carea' id='block_1_2' title="bbox 174 244 1857 1556">
    <p class='ocr_par' dir='ltr' id='par_1_2' title="bbox 175 244 1857 587">
     <span class='ocr_line' id='line_1_2' title="bbox 301 244 1856 305; baseline -0.001 -13"><span class='ocrx_word' id='word_1_2' title='bbox 301 253 399 305; x_wconf 89' lang='grc'><strong>133,</strong></span> <span class='ocrx_word' id='word_1_3' title='bbox 427 252 448 291; x_wconf 97' lang='grc'><strong>1</strong></span> <span class='ocrx_word' id='word_1_4' title='bbox 482 245 740 302; x_wconf 82' lang='grc' dir='ltr'><em>νεωτέροισι</em></span> <span class='ocrx_word' id='word_1_5' title='bbox 889 251 917 289; x_wconf 84' lang='grc'>4</span> <span class='ocrx_word' id='word_1_6' title='bbox 946 248 1053 303; x_wconf 89' lang='lat' dir='ltr'><strong>post</strong></span> <span class='ocrx_word' id='word_1_7' title='bbox 1085 244 1195 288; x_wconf 77' lang='grc' dir='ltr'><strong><em>ὥστε</em></strong></span> <span class='ocrx_word' id='word_1_8' title='bbox 1234 245 1440 290; x_wconf 77' lang='lat' dir='ltr'><strong>fenestra</strong></span> <span class='ocrx_word' id='word_1_9' title='bbox 1477 245 1562 288; x_wconf 90' lang='lat' dir='ltr'><strong>XX</strong></span> <span class='ocrx_word' id='word_1_10' title='bbox 1591 245 1856 290; x_wconf 88' lang='lat' dir='ltr'><strong>litterarum</strong></span> 
     </span>
     <span class='ocr_line' id='line_1_3' title="bbox 177 319 1856 379; baseline -0.002 -13"><span class='ocrx_word' id='word_1_11' title='bbox 177 325 204 365; x_wconf 83' lang='lat'>5</span> <span class='ocrx_word' id='word_1_12' title='bbox 234 324 342 379; x_wconf 87' lang='lat' dir='ltr'><strong>post</strong></span> <span class='ocrx_word' id='word_1_13' title='bbox 382 320 622 378; x_wconf 81' lang='grc' dir='ltr'><strong><em>συμφορὰς</em></strong></span> <span class='ocrx_word' id='word_1_14' title='bbox 660 321 829 364; x_wconf 86' lang='lat' dir='ltr'><strong>lacuna</strong></span> <span class='ocrx_word' id='word_1_15' title='bbox 871 319 1020 362; x_wconf 87' lang='lat' dir='ltr'>XXIH</span> <span class='ocrx_word' id='word_1_16' title='bbox 1057 319 1341 375; x_wconf 86' lang='lat' dir='ltr'><strong>litterarum,</strong></span> <span class='ocrx_word' id='word_1_17' title='bbox 1389 319 1559 363; x_wconf 89' lang='lat' dir='ltr'><strong>deinde</strong></span> <span class='ocrx_word' id='word_1_18' title='bbox 1591 320 1657 371; x_wconf 87' lang='grc' dir='ltr'><strong><em>εἰς</em></strong></span> <span class='ocrx_word' id='word_1_19' title='bbox 1687 321 1856 371; x_wconf 77' lang='grc' dir='ltr'><strong><em>αὐτους</em></strong></span> 
     </span>
     <span class='ocr_line' id='line_1_4' title="bbox 178 390 1857 451; baseline -0.001 -12"><span class='ocrx_word' id='word_1_20' title='bbox 178 400 204 440; x_wconf 89' lang='grc'>8</span> <span class='ocrx_word' id='word_1_21' title='bbox 238 396 581 451; x_wconf 86' lang='grc' dir='ltr'><strong><em>καρτερώτατος</em></strong></span> <span class='ocrx_word' id='word_1_22' title='bbox 613 394 734 439; x_wconf 83' lang='grc' dir='ltr'><strong><em>ἐστὶν</em></strong></span> <span class='ocrx_word' id='word_1_23' title='bbox 867 399 892 437; x_wconf 84' lang='grc'>9</span> <span class='ocrx_word' id='word_1_24' title='bbox 927 390 1261 448; x_wconf 76' lang='grc' dir='ltr'><strong><em>ἐξαμαρτάνειν</em></strong></span> <span class='ocrx_word' id='word_1_25' title='bbox 1382 397 1434 437; x_wconf 94' lang='grc'><strong>11</strong></span> <span class='ocrx_word' id='word_1_26' title='bbox 1467 394 1547 438; x_wconf 83' lang='grc' dir='ltr'><strong><em>καὶ</em></strong></span> <span class='ocrx_word' id='word_1_27' title='bbox 1578 393 1714 437; x_wconf 90' lang='lat' dir='ltr'><strong>initio</strong></span> <span class='ocrx_word' id='word_1_28' title='bbox 1746 393 1857 437; x_wconf 91' lang='lat' dir='ltr'><strong>noui</strong></span> 
     </span>
     <span class='ocr_line' id='line_1_5' title="bbox 175 465 1854 527; baseline 0 -15"><span class='ocrx_word' id='word_1_29' title='bbox 175 468 280 512; x_wconf 90' lang='lat' dir='ltr'><strong>folii</strong></span> <span class='ocrx_word' id='word_1_30' title='bbox 320 472 363 525; x_wconf 81' lang='lat'><strong>(2</strong></span> <span class='ocrx_word' id='word_1_31' title='bbox 375 471 408 527; x_wconf 82' lang='lat' dir='ltr'><strong>r)</strong></span> <span class='ocrx_word' id='word_1_32' title='bbox 439 469 635 512; x_wconf 72' lang='lat' dir='ltr'><strong>iteratur</strong></span> <span class='ocrx_word' id='word_1_33' title='bbox 787 473 839 511; x_wconf 92' lang='grc'><strong>12</strong></span> <span class='ocrx_word' id='word_1_34' title='bbox 873 468 949 511; x_wconf 84' lang='grc' dir='ltr'><strong><em>καὶ</em></strong></span> <span class='ocrx_word' id='word_1_35' title='bbox 995 465 1075 510; x_wconf 81' lang='grc' dir='ltr'><strong>διὰ</strong></span> <span class='ocrx_word' id='word_1_36' title='bbox 1114 465 1347 511; x_wconf 80' lang='grc' dir='ltr'><strong><em>κινδύνων</em></strong></span> <span class='ocrx_word' id='word_1_37' title='bbox 1495 471 1552 510; x_wconf 94' lang='grc'><strong>20</strong></span> <span class='ocrx_word' id='word_1_38' title='bbox 1583 468 1854 524; x_wconf 76' lang='grc' dir='ltr'><strong><em>γιγνώσκειν</em></strong></span> 
     </span>
     <span class='ocr_line' id='line_1_6' title="bbox 177 542 920 587; baseline -0.004 0"><span class='ocrx_word' id='word_1_39' title='bbox 177 542 327 587; x_wconf 86' lang='grc' dir='ltr'><strong><em>εἰπεῖν</em></strong></span> <span class='ocrx_word' id='word_1_40' title='bbox 417 542 614 586; x_wconf 86' lang='lat' dir='ltr'><strong>lacunae</strong></span> <span class='ocrx_word' id='word_1_41' title='bbox 646 543 757 586; x_wconf 90' lang='lat' dir='ltr'><strong>nota</strong></span> <span class='ocrx_word' id='word_1_42' title='bbox 789 542 920 585; x_wconf 83' lang='lat' dir='ltr'><strong>deest</strong></span> 
     </span>
    </p>

    <p class='ocr_par' dir='ltr' id='par_1_3' title="bbox 176 611 1855 892">
     <span class='ocr_line' id='line_1_7' title="bbox 305 611 1855 672; baseline 0 -13"><span class='ocrx_word' id='word_1_43' title='bbox 305 621 403 672; x_wconf 89' lang='grc'><strong>134,</strong></span> <span class='ocrx_word' id='word_1_44' title='bbox 427 622 454 659; x_wconf 87' lang='grc'>4</span> <span class='ocrx_word' id='word_1_45' title='bbox 484 613 719 672; x_wconf 76' lang='grc' dir='ltr'><strong><em>προλέγων</em></strong></span> <span class='ocrx_word' id='word_1_46' title='bbox 779 619 804 658; x_wconf 81' lang='lat'>5</span> <span class='ocrx_word' id='word_1_47' title='bbox 837 617 1215 671; x_wconf 81' lang='grc' dir='ltr'><strong><em>φιλονεικοῦντας</em></strong></span> <span class='ocrx_word' id='word_1_48' title='bbox 1275 618 1300 657; x_wconf 89' lang='grc'>8</span> <span class='ocrx_word' id='word_1_49' title='bbox 1324 621 1386 658; x_wconf 84' lang='grc' dir='ltr'><strong>τῶ</strong></span> <span class='ocrx_word' id='word_1_50' title='bbox 1412 612 1546 669; x_wconf 81' lang='grc' dir='ltr'><em>ἑτέρω</em></span> <span class='ocrx_word' id='word_1_51' title='bbox 1609 619 1664 658; x_wconf 93' lang='grc'><strong>10</strong></span> <span class='ocrx_word' id='word_1_52' title='bbox 1682 611 1855 671; x_wconf 73' lang='grc' dir='ltr'><strong><em>ῥ’άστην</em></strong></span> 
     </span>
     <span class='ocr_line' id='line_1_8' title="bbox 179 686 1854 745; baseline -0.001 -12"><span class='ocrx_word' id='word_1_53' title='bbox 179 694 231 733; x_wconf 93' lang='grc'><strong>11</strong></span> <span class='ocrx_word' id='word_1_54' title='bbox 266 686 352 734; x_wconf 80' lang='grc' dir='ltr'><strong>οὖν</strong></span> <span class='ocrx_word' id='word_1_55' title='bbox 377 687 564 734; x_wconf 80' lang='grc' dir='ltr'><strong><em>ἐκείνων</em></strong></span> <span class='ocrx_word' id='word_1_56' title='bbox 628 693 681 732; x_wconf 90' lang='grc'><strong>16</strong></span> <span class='ocrx_word' id='word_1_57' title='bbox 714 695 808 739; x_wconf 85' lang='grc' dir='ltr'><strong><em>τοῖς</em></strong></span> <span class='ocrx_word' id='word_1_58' title='bbox 832 689 959 732; x_wconf 83' lang='grc' dir='ltr'><strong><em>δυεῖν</em></strong></span> <span class='ocrx_word' id='word_1_59' title='bbox 1021 686 1063 730; x_wconf 88' lang='grc' dir='ltr'><strong><em>εἰ</em></strong></span> <span class='ocrx_word' id='word_1_60' title='bbox 1094 686 1201 730; x_wconf 87' lang='lat' dir='ltr'><strong>dein</strong></span> <span class='ocrx_word' id='word_1_61' title='bbox 1225 686 1310 730; x_wconf 88' lang='lat' dir='ltr'><strong>VII</strong></span> <span class='ocrx_word' id='word_1_62' title='bbox 1339 687 1602 731; x_wconf 88' lang='lat' dir='ltr'><strong>litterarum</strong></span> <span class='ocrx_word' id='word_1_63' title='bbox 1634 690 1854 745; x_wconf 80' lang='lat' dir='ltr'><strong>spatium,</strong></span> 
     </span>
     <span class='ocr_line' id='line_1_9' title="bbox 177 752 1855 818; baseline 0 -12"><span class='ocrx_word' id='word_1_64' title='bbox 177 763 386 818; x_wconf 87' lang='lat' dir='ltr'><strong>sequitur</strong></span> <span class='ocrx_word' id='word_1_65' title='bbox 418 760 659 818; x_wconf 75' lang='grc' dir='ltr'><strong><em>ἑκατέρους</em></strong></span> <span class='ocrx_word' id='word_1_66' title='bbox 728 766 781 805; x_wconf 92' lang='grc'><strong>18</strong></span> <span class='ocrx_word' id='word_1_67' title='bbox 811 752 919 818; x_wconf 83' lang='lat' dir='ltr'><strong>post</strong></span> <span class='ocrx_word' id='word_1_68' title='bbox 948 760 1202 804; x_wconf 83' lang='lat' dir='ltr'><strong>fenestram</strong></span> <span class='ocrx_word' id='word_1_69' title='bbox 1231 760 1292 804; x_wconf 91' lang='lat' dir='ltr'><strong>IX</strong></span> <span class='ocrx_word' id='word_1_70' title='bbox 1323 760 1587 805; x_wconf 87' lang='lat' dir='ltr'><strong>litterarum</strong></span> <span class='ocrx_word' id='word_1_71' title='bbox 1615 761 1644 818; x_wconf 81' lang='grc' dir='ltr'><em>ἡ</em></span> <span class='ocrx_word' id='word_1_72' title='bbox 1677 759 1728 806; x_wconf 77' lang='grc' dir='ltr'><strong>δὲ</strong></span> <span class='ocrx_word' id='word_1_73' title='bbox 1761 761 1855 807; x_wconf 89' lang='grc' dir='ltr'><strong><em>ἰσο-</em></strong></span> 
     </span>
     <span class='ocr_line' id='line_1_10' title="bbox 176 833 1676 892; baseline -0.001 -12"><span class='ocrx_word' id='word_1_74' title='bbox 176 835 374 892; x_wconf 79' lang='grc' dir='ltr'><strong><em>κράτους</em></strong></span> <span class='ocrx_word' id='word_1_75' title='bbox 463 841 519 880; x_wconf 89' lang='grc'><strong>20</strong></span> <span class='ocrx_word' id='word_1_76' title='bbox 550 838 656 892; x_wconf 89' lang='lat' dir='ltr'><strong>post</strong></span> <span class='ocrx_word' id='word_1_77' title='bbox 687 835 770 878; x_wconf 88' lang='lat' dir='ltr'><strong>VH</strong></span> <span class='ocrx_word' id='word_1_78' title='bbox 799 835 1063 878; x_wconf 87' lang='lat' dir='ltr'><strong>litterarum</strong></span> <span class='ocrx_word' id='word_1_79' title='bbox 1094 834 1298 891; x_wconf 88' lang='lat' dir='ltr'><strong>spatium</strong></span> <span class='ocrx_word' id='word_1_80' title='bbox 1327 833 1676 891; x_wconf 79' lang='grc' dir='ltr'><strong><em>ἀγωνισαμένου</em></strong></span> 
     </span>
    </p>

    <p class='ocr_par' dir='ltr' id='par_1_4' title="bbox 177 905 1855 1111">
     <span class='ocr_line' id='line_1_11' title="bbox 299 905 1804 966; baseline -0.001 -13"><span class='ocrx_word' id='word_1_81' title='bbox 299 914 397 965; x_wconf 86' lang='grc'><strong>135,</strong></span> <span class='ocrx_word' id='word_1_82' title='bbox 423 914 450 952; x_wconf 87' lang='lat'>4</span> <span class='ocrx_word' id='word_1_83' title='bbox 505 909 624 953; x_wconf 81' lang='grc' dir='ltr'><strong><em>αὐτὰ</em></strong></span> <span class='ocrx_word' id='word_1_84' title='bbox 676 906 1049 965; x_wconf 80' lang='grc' dir='ltr'><strong><em>τάναγκαιότατα</em></strong></span> <span class='ocrx_word' id='word_1_85' title='bbox 1200 912 1225 951; x_wconf 89' lang='grc'><strong>6</strong></span> <span class='ocrx_word' id='word_1_86' title='bbox 1257 908 1308 952; x_wconf 88' lang='grc' dir='ltr'><strong>τὸ</strong></span> <span class='ocrx_word' id='word_1_87' title='bbox 1347 909 1474 965; x_wconf 75' lang='lat' dir='ltr'><strong>(ante</strong></span> <span class='ocrx_word' id='word_1_88' title='bbox 1511 905 1633 966; x_wconf 76' lang='grc' dir='ltr'><strong><em>ἆκρ.)</em></strong></span> <span class='ocrx_word' id='word_1_89' title='bbox 1673 909 1804 952; x_wconf 81' lang='lat' dir='ltr'><strong>deest</strong></span> 
     </span>
     <span class='ocr_line' id='line_1_12' title="bbox 179 979 1855 1039; baseline 0 -12"><span class='ocrx_word' id='word_1_90' title='bbox 179 987 203 1026; x_wconf 80' lang='lat'><strong>7</strong></span> <span class='ocrx_word' id='word_1_91' title='bbox 237 983 349 1027; x_wconf 75' lang='grc' dir='ltr'><strong><em>ἄλλα</em></strong></span> <span class='ocrx_word' id='word_1_92' title='bbox 450 989 474 1026; x_wconf 85' lang='grc'>8</span> <span class='ocrx_word' id='word_1_93' title='bbox 510 983 653 1039; x_wconf 84' lang='grc' dir='ltr'><strong><em>ἠθικῆ</em></strong></span> <span class='ocrx_word' id='word_1_94' title='bbox 754 987 778 1026; x_wconf 86' lang='grc'>9</span> <span class='ocrx_word' id='word_1_95' title='bbox 811 982 947 1038; x_wconf 83' lang='grc' dir='ltr'><strong><em>ἡδεῖα</em></strong></span> <span class='ocrx_word' id='word_1_96' title='bbox 979 981 1070 1026; x_wconf 82' lang='grc' dir='ltr'><strong><em>ἐστι</em></strong></span> <span class='ocrx_word' id='word_1_97' title='bbox 1163 987 1217 1026; x_wconf 90' lang='grc'><strong>12</strong></span> <span class='ocrx_word' id='word_1_98' title='bbox 1250 979 1471 1039; x_wconf 80' lang='grc' dir='ltr'><strong><em>ἀνείληφε</em></strong></span> <span class='ocrx_word' id='word_1_99' title='bbox 1572 987 1625 1027; x_wconf 92' lang='grc'><strong>18</strong></span> <span class='ocrx_word' id='word_1_100' title='bbox 1658 980 1855 1039; x_wconf 70' lang='grc' dir='ltr'><strong><em>ἐκμέμα-</em></strong></span> 
     </span>
     <span class='ocr_line' id='line_1_13' title="bbox 177 1055 1300 1111; baseline 0.003 -11"><span class='ocrx_word' id='word_1_101' title='bbox 177 1072 256 1101; x_wconf 86' lang='grc' dir='ltr'><strong><em>κεν</em></strong></span> <span class='ocrx_word' id='word_1_102' title='bbox 317 1055 424 1100; x_wconf 81' lang='grc' dir='ltr'><strong><em>δ’ἐν</em></strong></span> <span class='ocrx_word' id='word_1_103' title='bbox 513 1061 566 1100; x_wconf 89' lang='grc'><strong>21</strong></span> <span class='ocrx_word' id='word_1_104' title='bbox 601 1056 704 1100; x_wconf 71' lang='grc' dir='ltr'><strong><em>οὔτε</em></strong></span> <span class='ocrx_word' id='word_1_105' title='bbox 737 1063 881 1111; x_wconf 86' lang='grc' dir='ltr'><strong><em>καιρῶ</em></strong></span> <span class='ocrx_word' id='word_1_106' title='bbox 1295 1098 1300 1103; x_wconf 97' lang='grc'><em>.</em></span> 
     </span>
    </p>

    <p class='ocr_par' dir='ltr' id='par_1_5' title="bbox 174 1127 1853 1395">
     <span class='ocr_line' id='line_1_14' title="bbox 295 1127 1853 1187; baseline 0.001 -13"><span class='ocrx_word' id='word_1_107' title='bbox 295 1135 392 1186; x_wconf 87' lang='grc'><strong>136,</strong></span> <span class='ocrx_word' id='word_1_108' title='bbox 418 1135 442 1173; x_wconf 90' lang='lat'>6</span> <span class='ocrx_word' id='word_1_109' title='bbox 476 1129 641 1181; x_wconf 79' lang='grc' dir='ltr'><strong><em>εὐθίας</em></strong></span> <span class='ocrx_word' id='word_1_110' title='bbox 672 1132 725 1173; x_wconf 90' lang='lat' dir='ltr'><strong>ut</strong></span> <span class='ocrx_word' id='word_1_111' title='bbox 755 1130 943 1173; x_wconf 91' lang='lat' dir='ltr'><strong>uidetur</strong></span> <span class='ocrx_word' id='word_1_112' title='bbox 1033 1127 1474 1187; x_wconf 77' lang='grc' dir='ltr'><strong><em>ἐγκαλλοπιζομένην</em></strong></span> <span class='ocrx_word' id='word_1_113' title='bbox 1565 1134 1591 1174; x_wconf 86' lang='grc'>8</span> <span class='ocrx_word' id='word_1_114' title='bbox 1624 1131 1704 1174; x_wconf 85' lang='grc' dir='ltr'><strong><em>καὶ</em></strong></span> <span class='ocrx_word' id='word_1_115' title='bbox 1735 1131 1853 1175; x_wconf 85' lang='grc' dir='ltr'><strong><em>ἀνα-</em></strong></span> 
     </span>
     <span class='ocr_line' id='line_1_15' title="bbox 174 1202 1852 1260; baseline 0.001 -13"><span class='ocrx_word' id='word_1_116' title='bbox 174 1202 454 1260; x_wconf 81' lang='grc' dir='ltr'><strong><em>ληθεστέραν</em></strong></span> <span class='ocrx_word' id='word_1_117' title='bbox 514 1206 621 1260; x_wconf 89' lang='lat' dir='ltr'><strong>post</strong></span> <span class='ocrx_word' id='word_1_118' title='bbox 651 1219 698 1247; x_wconf 94' lang='grc' dir='ltr'><strong><em>τε</em></strong></span> <span class='ocrx_word' id='word_1_119' title='bbox 730 1204 809 1247; x_wconf 88' lang='grc' dir='ltr'><strong><em>καὶ</em></strong></span> <span class='ocrx_word' id='word_1_120' title='bbox 839 1203 1046 1247; x_wconf 83' lang='lat' dir='ltr'><strong>fenestra</strong></span> <span class='ocrx_word' id='word_1_121' title='bbox 1078 1203 1119 1246; x_wconf 92' lang='lat' dir='ltr'>X</span> <span class='ocrx_word' id='word_1_122' title='bbox 1151 1203 1416 1247; x_wconf 89' lang='lat' dir='ltr'><strong>litterarum</strong></span> <span class='ocrx_word' id='word_1_123' title='bbox 1490 1208 1542 1247; x_wconf 89' lang='grc'><strong>12</strong></span> <span class='ocrx_word' id='word_1_124' title='bbox 1577 1220 1720 1260; x_wconf 88' lang='grc' dir='ltr'><strong><em>μιγμα</em></strong></span> <span class='ocrx_word' id='word_1_125' title='bbox 1753 1204 1852 1248; x_wconf 86' lang='grc'><strong>81110</strong></span> 
     </span>
     <span class='ocr_line' id='line_1_16' title="bbox 176 1277 1852 1335; baseline 0.001 -15"><span class='ocrx_word' id='word_1_126' title='bbox 176 1279 369 1321; x_wconf 88' lang='lat' dir='ltr'><strong>accentu</strong></span> <span class='ocrx_word' id='word_1_127' title='bbox 462 1282 516 1320; x_wconf 88' lang='grc'><strong>14</strong></span> <span class='ocrx_word' id='word_1_128' title='bbox 546 1278 653 1329; x_wconf 80' lang='grc' dir='ltr'><strong><em>τοὺς</em></strong></span> <span class='ocrx_word' id='word_1_129' title='bbox 683 1281 977 1335; x_wconf 80' lang='grc' dir='ltr'><strong><em>χαρακτῆρας</em></strong></span> <span class='ocrx_word' id='word_1_130' title='bbox 1001 1277 1173 1321; x_wconf 90' lang='lat' dir='ltr'><strong>omissa</strong></span> <span class='ocrx_word' id='word_1_131' title='bbox 1259 1282 1313 1321; x_wconf 89' lang='grc'><strong>16</strong></span> <span class='ocrx_word' id='word_1_132' title='bbox 1340 1277 1599 1334; x_wconf 80' lang='grc' dir='ltr'><strong><em>ἐπιτηδεύει</em></strong></span> <span class='ocrx_word' id='word_1_133' title='bbox 1686 1281 1738 1321; x_wconf 88' lang='lat'><strong>19</strong></span> <span class='ocrx_word' id='word_1_134' title='bbox 1771 1277 1852 1335; x_wconf 79' lang='grc' dir='ltr'><strong>ἤν-</strong></span> 
     </span>
     <span class='ocr_line' id='line_1_17' title="bbox 176 1348 399 1395; baseline 0.004 -1"><span class='ocrx_word' id='word_1_135' title='bbox 176 1367 281 1394; x_wconf 85' lang='grc' dir='ltr'><strong><em>τινα</em></strong></span> <span class='ocrx_word' id='word_1_136' title='bbox 315 1348 399 1395; x_wconf 81' lang='grc' dir='ltr'><strong>οὖν</strong></span> 
     </span>
    </p>

    <p class='ocr_par' dir='ltr' id='par_1_6' title="bbox 181 1423 1852 1556">
     <span class='ocr_line' id='line_1_18' title="bbox 296 1423 1848 1482; baseline 0.002 -15"><span class='ocrx_word' id='word_1_137' title='bbox 296 1428 393 1479; x_wconf 86' lang='grc'><strong>137,</strong></span> <span class='ocrx_word' id='word_1_138' title='bbox 422 1430 442 1467; x_wconf 95' lang='grc'><strong>1</strong></span> <span class='ocrx_word' id='word_1_139' title='bbox 477 1432 611 1475; x_wconf 83' lang='grc' dir='ltr'><strong><em>πῖνος</em></strong></span> <span class='ocrx_word' id='word_1_140' title='bbox 642 1424 867 1482; x_wconf 86' lang='lat' dir='ltr'><strong>(scholion</strong></span> <span class='ocrx_word' id='word_1_141' title='bbox 900 1425 1050 1480; x_wconf 82' lang='lat' dir='ltr'><strong>adest)</strong></span> <span class='ocrx_word' id='word_1_142' title='bbox 1186 1430 1211 1467; x_wconf 90' lang='grc'><strong>2</strong></span> <span class='ocrx_word' id='word_1_143' title='bbox 1244 1423 1390 1481; x_wconf 84' lang='grc' dir='ltr'><strong><em>ἡρέμα</em></strong></span> <span class='ocrx_word' id='word_1_144' title='bbox 1527 1429 1550 1468; x_wconf 85' lang='lat'><strong>7</strong></span> <span class='ocrx_word' id='word_1_145' title='bbox 1585 1427 1848 1473; x_wconf 77' lang='grc' dir='ltr'><strong><em>καλλιεπεῖν</em></strong></span> 
     </span>
     <span class='ocr_line' id='line_1_19' title="bbox 181 1497 1852 1556; baseline 0.001 -15"><span class='ocrx_word' id='word_1_146' title='bbox 181 1499 350 1553; x_wconf 82' lang='lat' dir='ltr'><strong>textus,</strong></span> <span class='ocrx_word' id='word_1_147' title='bbox 381 1511 540 1555; x_wconf 87' lang='lat' dir='ltr'><strong>margo</strong></span> <span class='ocrx_word' id='word_1_148' title='bbox 572 1516 640 1556; x_wconf 91' lang='grc' dir='ltr'><strong>γρ.</strong></span> <span class='ocrx_word' id='word_1_149' title='bbox 674 1498 861 1543; x_wconf 77' lang='grc' dir='ltr'><strong><em>κάλλιον</em></strong></span> <span class='ocrx_word' id='word_1_150' title='bbox 893 1499 1040 1544; x_wconf 82' lang='grc' dir='ltr'><strong><em>εἰπεῖν</em></strong></span> <span class='ocrx_word' id='word_1_151' title='bbox 1137 1503 1189 1542; x_wconf 89' lang='grc'><strong>12</strong></span> <span class='ocrx_word' id='word_1_152' title='bbox 1223 1497 1531 1543; x_wconf 83' lang='grc' dir='ltr'><strong><em>ἀποτείνουσα</em></strong></span> <span class='ocrx_word' id='word_1_153' title='bbox 1618 1503 1670 1542; x_wconf 88' lang='grc'><strong>13</strong></span> <span class='ocrx_word' id='word_1_154' title='bbox 1703 1506 1852 1556; x_wconf 87' lang='grc' dir='ltr'><strong><em>χεῖται</em></strong></span> 
     </span>
    </p>
   </div>
   <div class='ocr_carea' id='block_1_3' title="bbox 175 1646 1850 2510">
    <p class='ocr_par' dir='ltr' id='par_1_7' title="bbox 175 1646 1850 2510">
     <span class='ocr_line' id='line_1_20' title="bbox 283 1646 1850 1717; baseline 0.001 -18"><span class='ocrx_word' id='word_1_155' title='bbox 283 1646 428 1700; x_wconf 87' lang='lat' dir='ltr'><strong>Haec</strong></span> <span class='ocrx_word' id='word_1_156' title='bbox 483 1648 755 1700; x_wconf 87' lang='lat' dir='ltr'><strong>sufficiunt</strong></span> <span class='ocrx_word' id='word_1_157' title='bbox 807 1652 867 1701; x_wconf 90' lang='lat' dir='ltr'><strong>ut</strong></span> <span class='ocrx_word' id='word_1_158' title='bbox 919 1648 1299 1717; x_wconf 77' lang='lat' dir='ltr'><strong>perspiciamus</strong></span> <span class='ocrx_word' id='word_1_159' title='bbox 1349 1648 1643 1700; x_wconf 88' lang='lat' dir='ltr'><strong>Barbarum</strong></span> <span class='ocrx_word' id='word_1_160' title='bbox 1701 1649 1850 1701; x_wconf 87' lang='lat' dir='ltr'><strong>nullo</strong></span> 
     </span>
     <span class='ocr_line' id='line_1_21' title="bbox 176 1736 1849 1806; baseline 0.001 -19"><span class='ocrx_word' id='word_1_161' title='bbox 176 1754 357 1788; x_wconf 89' lang='lat' dir='ltr'><strong>eorum</strong></span> <span class='ocrx_word' id='word_1_162' title='bbox 390 1736 628 1788; x_wconf 88' lang='lat' dir='ltr'><strong>codicum</strong></span> <span class='ocrx_word' id='word_1_163' title='bbox 676 1755 808 1805; x_wconf 90' lang='lat' dir='ltr'><strong>quos</strong></span> <span class='ocrx_word' id='word_1_164' title='bbox 848 1756 1007 1806; x_wconf 89' lang='lat' dir='ltr'><strong>supra</strong></span> <span class='ocrx_word' id='word_1_165' title='bbox 1054 1737 1425 1805; x_wconf 82' lang='lat' dir='ltr'><strong>descripsimus</strong></span> <span class='ocrx_word' id='word_1_166' title='bbox 1471 1755 1628 1788; x_wconf 87' lang='lat' dir='ltr'><strong>usum</strong></span> <span class='ocrx_word' id='word_1_167' title='bbox 1678 1755 1849 1789; x_wconf 82' lang='lat' dir='ltr'><strong>exem·</strong></span> 
     </span>
     <span class='ocr_line' id='line_1_22' title="bbox 177 1824 1845 1894; baseline 0.002 -19"><span class='ocrx_word' id='word_1_168' title='bbox 177 1824 294 1892; x_wconf 88' lang='lat' dir='ltr'><strong>plar</strong></span> <span class='ocrx_word' id='word_1_169' title='bbox 341 1825 468 1876; x_wconf 89' lang='lat' dir='ltr'><strong>satis</strong></span> <span class='ocrx_word' id='word_1_170' title='bbox 516 1825 795 1894; x_wconf 83' lang='lat' dir='ltr'><strong>diligenter</strong></span> <span class='ocrx_word' id='word_1_171' title='bbox 841 1825 1174 1894; x_wconf 83' lang='lat' dir='ltr'><strong>expressisse.</strong></span> <span class='ocrx_word' id='word_1_172' title='bbox 1289 1825 1400 1877; x_wconf 88' lang='lat' dir='ltr'><strong>eius</strong></span> <span class='ocrx_word' id='word_1_173' title='bbox 1438 1825 1597 1877; x_wconf 90' lang='lat' dir='ltr'><strong>lectio</strong></span> <span class='ocrx_word' id='word_1_174' title='bbox 1641 1828 1702 1877; x_wconf 92' lang='lat' dir='ltr'><strong>ut</strong></span> <span class='ocrx_word' id='word_1_175' title='bbox 1739 1825 1845 1894; x_wconf 89' lang='lat' dir='ltr'><strong>ple-</strong></span> 
     </span>
     <span class='ocr_line' id='line_1_23' title="bbox 175 1912 1850 1982; baseline 0.001 -19"><span class='ocrx_word' id='word_1_176' title='bbox 175 1930 398 1980; x_wconf 89' lang='lat' dir='ltr'><strong>rumque</strong></span> <span class='ocrx_word' id='word_1_177' title='bbox 453 1931 482 1964; x_wconf 91' lang='lat' dir='ltr'><strong>a</strong></span> <span class='ocrx_word' id='word_1_178' title='bbox 533 1913 635 1965; x_wconf 89' lang='lat' dir='ltr'><strong>fide</strong></span> <span class='ocrx_word' id='word_1_179' title='bbox 690 1914 882 1966; x_wconf 91' lang='lat' dir='ltr'><strong>codicis</strong></span> <span class='ocrx_word' id='word_1_180' title='bbox 932 1912 1274 1966; x_wconf 88' lang='lat' dir='ltr'><strong>Ambrosiani</strong></span> <span class='ocrx_word' id='word_1_181' title='bbox 1328 1931 1493 1982; x_wconf 91' lang='lat' dir='ltr'><strong>prope</strong></span> <span class='ocrx_word' id='word_1_182' title='bbox 1547 1913 1720 1982; x_wconf 79' lang='lat' dir='ltr'><strong>abest,</strong></span> <span class='ocrx_word' id='word_1_183' title='bbox 1774 1914 1850 1965; x_wconf 84' lang='lat' dir='ltr'><strong>ita</strong></span> 
     </span>
     <span class='ocr_line' id='line_1_24' title="bbox 176 2001 1848 2071; baseline 0.002 -20"><span class='ocrx_word' id='word_1_184' title='bbox 176 2018 572 2069; x_wconf 83' lang='lat' dir='ltr'><strong>nonnumquam</strong></span> <span class='ocrx_word' id='word_1_185' title='bbox 611 2002 779 2054; x_wconf 87' lang='lat' dir='ltr'><strong>ueluti</strong></span> <span class='ocrx_word' id='word_1_186' title='bbox 816 2021 865 2070; x_wconf 86' lang='lat' dir='ltr'><strong>p.</strong></span> <span class='ocrx_word' id='word_1_187' title='bbox 909 2002 1027 2071; x_wconf 84' lang='lat'>136,</span> <span class='ocrx_word' id='word_1_188' title='bbox 1052 2002 1084 2054; x_wconf 89' lang='grc'><strong>6</strong></span> <span class='ocrx_word' id='word_1_189' title='bbox 1125 2005 1178 2054; x_wconf 87' lang='lat' dir='ltr'><strong>et</strong></span> <span class='ocrx_word' id='word_1_190' title='bbox 1217 2002 1248 2054; x_wconf 87' lang='grc'>8</span> <span class='ocrx_word' id='word_1_191' title='bbox 1290 2020 1409 2054; x_wconf 90' lang='lat' dir='ltr'><strong>cum</strong></span> <span class='ocrx_word' id='word_1_192' title='bbox 1449 2002 1718 2054; x_wconf 81' lang='lat' dir='ltr'><strong>codicibus</strong></span> <span class='ocrx_word' id='word_1_193' title='bbox 1757 2001 1848 2054; x_wconf 92' lang='lat' dir='ltr'><strong>PB</strong></span> 
     </span>
     <span class='ocr_line' id='line_1_25' title="bbox 177 2088 1847 2159; baseline 0.002 -20"><span class='ocrx_word' id='word_1_194' title='bbox 177 2088 544 2157; x_wconf 82' lang='lat' dir='ltr'><strong>cognationem</strong></span> <span class='ocrx_word' id='word_1_195' title='bbox 576 2108 700 2157; x_wconf 89' lang='lat' dir='ltr'><strong>prae</strong></span> <span class='ocrx_word' id='word_1_196' title='bbox 726 2108 779 2142; x_wconf 90' lang='lat' dir='ltr'><strong>se</strong></span> <span class='ocrx_word' id='word_1_197' title='bbox 803 2090 919 2142; x_wconf 88' lang='lat' dir='ltr'><strong>fert.</strong></span> <span class='ocrx_word' id='word_1_198' title='bbox 982 2109 1140 2159; x_wconf 87' lang='lat' dir='ltr'><strong>quam</strong></span> <span class='ocrx_word' id='word_1_199' title='bbox 1173 2090 1240 2142; x_wconf 93' lang='lat' dir='ltr'><strong>ob</strong></span> <span class='ocrx_word' id='word_1_200' title='bbox 1273 2108 1384 2142; x_wconf 89' lang='lat' dir='ltr'><strong>rem</strong></span> <span class='ocrx_word' id='word_1_201' title='bbox 1409 2089 1710 2143; x_wconf 87' lang='lat' dir='ltr'><strong>Marcianus</strong></span> <span class='ocrx_word' id='word_1_202' title='bbox 1742 2108 1847 2142; x_wconf 90' lang='lat' dir='ltr'><strong>una</strong></span> 
     </span>
     <span class='ocr_line' id='line_1_26' title="bbox 176 2176 1848 2247; baseline 0.001 -18"><span class='ocrx_word' id='word_1_203' title='bbox 176 2194 298 2229; x_wconf 86' lang='lat' dir='ltr'><strong>cum</strong></span> <span class='ocrx_word' id='word_1_204' title='bbox 328 2176 385 2228; x_wconf 91' lang='lat' dir='ltr'>M</span> <span class='ocrx_word' id='word_1_205' title='bbox 424 2177 488 2228; x_wconf 88' lang='lat' dir='ltr'><strong>ad</strong></span> <span class='ocrx_word' id='word_1_206' title='bbox 526 2178 903 2230; x_wconf 88' lang='lat' dir='ltr'><strong>restituendam</strong></span> <span class='ocrx_word' id='word_1_207' title='bbox 943 2179 1217 2247; x_wconf 83' lang='lat' dir='ltr'><strong>archetypi</strong></span> <span class='ocrx_word' id='word_1_208' title='bbox 1256 2177 1537 2231; x_wconf 90' lang='lat' dir='ltr'><strong>lectionem</strong></span> <span class='ocrx_word' id='word_1_209' title='bbox 1573 2179 1695 2231; x_wconf 91' lang='lat' dir='ltr'><strong>usui</strong></span> <span class='ocrx_word' id='word_1_210' title='bbox 1735 2179 1848 2231; x_wconf 87' lang='lat' dir='ltr'><strong>erit.</strong></span> 
     </span>
     <span class='ocr_line' id='line_1_27' title="bbox 178 2265 1850 2336; baseline 0.002 -20"><span class='ocrx_word' id='word_1_211' title='bbox 178 2265 543 2332; x_wconf 88' lang='lat' dir='ltr'><strong>supplementa</strong></span> <span class='ocrx_word' id='word_1_212' title='bbox 580 2265 887 2318; x_wconf 86' lang='lat' dir='ltr'><strong>lacunarum</strong></span> <span class='ocrx_word' id='word_1_213' title='bbox 927 2285 991 2319; x_wconf 86' lang='lat' dir='ltr'><strong>ex</strong></span> <span class='ocrx_word' id='word_1_214' title='bbox 1029 2267 1171 2320; x_wconf 91' lang='lat' dir='ltr'><strong>docti</strong></span> <span class='ocrx_word' id='word_1_215' title='bbox 1209 2266 1415 2319; x_wconf 90' lang='lat' dir='ltr'><strong>librarii</strong></span> <span class='ocrx_word' id='word_1_216' title='bbox 1457 2267 1670 2336; x_wconf 89' lang='lat' dir='ltr'><strong>ingenio</strong></span> <span class='ocrx_word' id='word_1_217' title='bbox 1710 2270 1850 2335; x_wconf 79' lang='lat' dir='ltr'><strong>nata,</strong></span> 
     </span>
     <span class='ocr_line' id='line_1_28' title="bbox 178 2338 1848 2424; baseline 0.002 -21"><span class='ocrx_word' id='word_1_218' title='bbox 178 2371 285 2404; x_wconf 90' lang='lat' dir='ltr'><strong>non</strong></span> <span class='ocrx_word' id='word_1_219' title='bbox 324 2371 387 2404; x_wconf 85' lang='lat' dir='ltr'><strong>ex</strong></span> <span class='ocrx_word' id='word_1_220' title='bbox 419 2353 658 2421; x_wconf 86' lang='lat' dir='ltr'><strong>exemplo</strong></span> <span class='ocrx_word' id='word_1_221' title='bbox 690 2355 913 2422; x_wconf 87' lang='lat' dir='ltr'><strong>repetita</strong></span> <span class='ocrx_word' id='word_1_222' title='bbox 944 2338 1056 2408; x_wconf 86' lang='lat' dir='ltr'><strong>esse</strong></span> <span class='ocrx_word' id='word_1_223' title='bbox 1088 2355 1415 2424; x_wconf 87' lang='lat' dir='ltr'><strong>reliquorum</strong></span> <span class='ocrx_word' id='word_1_224' title='bbox 1457 2355 1695 2407; x_wconf 89' lang='lat' dir='ltr'><strong>codicum</strong></span> <span class='ocrx_word' id='word_1_225' title='bbox 1728 2373 1848 2407; x_wconf 86' lang='lat' dir='ltr'><strong>con-</strong></span> 
     </span>
     <span class='ocr_line' id='line_1_29' title="bbox 179 2440 1846 2510; baseline 0.002 -19"><span class='ocrx_word' id='word_1_226' title='bbox 179 2458 363 2492; x_wconf 88' lang='lat' dir='ltr'><strong>sensus</strong></span> <span class='ocrx_word' id='word_1_227' title='bbox 389 2441 551 2493; x_wconf 89' lang='lat' dir='ltr'><strong>docet.</strong></span> <span class='ocrx_word' id='word_1_228' title='bbox 592 2440 886 2510; x_wconf 87' lang='lat' dir='ltr'><strong>Cognatum</strong></span> <span class='ocrx_word' id='word_1_229' title='bbox 904 2442 1109 2496; x_wconf 89' lang='lat' dir='ltr'><strong>Veneto</strong></span> <span class='ocrx_word' id='word_1_230' title='bbox 1135 2462 1248 2496; x_wconf 90' lang='lat' dir='ltr'><strong>esse</strong></span> <span class='ocrx_word' id='word_1_231' title='bbox 1274 2444 1384 2496; x_wconf 91' lang='lat' dir='ltr'><strong>cod.</strong></span> <span class='ocrx_word' id='word_1_232' title='bbox 1401 2443 1758 2495; x_wconf 89' lang='lat' dir='ltr'><strong>Mutinensem</strong></span> <span class='ocrx_word' id='word_1_233' title='bbox 1777 2443 1846 2495; x_wconf 82' lang='lat'><strong>68</strong></span> 
     </span>
    </p>
   </div>
   <div class='ocr_carea' id='block_1_4' title="bbox 179 2527 1712 2600">
    <p class='ocr_par' dir='ltr' id='par_1_8' title="bbox 179 2527 1712 2600">
     <span class='ocr_line' id='line_1_30' title="bbox 179 2527 1712 2600; baseline 0.001 -20"><span class='ocrx_word' id='word_1_234' title='bbox 179 2527 268 2598; x_wconf 88' lang='lat' dir='ltr'><strong>(cf.</strong></span> <span class='ocrx_word' id='word_1_235' title='bbox 303 2527 448 2581; x_wconf 85' lang='lat' dir='ltr'><strong>Stud.</strong></span> <span class='ocrx_word' id='word_1_236' title='bbox 490 2528 597 2580; x_wconf 83' lang='lat' dir='ltr'><strong>ital.</strong></span> <span class='ocrx_word' id='word_1_237' title='bbox 629 2529 678 2596; x_wconf 81' lang='lat'><strong>4,</strong></span> <span class='ocrx_word' id='word_1_238' title='bbox 710 2529 842 2600; x_wconf 82' lang='lat'>430)</span> <span class='ocrx_word' id='word_1_239' title='bbox 883 2535 994 2598; x_wconf 90' lang='lat' dir='ltr'><strong>ipse</strong></span> <span class='ocrx_word' id='word_1_240' title='bbox 1035 2532 1162 2584; x_wconf 92' lang='lat' dir='ltr'><strong>ordo</strong></span> <span class='ocrx_word' id='word_1_241' title='bbox 1202 2532 1462 2584; x_wconf 88' lang='lat' dir='ltr'><strong>librorum</strong></span> <span class='ocrx_word' id='word_1_242' title='bbox 1501 2531 1712 2583; x_wconf 87' lang='lat' dir='ltr'><strong>indicat.</strong></span> 
     </span>
    </p>
   </div>
   <div class='ocr_carea' id='block_1_5' title="bbox 179 2630 1848 2963">
    <p class='ocr_par' dir='ltr' id='par_1_9' title="bbox 179 2630 1848 2963">
     <span class='ocr_line' id='line_1_31' title="bbox 289 2630 1847 2701; baseline 0.001 -19"><span class='ocrx_word' id='word_1_243' title='bbox 289 2630 374 2683; x_wconf 88' lang='lat' dir='ltr'><strong>Ad</strong></span> <span class='ocrx_word' id='word_1_244' title='bbox 412 2631 601 2683; x_wconf 87' lang='lat' dir='ltr'><strong>horum</strong></span> <span class='ocrx_word' id='word_1_245' title='bbox 642 2631 806 2701; x_wconf 89' lang='lat' dir='ltr'><strong>igitur</strong></span> <span class='ocrx_word' id='word_1_246' title='bbox 844 2633 1268 2701; x_wconf 83' lang='lat' dir='ltr'><strong>apographorum</strong></span> <span class='ocrx_word' id='word_1_247' title='bbox 1307 2634 1465 2687; x_wconf 88' lang='lat' dir='ltr'><strong>fidem</strong></span> <span class='ocrx_word' id='word_1_248' title='bbox 1497 2633 1723 2701; x_wconf 82' lang='lat' dir='ltr'><strong>exempli</strong></span> <span class='ocrx_word' id='word_1_249' title='bbox 1765 2633 1847 2685; x_wconf 90' lang='lat' dir='ltr'><strong>de-</strong></span> 
     </span>
     <span class='ocr_line' id='line_1_32' title="bbox 179 2719 1848 2789; baseline 0.001 -17"><span class='ocrx_word' id='word_1_250' title='bbox 179 2719 372 2789; x_wconf 87' lang='lat' dir='ltr'><strong>perditi</strong></span> <span class='ocrx_word' id='word_1_251' title='bbox 422 2719 675 2771; x_wconf 88' lang='lat' dir='ltr'><strong>memoria</strong></span> <span class='ocrx_word' id='word_1_252' title='bbox 728 2719 1067 2771; x_wconf 86' lang='lat' dir='ltr'><strong>instauranda</strong></span> <span class='ocrx_word' id='word_1_253' title='bbox 1121 2725 1213 2773; x_wconf 89' lang='lat' dir='ltr'><strong>est.</strong></span> <span class='ocrx_word' id='word_1_254' title='bbox 1313 2722 1462 2775; x_wconf 90' lang='lat' dir='ltr'><strong>cuius</strong></span> <span class='ocrx_word' id='word_1_255' title='bbox 1523 2722 1633 2773; x_wconf 88' lang='lat' dir='ltr'><strong>fata</strong></span> <span class='ocrx_word' id='word_1_256' title='bbox 1692 2721 1848 2773; x_wconf 87' lang='lat' dir='ltr'><strong>facile</strong></span> 
     </span>
     <span class='ocr_line' id='line_1_33' title="bbox 182 2807 1848 2877; baseline 0.002 -18"><span class='ocrx_word' id='word_1_257' title='bbox 182 2808 526 2875; x_wconf 82' lang='lat' dir='ltr'><strong>diuinaueriS,</strong></span> <span class='ocrx_word' id='word_1_258' title='bbox 574 2807 619 2859; x_wconf 89' lang='lat' dir='ltr'><strong>si</strong></span> <span class='ocrx_word' id='word_1_259' title='bbox 667 2825 770 2875; x_wconf 90' lang='lat' dir='ltr'><strong>quo</strong></span> <span class='ocrx_word' id='word_1_260' title='bbox 819 2807 999 2859; x_wconf 86' lang='lat' dir='ltr'><strong>ordine</strong></span> <span class='ocrx_word' id='word_1_261' title='bbox 1039 2808 1285 2876; x_wconf 86' lang='lat' dir='ltr'><strong>Dionysii</strong></span> <span class='ocrx_word' id='word_1_262' title='bbox 1325 2809 1578 2877; x_wconf 79' lang='lat' dir='ltr'><strong>opuscula</strong></span> <span class='ocrx_word' id='word_1_263' title='bbox 1616 2810 1671 2861; x_wconf 90' lang='lat' dir='ltr'><strong>in</strong></span> <span class='ocrx_word' id='word_1_264' title='bbox 1710 2809 1848 2861; x_wconf 91' lang='lat' dir='ltr'><strong>codi-</strong></span> 
     </span>
     <span class='ocr_line' id='line_1_34' title="bbox 180 2895 1500 2963; baseline 0.001 -15"><span class='ocrx_word' id='word_1_265' title='bbox 180 2896 333 2948; x_wconf 90' lang='lat' dir='ltr'><strong>cibus</strong></span> <span class='ocrx_word' id='word_1_266' title='bbox 373 2895 610 2948; x_wconf 88' lang='lat' dir='ltr'><strong>ferantur</strong></span> <span class='ocrx_word' id='word_1_267' title='bbox 649 2896 1029 2963; x_wconf 80' lang='lat' dir='ltr'><strong>conparaueris,</strong></span> <span class='ocrx_word' id='word_1_268' title='bbox 1107 2896 1321 2948; x_wconf 84' lang='lat' dir='ltr'><strong>exhibet</strong></span> <span class='ocrx_word' id='word_1_269' title='bbox 1360 2898 1500 2950; x_wconf 83' lang='lat' dir='ltr'><strong>enim</strong></span> 
     </span>
    </p>
   </div>
  </div>
 </body>
</html>
