2004 3202
232 99 343 154 384
649 102 990 146 ΔΙΟΝΤΣῙΟΤ
1019 101 1492 146 ΑΛΙΚΑΡΝΑΣΕΩΣ

232 235 323 289 καὶ
355 238 556 304 λόγους
587 235 944 303 ἀποδίδωσιν,
985 237 1137 298 οἴους
1169 236 1313 299 εἰκὸς
1344 233 1414 304 ἦν
1443 237 1551 290 ὑπὸ
1585 236 1914 307 ἀμφοτέρων

233 326 515 394 εἰρῆσθαι,
569 334 684 387 τοῖς
736 325 862 393 <τε>
916 324 1234 394 προσώποις
1294 323 1603 395 πρέποντας
1655 323 1746 378 καὶ
1800 335 1915 388 τοῖς
1985 321 1987 324 ’

232 414 550 483 πράγμασιν
589 415 825 475 οἰκείους
870 411 961 464 καὶ
1000 411 1119 481 μήτ’
1160 411 1510 476 ἐλλείποντας
1547 421 1646 467 τοῦ
1689 417 1915 484 μετρίου

233 503 364 570 μήτε
396 502 812 573 ὑπεραίροντας,
845 500 984 565 λέξει
1016 521 1074 554 τε
1103 503 1438 570 κεκόσμηκεν
1463 502 1665 564 αὐτοὺς
1695 507 1918 573 καθαρᾷ

187 610 210 642 5
233 588 324 642 καὶ
363 599 527 659 σαφεῖ
564 589 653 642 καὶ
694 592 946 661 συντόμῳ
985 588 1076 642 καὶ
1115 590 1210 652 τὰς
1250 591 1417 652 ἄλλας
1457 589 1650 661 ἀρετὰς
1689 590 1915 661 ἐχούσῃ·

233 681 334 747 τήν
372 699 429 731 τε
469 679 740 748 ἁρμονίαν
780 677 953 740 οὕτως
993 680 1231 731 ἔναυλον
1269 678 1619 732 ἀποδέδωκεν
1658 681 1768 748 ἅμα
1807 698 1914 729 *ss*

233 776 349 830 τοῖς
386 767 631 835 ἡδίστοις
668 765 1148 837 παρεξετάζεσθαι·
1200 768 1345 820 ρΤοῦ
1395 765 1442 820 δ’
1491 767 1915 837 ἐπιγιγνομένου

231 854 437 926 θέρους
476 856 528 908 οἱ
568 857 1011 924 Πελοποννήσιοι
1049 854 1140 908 καὶ
1180 858 1233 909 οἱ
1273 854 1542 926 ξύμμαχοι
1583 856 1637 918 ἐς
1675 853 1776 925 μὲν
1814 858 1916 925 τὴν

225 942 475 1012 Ἀττικὴν
515 945 614 998 οὐκ
655 944 941 1014 ἐσέβαλον,
983 945 1348 1016 ἐστράτευσαν
1387 943 1435 998 δ’
1477 939 1564 998 ἐπὶ
1605 946 1913 998 Πλάταιαν·

167 1056 208 1086 10
231 1033 414 1100 ἡγεῖτο
477 1032 529 1086 δ’
577 1032 904 1103 Ἀρχίδαμος
965 1034 993 1087 ὁ
1053 1033 1397 1103 Ζευξιδάμου
1459 1035 1915 1103 Λακεδαιμονίων

232 1123 510 1189 βασιλεύς·
550 1121 641 1175 καὶ
680 1125 917 1185 καθίσας
955 1124 1053 1176 τὸν
1092 1124 1328 1193 στρατὸν
1378 1123 1383 1192 Ι
1436 1124 1624 1192 ἔμελλε
1664 1123 1900 1192 δῃώσειν
1917 1139 1993 1178 901

231 1210 332 1277 τὴν
370 1217 488 1278 γῆν.
567 1211 619 1262 οἱ
659 1207 719 1262 δὲ
759 1213 1057 1272 Πλαταιεῖς
1103 1210 1276 1272 εὐθὺς
1313 1209 1568 1281 πρέσβεις
1605 1210 1915 1279 πέμψαντες

230 1298 367 1367 πρὸς
407 1298 576 1351 αὐτὸν
622 1301 814 1366 ἔλεγον
863 1300 1067 1352 τοιάδε·
1107 1297 1399 1369 Ἀρχίδαμε
1444 1297 1535 1352 καὶ
1575 1301 1915 1369 Λακεδαιμό-

231 1406 368 1454 νιοι,
424 1386 490 1439 οὐ
549 1388 733 1440 δίκαια
786 1397 992 1441 ποιεῖτε
1047 1384 1178 1440 οὐδὲ
1232 1387 1356 1452 ἀξια
1411 1386 1537 1440 οὔθ’
1576 1389 1732 1457 ὑμῶν
1786 1389 1913 1440 οὔτε

165 1498 207 1529 15
230 1474 481 1544 πατέρων
513 1471 591 1529 ὧν
624 1475 757 1544 ἐστε,
799 1476 852 1538 ἐς
884 1485 990 1545 γῆν
1020 1477 1121 1544 τὴν
1153 1475 1478 1529 Πλαταιέων
1511 1477 1912 1546 στρατεύοντες.

232 1567 558 1626 Παυσανίας
590 1565 693 1634 γὰρ
727 1564 755 1617 ὁ
789 1567 1184 1635 Κλεομβρότου
1217 1566 1652 1633 Λακεδαιμόνιος
1693 1565 1913 1626 ἐλευθε-

232 1654 411 1722 ρώσας
457 1653 558 1720 τὴν
597 1651 833 1705 Ἑλλάδα
887 1653 991 1705 ἀπὸ
1039 1663 1149 1706 τῶν
1194 1654 1411 1721 Μήδων
1461 1655 1594 1722 μετὰ
1633 1653 1913 1723 Ἑλλήνων

231 1750 341 1792 τῶν
389 1740 774 1809 ἐθελησάντων
821 1743 1170 1812 συνάρασθαι
1217 1750 1316 1795 τοῦ
1361 1743 1632 1795 κινδύνου
1677 1741 1769 1796 καὶ
1818 1751 1913 1812 τῆς

231 1830 420 1898 μάχης,
460 1830 492 1897 ἢ
533 1829 658 1898 παρ’
705 1830 837 1899 ἡμῖν
877 1829 1109 1898 ἐγένετο,
1148 1831 1330 1892 θύσας
1370 1830 1431 1882 ἐν
1477 1839 1539 1901 τῇ
1589 1831 1913 1885 Πλαταιέων

163 1939 208 1971 20
232 1917 409 1989 ἀγορᾷ
448 1920 566 1988 ἱερὰ
597 1917 696 1971 Διὶ
730 1919 1028 1991 ἐλευθερίῳ
1060 1917 1151 1971 καὶ
1184 1919 1515 1988 ξυγκαλέσας
1545 1920 1752 1982 πάντας
1783 1922 1912 1983 τοὺς

233 2008 574 2076 συμμάχους,
627 2007 893 2060 ἀπεδίδου
935 2011 1273 2061 Πλαταιεῦσι
1329 2015 1434 2076 γῆν
1479 2007 1570 2060 καὶ
1607 2010 1773 2060 πόλιν
1811 2008 1912 2075 τὴν

232 2094 503 2164 σφετέραν
557 2098 780 2164 ἔχοντας
834 2096 1176 2165 αὐτονόμους
1232 2098 1426 2164 οἰκεῖν,
1483 2099 1812 2167 στρατεῦσαί
1853 2115 1910 2148 τε

229 2183 437 2252 μηδένα
483 2182 613 2237 ποτε
661 2184 861 2247 ἀδίκως
909 2184 987 2238 ἐπ’
1027 2185 1229 2248 αὐτοὺς
1268 2184 1392 2254 μηδ’
1434 2183 1521 2238 ἐπὶ
1569 2186 1815 2256 δουλείᾳ·
1863 2186 1911 2237 εἰ

351 2348 374 2385 7
408 2343 537 2387 Thuc
561 2345 603 2387 Π
629 2349 680 2387 71

352 2494 374 2531 1
410 2488 555 2548 οἴους]
589 2491 667 2542 οὓς
691 2491 816 2535 MPf
902 2497 927 2535 2
960 2509 1007 2537 τε
1031 2492 1207 2536 inserui
1298 2498 1322 2535 3
1357 2491 1467 2547 μήτε
1499 2490 1741 2542 λείποντας
1763 2491 1905 2535 MPf:

230 2562 333 2591 corr
362 2548 577 2592 Reiskius
714 2557 739 2593 6
773 2553 931 2601 αὐτοῖς
961 2555 1069 2608 post
1102 2551 1298 2596 ἔναυλον
1331 2552 1490 2595 deesse
1523 2551 1566 2594 ci
1597 2551 1860 2607 Kruegerus
1898 2553 1901 2603 i

232 2606 349 2663 ἅμα]
383 2605 490 2657 ὤςτε
524 2607 566 2650 ei
590 2608 819 2652 Reiskius.
861 2610 1100 2654 intercidit
1132 2625 1250 2653 unus
1282 2624 1442 2654 uersus
1537 2615 1589 2653 12
1615 2614 1840 2666 πλαταιῆς
1867 2611 1924 2654 Θ·

234 2669 281 2709 et
311 2665 433 2709 infra
526 2672 578 2709 14
611 2665 826 2724 δι’καΗκα
858 2669 893 2710 Ρ
922 2672 926 2725 l
956 2671 1059 2713 οὔτε
1093 2669 1200 2722 ἄξια
1233 2685 1255 2712 r
1370 2675 1423 2713 15
1457 2665 1522 2712 ὧν
1555 2683 1630 2712 om
1660 2668 1731 2710 Ml
1759 2668 1763 2726 Ι
1792 2672 1907 2712 πλα-

231 2732 376 2768 ταιῶν
400 2727 453 2768 ut
477 2724 596 2768 solet
613 2727 664 2770 Θ.
692 2725 813 2768 infra
838 2731 937 2782 386,
959 2734 979 2770 1
1008 2729 1151 2772 etiam
1174 2728 1308 2772 Dion.
1463 2732 1516 2771 18
1542 2727 1838 2781 ξυνάρασθαι
1862 2727 1901 2785 f}

232 2790 313 2826 τοῦ
346 2787 452 2839 (τῶν
483 2784 548 2885 MR
579 2784 801 2828 κινδύνου
833 2786 913 2828 καὶ
944 2787 1057 2831 MP:
1099 2788 1179 2831 τὸν
1219 2786 1443 2832 κίνδυνον
1466 2786 1538 2830 f&
1717 2787 1785 2828 2Ο’
1805 2785 1907 2840 ἱερὰ

233 2843 301 2886 διὶ
332 2842 518 2898 ἐλευθερ
542 2860 575 2885 ω
601 2843 693 2885 ΜΡ
725 2857 828 2885 cum
863 2844 969 2889 OG:
1013 2844 1096 2888 Διῒ
1123 2844 1370 2905 ἐλευθερίῳ
1403 2843 1504 2899 ἱερὰ
1527 2844 1596 2888 f&
1717 2850 1769 2887 21
1798 2846 1907 2900 ξυμ-

231 2901 407 2960 μάχους
437 2901 488 2958 fl
516 2904 811 2945 πλαταιεῦσιν
837 2902 871 2944 Ρ
994 2909 1048 2946 23
1084 2902 1200 2961 μηδὲ
1234 2906 1282 2947 Μ
