1958 3192
754 152 1132 196 -ΧΧΠῙ-

329 289 378 332 Μ
644 287 910 331 Marcianus
1163 285 1199 328 P
1568 285 1605 327 B

150 379 212 422 de
237 379 329 421 ant.
358 390 419 422 or.
444 377 465 419 I
600 375 657 419 de
681 374 918 419 Demosth.
1004 374 1061 418 de
1093 373 1301 430 Thucyd.
1409 373 1466 416 de
1499 375 1592 416 ant.
1628 386 1690 417 or.
1723 373 1744 415 I

152 466 223 508 ep.
260 451 323 494 ad
346 451 505 508 Pomp.
600 463 669 506 ep.
697 450 758 492 ad
774 449 921 493 Amm.
1004 447 1061 491 de
1092 446 1330 491 Demosth.
1410 460 1478 503 ep.
1507 448 1580 491 ad.
1606 446 1765 503 Pomp.

149 526 211 569 de
240 525 511 582 Thucydide
599 523 657 567 de
682 526 777 567 ant.
804 536 866 566 or.
892 523 913 565 I
1003 535 1073 578 ep.
1118 521 1179 564 ad
1210 521 1360 565 Amm.
1427 541 1462 569 ,-

153 599 211 643 de
242 598 551 643 Demosthene
598 611 668 654 ep.
696 597 757 640 ad
780 597 938 654 Pomp.
1002 596 1059 640 de
1081 597 1174 639 ant.
1195 608 1256 639 or.
1283 595 1303 637 I
1410 594 1466 638 de
1499 594 1735 638 Demosth.

153 686 222 729 ep.
257 672 317 715 ad
341 672 489 715 Amm.
598 671 655 715 de
687 670 894 726 Thucyd.
1002 683 1070 727 ep.
1099 669 1159 712 ad
1176 669 1334 726 Pomp.
1408 682 1478 725 ep.
1506 669 1567 711 ad
1591 669 1739 711 Amm.

103 811 347 877 apparet,
400 807 611 876 opinor,
665 804 966 874 exemplum
1003 805 1234 874 primum
1268 805 1344 857 ita
1393 803 1628 857 solutum
1668 822 1783 856 esse

104 901 167 950 ut
216 897 347 948 duae
395 899 572 964 partes
622 898 799 948 essent
837 892 862 945 I
910 893 972 946 de
1015 897 1120 946 ant.
1159 911 1232 946 or.
1271 908 1292 945 1
1375 912 1454 962 ep.
1493 893 1560 945 ad
1596 891 1783 962 Pomp.

104 985 171 1037 de
209 984 515 1053 Thucydide
660 981 714 1035 II
753 983 815 1035 de
853 981 1209 1035 Demosthene
1263 1000 1384 1034 cum
1438 981 1668 1050 epistula
1717 982 1783 1034 ad

105 1072 442 1126 Ammaeum:
487 1072 573 1124 his
613 1071 868 1140 separatis
915 1074 968 1123 et
997 1071 1336 1139 transpositis
1384 1089 1504 1123 eum
1544 1071 1780 1124 ordinem

104 1165 290 1214 natum
337 1179 450 1214 esse
504 1179 661 1229 quem
715 1159 877 1212 codex
928 1158 1228 1212 Marcianus
1282 1162 1336 1211 et
1389 1159 1568 1228 aliquo
1622 1159 1780 1212 modo

102 1250 379 1303 Palatinus
417 1267 541 1318 prae
589 1266 643 1301 se
681 1248 799 1300 fert.
876 1247 1121 1315 deinceps
1161 1266 1191 1299 a
1228 1248 1403 1316 priore
1448 1251 1599 1316 parte
1638 1247 1780 1301 auol-

101 1357 222 1392 sum
261 1355 374 1390 esse
413 1337 667 1389 iudicium
707 1336 769 1388 de
801 1335 1125 1404 Thucydide,
1163 1339 1224 1388 ut
1261 1336 1421 1388 huius
1454 1354 1664 1405 quoque
1703 1336 1780 1388 in-

100 1430 244 1479 certa
283 1426 429 1478 sedes
469 1428 622 1494 esset,
661 1424 871 1493 qualem
911 1425 967 1476 in
1006 1424 1118 1476 cod.
1149 1423 1394 1476 Palatino
1426 1424 1606 1477 uidere
1638 1425 1778 1478 licet.

98 1519 216 1568 tum
262 1514 528 1567 interiisse
580 1513 835 1565 iudicium
890 1513 953 1565 de
992 1512 1326 1582 Thucydide,
1379 1515 1484 1582 q'uo
1536 1513 1779 1581 priuatus

94 1607 181 1656 est
233 1603 398 1656 codex
445 1602 732 1654 Parisinus.
806 1604 1137 1670 postremum
1195 1601 1400 1670 reliqua
1454 1619 1665 1670 quoque
1715 1621 1779 1655 ex

95 1709 334 1761 conpage
374 1690 550 1744 soluta
587 1693 640 1743 et
678 1708 779 1743 usu
818 1690 1012 1742 detrita
1042 1689 1284 1759 neglecta
1322 1694 1375 1742 et
1407 1690 1611 1742 abiecta
1649 1709 1779 1743 esse.

209 1793 355 1846 Haec
386 1812 508 1847 cum
539 1794 615 1846 ita
646 1794 768 1858 sint,
801 1793 1031 1846 efficitur
1061 1797 1123 1846 ut
1155 1793 1284 1846 artis
1315 1793 1610 1846 rhetoricae
1644 1813 1777 1863 quae

94 1883 282 1951 fertur,
313 1882 570 1951 epistulae
601 1882 668 1934 ad
690 1881 1007 1935 Ammaeum
1041 1883 1103 1935 de
1135 1882 1460 1951 Thucydidis
1492 1882 1776 1948 idiomatis,

93 1971 383 2041 fragmenti
430 1971 688 2024 librorum
750 1971 814 2024 de
875 1971 1173 2023 imitatione
1234 1971 1491 2023 memoria
1551 1972 1607 2023 in
1667 1990 1774 2024 uno

97 2063 232 2113 teste
269 2059 558 2112 Parisiensi
587 2058 695 2131 (P),
733 2060 859 2112 libri
898 2060 960 2112 de
999 2059 1269 2112 Dinarcho
1310 2060 1365 2112 in
1404 2077 1511 2112 uno
1544 2059 1775 2112 Lauren-

35 2198 38 2204 .
91 2148 240 2201 tiano
289 2146 395 2220 (F),
440 2149 698 2201 librorum
746 2149 808 2201 de
854 2147 1164 2217 Thucydide
1211 2151 1265 2201 et
1310 2148 1372 2200 de
1413 2148 1774 2201 Demosthene

91 2237 547 2306 epistularumque
587 2237 653 2289 ad
682 2237 997 2306 Pompeium
1036 2240 1090 2289 et
1128 2237 1194 2288 ad
1223 2235 1540 2288 Ammaeum
1573 2237 1628 2288 in
1667 2255 1773 2290 uno

95 2324 189 2378 illo
228 2325 468 2394 exemplo
508 2325 733 2394 nitatur,
780 2325 929 2378 cuius
969 2325 1277 2395 apographa
1315 2325 1472 2377 modo
1518 2343 1773 2378 memora-

20 2398 41 2467 ί,
94 2414 269 2466 uimus
294 2412 397 2485 (S).
447 2417 632 2466 contra
669 2414 794 2466 libri
834 2414 896 2466 de
928 2414 1310 2482 compositione
1349 2414 1635 2466 uerborum
1668 2414 1772 2466 duo

20 2477 41 2553 ,i
91 2504 256 2555 testes
294 2505 420 2554 sunt
457 2503 609 2571 eique
650 2520 804 2571 saepe
853 2501 1210 2571 discrepantes
1249 2502 1291 2554 P
1332 2506 1384 2554 et
1422 2502 1487 2571 F,
1534 2503 1599 2554 ad
1639 2521 1771 2571 quos

20 2595 42 2665 5ss
94 2590 294 2642 accedit
346 2590 578 2660 epitoma
629 2590 692 2642 de
753 2609 858 2659 qua
910 2609 1005 2643 suo
1067 2590 1185 2643 loco
1248 2591 1473 2660 dicetur;
1536 2592 1771 2660 itemque

26 2706 42 2755 ‘J-
92 2676 217 2731 libri
263 2679 325 2731 de
372 2679 672 2731 oratoribus
720 2679 953 2747 antiquis
1000 2679 1159 2747 primi
1206 2679 1309 2731 duo
1358 2683 1483 2731 sunt
1529 2683 1770 2732 auctores

34 2776 45 2840 ξ’
94 2762 205 2818 Fet
222 2765 274 2835 S,
306 2767 351 2819 si
380 2766 677 2835 prohoemii
709 2785 823 2819 eam
855 2770 1060 2836 partem
1093 2766 1165 2838 (p.
1191 2767 1350 2835 3-7,
1379 2766 1470 2837 12)
1503 2768 1771 2836 exceperis

31 2907 35 2910 ,
92 2869 226 2921 quae
263 2873 404 2906 nunc
442 2855 497 2906 in
535 2854 577 2906 F
618 2855 957 2908 desideratur.

202 2940 280 2994 IV
314 2941 416 2994 Sed
453 2946 661 3010 praeter
691 2942 789 2995 hos
830 2962 963 3012 quos
995 2944 1354 2996 recensuimus
1393 2943 1527 2995 nulli
1559 2946 1770 2995 exstant
