1958 3192
866 138 1095 180 ΛΤΣῙΑΣ
1748 137 1820 189 43

143 271 234 326 καὶ
271 273 633 335 πενεστάτους
671 270 794 325 ἀντὶ
834 274 1116 325 πλουσίων
1154 271 1454 340 ἀποφήνειε
1492 270 1582 324 καὶ
1622 272 1730 339 ἵνα,
1774 274 1821 325 εῑ

141 360 243 431 μέν
280 382 363 424 τις
394 361 580 423 αὐτοῖς
609 362 870 431 πατρικὸς
906 360 1104 430 ἐχθρὸς
1134 356 1220 428 ἦν,
1261 359 1475 413 ἐκείνου
1506 357 1607 429 μὲν
1639 359 1822 413 ἐπιλά-

140 456 377 518 θωνται,
423 457 499 521 τῷ
538 448 590 502 δ’
631 449 902 522 ἐπιτρόπῳ
942 459 1053 502 τῶν
1089 447 1359 521 πατρῴων
1397 447 1821 518 ἀπεστερημένοι

140 543 429 607 πολεμῶσι.
497 541 674 591 καίτοι
714 539 761 591 εἰ
793 538 1058 606 ἠβούλετο
1099 539 1310 600 δίκαιος
1349 533 1489 590 εἶναὶ
1527 536 1653 607 περὶ
1692 539 1822 599 τοὺς

139 628 355 695 παῖδας,
396 626 521 695 ἐξῆν
559 627 707 698 αὐτῷ
745 629 880 680 κατὰ
919 629 1048 689 τοὺς
1086 628 1316 696 νόμους,
1356 629 1414 679 οἳ
1447 636 1654 679 κεῖνται
1696 624 1820 696 περὶ

140 725 251 768 τῶν
290 715 553 786 ὀρφανῶν
590 714 681 768 καὶ
720 725 836 778 τοῖς
874 715 1170 778 ἀδυνάτοις
1218 725 1329 768 τῶν
1377 714 1686 785 ἐπιτρόπων
1731 713 1821 767 καὶ

140 813 255 866 τοῖς
300 804 655 874 δυναμένοις,
710 810 988 874 μισθῶσαι
1042 806 1140 857 τὸν
1193 800 1347 858 οἷκον
1401 802 1822 873 ἀπηλλαγμένον

51 903 137 943 515
162 898 384 946 πολλῶν
413 894 749 963 πραγμάτων
772 893 804 962 ἢ
831 901 936 962 γῆν
958 894 1264 963 πριάμενον
1297 892 1302 961 Ι
1340 892 1398 946 ἐκ
1428 903 1540 946 τῶν
1562 894 1822 963 προσιόν-

140 1002 252 1035 των
283 984 411 1045 τοὺς
442 983 640 1045 παῖδας
667 981 908 1052 τρέφειν,
940 981 1030 1034 καὶ
1054 982 1287 1052 ὁπότερα
1311 983 1522 1036 τούτων
1550 981 1820 1050 ἐποίησεν,

141 1070 369 1133 οὐδενὸς
415 1069 485 1123 ἂν
528 1067 694 1139 ἧττον
724 1069 1039 1139 Ἀθηναίων
1083 1071 1340 1124 πλούσιοι
1387 1067 1540 1139 ἦσαν.
1608 1079 1715 1123 νῦν
1762 1068 1827 1122 δέ

139 1180 233 1228 μοι
273 1161 423 1212 δοκεῖ
462 1159 811 1213 οὐδεπώποτε
851 1161 1220 1228 διανοηθῆναι
1264 1160 1337 1222 ὡς
1376 1160 1624 1229 φανερὰν
1659 1179 1822 1212 κατα-

140 1250 356 1316 στήσων
393 1249 494 1316 τὴν
534 1248 753 1315 οὐσίαν,
809 1247 925 1301 ἀλλ’
973 1249 1045 1310 ὡς
1091 1247 1254 1310 αὐτὸς
1300 1246 1436 1312 ἕξων
1481 1249 1547 1301 τὰ
1593 1249 1821 1316 τούτων,

137 1337 443 1406 ἡγούμενος
482 1337 601 1389 δεῖν
638 1338 740 1405 τὴν
778 1337 951 1389 αὑτοῦ
988 1340 1262 1406 πονηρίαν
1299 1339 1645 1406 κληρονόμον
1680 1333 1822 1390 εἶναι

138 1435 249 1478 τῶν
300 1433 400 1478 τοῦ
453 1430 757 1487 τεθνεῶτος
810 1426 1115 1494 χρημάτων.
1193 1424 1221 1477 ὃ
1270 1422 1331 1477 δὲ
1376 1426 1599 1478 πάντων
1646 1427 1823 1478 δεινό-

138 1533 320 1581 τατον,
352 1510 393 1567 ὦ
426 1515 697 1583 <ἄνδρες>
729 1515 1008 1566 δικασταί·
1040 1510 1201 1576 οὗτος
1233 1515 1336 1584 γὰρ
1367 1524 1822 1583 συντριηραρχῶν
1869 1537 1889 1569 5

131 1601 363 1666 Ἀλέξιδι
394 1609 470 1674 τῷ
493 1601 890 1673 Ἀριστοδίκου,
924 1603 1152 1672 φάσκων
1183 1604 1346 1656 δυοῖν
1374 1603 1606 1664 δεούσας
1629 1605 1823 1671 πεντή-
1890 1636 1892 1638 v

137 1711 305 1744 κοντα
356 1699 495 1760 μνᾶς
542 1690 730 1763 ἐκείνῳ
782 1692 1221 1761 συμβάλλεσθαι,
1276 1693 1336 1744 τὸ
1384 1692 1553 1761 ἥμισυ
1606 1692 1823 1754 τούτοις

139 1779 407 1849 ὀρφανοῖς
439 1776 563 1833 οὖσι
597 1783 924 1849 λελόγισται,
958 1780 1054 1843 οὓς
1084 1780 1116 1848 ἡ
1145 1783 1305 1842 πόλις
1329 1780 1394 1833 οὐ
1419 1783 1594 1849 μόνον
1623 1782 1823 1843 παῖδας

139 1870 302 1931 ὄντας
324 1868 532 1931 ἀτελεῖς
557 1868 828 1937 ἐποιήσεν,
854 1869 992 1923 ἀλλὰ
1018 1868 1108 1921 καὶ
1135 1868 1359 1922 ἐπειδὰν
1387 1871 1821 1938 δοκιμασθῶσιν,

141 1956 397 2009 ἐνιαυτὸν
435 1956 647 2026 ἀφῆκεν
685 1957 911 2010 ἀπασῶν
954 1967 1064 2010 τῶν
1110 1962 1483 2028 λειτουργιῶν.
1554 1955 1715 2021 οὗτος
1761 1956 1822 2011 δὲ

138 2046 356 2108 πάππος
396 2046 474 2098 ὢν
511 2047 658 2114 παρὰ
696 2048 824 2108 τοὺς
863 2048 1069 2115 νόμους
1107 2053 1200 2114 τῆς
1241 2045 1437 2100 ἑαυτοῦ
1469 2050 1822 2117 τριηραρχίας

138 2135 286 2204 παρὰ
324 2143 435 2186 τῶν
473 2135 832 2203 θυγατριδῶν
869 2135 929 2187 τὸ
970 2135 1139 2203 ἥμισυ
1177 2135 1481 2204 πράττεται.
1550 2133 1639 2187 καὶ
1689 2135 1822 2187 ἀπο-

259 2298 284 2337 3
323 2298 385 2353 τῷ
425 2292 499 2352 δ’]
538 2293 618 2337 τὸν
658 2291 707 2337 δ’
746 2292 785 2336 G
835 2296 840 2344 Ι
893 2293 1124 2353 ἐπιτρόπῳ
1163 2293 1401 2350 Frohberg
1404 2307 1471 2338 er:
1522 2294 1596 2338 ἐπὶ
1635 2295 1820 2338 FMPB

142 2351 242 2397 ἐπεὶ
274 2352 313 2396 G
357 2340 368 2410 Ι
417 2355 525 2409 post
555 2352 779 2411 πατρῴων
813 2352 851 2395 G
901 2353 1014 2397 εἰσὶν
1045 2340 1351 2409 interpolauit
1392 2356 1397 2410 Ι
1441 2351 1732 2410 ἐστερημένοι
1763 2354 1823 2397 F¹

259 2417 287 2455 4
320 2411 531 2470 ἐβούλετο
566 2411 643 2455 Gv
757 2416 781 2455 6
814 2411 894 2455 καὶ
924 2414 1031 2484 pogt
1063 2411 1321 2467 ἐπιτρόπων
1355 2426 1429 2455 om
1462 2411 1501 2456 G
1620 2417 1643 2455 7
1676 2413 1823 2469 ἀπηλ-

141 2468 370 2543 λαγμένον
418 2471 682 2515 Dobraeus:
738 2469 1106 2527 ἀπηλλαγμένοις
1226 2476 1251 2514 8
1300 2469 1555 2527 πριάμενος
1594 2471 1634 2515 G
1687 2488 1822 2528 πρια-

143 2527 299 2585 μένοις
325 2545 354 2574 v
397 2531 402 2586 Ι
444 2530 729 2585 προσιόντων
761 2544 817 2572 ex
848 2529 1125 2585 προσιόντας
1155 2530 1214 2573 F¹
1312 2536 1336 2574 9
1371 2530 1594 2587 ὁπότερον
1627 2531 1704 2574 Gv

145 2593 198 2632 11
231 2588 595 2644 καταστήσονται
627 2589 811 2632 FMPB
928 2594 981 2632 12
1012 2588 1070 2632 τὰ
1102 2589 1196 2632 add
1228 2589 1286 2632 F¹
1406 2594 1459 2632 13
1492 2592 1635 2634 αὐτοῦ
1669 2591 1703 2633 F

145 2652 199 2690 14
244 2655 335 2692 τῶν
382 2661 438 2692 ex
482 2648 562 2692 τὸν
609 2648 668 2691 F1
797 2653 850 2690 15
897 2647 1065 2703 ἄνδρες
1109 2648 1390 2692 Herwerden
1436 2648 1653 2704 inseruit,
1709 2649 1824 2694 item

143 2704 265 2750 infra
307 2709 313 2763 Ι
355 2714 728 2778 συντριηραρχῶν
759 2721 815 2751 ex
848 2715 1225 2765 συντριηρωνχῶν
1259 2707 1316 2750 F¹
1432 2713 1484 2751 16
1513 2706 1708 2765 Ἀλεξίδη
1742 2709 1815 2751 F¹
1812 2710 1815 2716 “

144 2765 338 2816 δεούσας
362 2780 410 2811 a:
444 2764 643 2811 δέουσαν
666 2766 804 2810 FMP
814 2766 850 2808 B
897 2766 1116 2810 δεούσαιν
1141 2765 1180 2810 G
1274 2771 1326 2810 17
1355 2765 1534 2811 ἐκείνωι
1559 2781 1615 2811 ex
1641 2726 1821 2812 ἐκεῖνον

145 2821 203 2865 F¹
251 2824 257 2882 Ι
307 2822 623 2882 συμβαλέσθαι
664 2840 693 2869 v
743 2829 749 2880 Ι
798 2825 977 2876 τούτοις
1021 2825 1282 2870 Dobraeus:
1337 2826 1513 2870 τούτων
1559 2834 1655 2877 τοῖς
1697 2826 1821 2869 FGv

143 2881 319 2926 τούτων
349 2882 488 2926 ΜΡΒ
602 2888 655 2927 19
688 2882 874 2941 ἐποίησε
906 2885 942 2927 Ρ
1056 2889 1112 2927 20
1144 2887 1461 2942 λειτουργειῶν
1494 2886 1529 2927 Ρ
1644 2891 1698 2928 ⁶22
1731 2893 1820 2928 τῶν

150 2939 292 2983 αὐτοῦ
323 2944 622 2998 θυγατριδῶν
654 2942 694 2986 G

1847 1095 1888 1126 10

1847 1981 1890 2012 20
