2004 3202
195 103 303 155 344
617 107 959 150 ΔΙοΝΤΣῙοΤ
990 106 1458 148 ΑΛῙΚΑΡΝΑΣΕΩΣ

194 237 525 310 διέφθειρον
562 241 658 303 τὰς
694 240 870 302 πάσας
910 239 1226 302 διακοσίαςῖ
1303 240 1464 308 ὅμοια
1500 238 1550 292 δ’
1588 238 1703 292 ἐστὶ
1740 239 1868 312 παρ’

194 327 342 399 αὐτῷ
390 326 482 381 καὶ
530 329 596 381 τὰ
642 330 776 380 κατὰ
821 329 917 389 τὰς
965 328 1181 391 πεζικὰς
1226 328 1398 397 μάχας
1442 327 1475 396 ἢ
1522 331 1872 398 μηκυνόμενα

192 416 331 486 πέρα
391 424 490 470 τοῦ
559 415 781 478 δέοντος
840 415 873 484 ἢ
932 418 1281 484 συναγόμενα
1341 417 1419 479 εἰς
1479 418 1705 470 ἔλαττον
1771 425 1872 471 τοῦ

194 506 568 575 μετρίου.τά
598 504 699 574 μέν
737 524 799 572 γε
829 502 955 574 περὶ
988 505 1184 558 Πύλον
1210 503 1526 573 Ἀθηναίοις
1555 505 1872 576 πραχθέντα

147 613 168 644 5
194 592 286 646 καὶ
324 596 390 646 τα
427 592 553 663 περὶ
591 594 692 661 τὴν
730 595 1097 663 Σφακτηρίαν
1134 592 1480 662 καλουμένην
1518 602 1707 663 νῆσον,
1748 594 1808 647 ἐν
1838 587 1875 666 ἧ

195 683 667 750 Λακεδαιμονίους
704 683 1152 744 κατακλείσαντες
1190 679 1668 753 ἐξεπολιόρκησαν,
1715 682 1874 754 ἀρξά-

193 789 358 839 μενος
398 769 457 822 ἐν
494 777 558 839 τῇ
598 770 825 840 τετάρτη
858 770 1044 841 βύβλῳ
1077 770 1393 837 διηγεῖσθαι
1422 769 1514 823 καὶ
1545 770 1742 840 μεταξὺ
1773 779 1874 825 τοῦ

192 857 436 927 πολέμου
467 859 630 911 τοῦδε
660 858 880 928 πράξεις
910 859 1064 921 τινὰς
1096 856 1281 928 ἑτέρας
1310 861 1876 929 παραδιηγησάμενος,

195 943 287 999 εἶτ’
343 943 510 1009 αὖθις
564 945 890 1017 ἐπιστρέψας
943 945 1032 999 ἐπὶ
1085 947 1186 1015 τὴν
1245 935 1539 1000 ἀπόδοσιν
1567 957 1678 1000 τῶν
1739 947 1876 1018 ἑξῆς,

131 1057 172 1086 10
197 1037 408 1088 ἅπαντα
445 1036 512 1088 τὰ
549 1034 883 1104 γεγενημένα
921 1036 1057 1087 κατὰ
1090 1037 1186 1098 τὰς
1217 1036 1390 1104 μάχας
1419 1034 1514 1089 ὑπ’
1551 1035 1877 1107 ἀμφοτέρων

194 1125 526 1192 διελήλυθεν
550 1122 788 1194 ἀκριβῶς
818 1122 909 1175 καὶ
934 1124 1198 1192 δυνατῶς,
1223 1126 1448 1186 πλείους
1470 1123 1503 1191 ἢ
1527 1128 1877 1194 τριακοσίους

194 1210 430 1283 στίΙχους
469 1211 634 1275 αὐτὸς
672 1211 1032 1275 ἀποδεδωκὼς
1062 1221 1181 1274 ταῖς
1211 1213 1423 1281 μάχαις,
1463 1211 1553 1265 καὶ
1592 1221 1761 1266 ταῦτα
1794 1214 1860 1267 οὐ
1878 1223 1986 1266 841.

192 1303 415 1353 πολλῶν
453 1302 632 1354 ὄντων
672 1302 798 1353 οὔτε
844 1310 955 1354 τῶν
995 1299 1355 1370 ἀπολομένων
1395 1301 1520 1354 οὔτε
1558 1311 1669 1354 τῶν
1705 1320 1877 1373 παρα-

195 1390 409 1442 δόντων
447 1390 513 1442 τὰ
553 1390 707 1442 ὅπλα.
778 1389 942 1452 αὐτός
981 1389 1048 1457 γέ
1081 1409 1167 1442 τοι
1201 1390 1774 1459 συγκεφαλαιούμενος
1812 1393 1878 1443 τὰ

132 1497 171 1528 15
195 1475 322 1548 περὶ
360 1478 461 1546 τὴν
501 1479 679 1547 μάχην
716 1479 852 1531 κατὰ
898 1477 1046 1542 λέξιν
1085 1477 1257 1540 οὕτως
1296 1478 1519 1548 γράφει·
1567 1477 1879 1532 (ἀπέθανον

196 1562 257 1618 δὲ
297 1565 357 1619 ἐν
394 1573 459 1636 τῇ
499 1568 648 1638 νήσῳ
687 1565 779 1619 καὶ
818 1570 1012 1631 ζῶντες
1052 1565 1378 1634 ἐλήφθησαν
1415 1567 1652 1619 τοσοίδε·
1704 1572 1878 1621 εἴκοσι

194 1651 296 1722 μὲν
335 1654 554 1707 ὁπλῖται
594 1653 857 1723 διέβησαν
895 1653 986 1707 καὶ
1025 1656 1365 1724 τετρακόσιοι
1405 1656 1457 1707 οἱ
1494 1656 1713 1717 πάντες·
1753 1657 1878 1709 τού-

194 1761 305 1794 των
345 1744 538 1806 ζῶντες
585 1742 962 1812 ἐκομίσθησαν
1012 1743 1150 1796 ὀκτὼ
1192 1741 1519 1805 ἀποδέοντες
1557 1746 1878 1813 τριακόσιοι,

196 1830 250 1882 οἱ
290 1828 338 1882 δ’
387 1831 544 1884 ἄλλοι
591 1830 892 1884 ἀπέθανον.
968 1830 1059 1884 καὶ
1099 1835 1442 1901 Σπαρτιᾶται
1488 1832 1700 1885 τούτων
1737 1829 1879 1901 ἦσαν

134 1939 177 1970 20
203 1922 377 1971 εἴκοσι
410 1917 500 1971 καὶ
535 1917 728 1972 ἑκατὸν
763 1929 874 1973 τῶν
898 1921 1132 1988 ζώντων,
1166 1918 1481 1988 Ἀθηναίων
1506 1917 1566 1972 δὲ
1592 1920 1658 1973 οὐ
1682 1920 1878 1975 πολλοὶ

197 2007 619 2078 διεφθάρησαν.’

317 2142 371 2181 15
404 2137 532 2182 Thuc
557 2139 619 2182 IV
644 2143 699 2183 38

318 2261 340 2298 1
377 2254 658 2312 διέφθειραν
690 2256 712 2298 f
720 2258 759 2301 Θ
788 2259 793 2313 Ι
821 2254 973 2307 πάσας
1003 2257 1118 2301 MP.
1159 2255 1310 2307 πάσας
1342 2256 1388 2308 ἐς
1418 2256 1441 2298 f
1469 2271 1573 2300 eum
1607 2259 1647 2301 Θ
1685 2256 1879 2313 uolgata,

198 2313 350 2365 πάσας
382 2314 428 2365 ἐς
457 2314 539 2366 τὰς
573 2317 613 2359 Θ
643 2314 752 2358 libri
783 2315 912 2358 ABC
941 2318 946 2371 Ι
974 2313 1025 2359 δὲ
1057 2315 1105 2358 Μ
1133 2317 1138 2374 Ι
1169 2315 1259 2359 ἔστι
1290 2315 1314 2358 f
1442 2319 1467 2358 5
1499 2315 1583 2372 τὴν
1616 2330 1877 2371 σφακτητα-

199 2371 459 2424 κλείσαντες
495 2374 554 2416 Ρ1
601 2373 771 2418 omissa
816 2374 866 2417 in
911 2388 1043 2431 malg
1089 2375 1183 2418 add.
1220 2374 1281 2418 Ρ2
1429 2379 1454 2418 6
1498 2372 1879 2424 κατακλείσαντες

200 2431 584 2487 λακεδαιμονίους
614 2433 685 2475 Μ1
718 2433 829 2477 ordo
861 2434 999 2477 rubro
1030 2433 1275 2477 restitutus
1308 2436 1379 2478 esi]
1407 2435 1412 2490 Ι
1440 2431 1812 2489 ἐξεπολιόρκισαν
1842 2433 1878 2475 Ρ

323 2496 345 2533 7
380 2491 528 2549 βύβλω
560 2492 596 2534 Ρ
607 2511 616 2535 :
650 2490 787 2549 βίβλω
820 2492 900 2534 Mf
1032 2497 1085 2536 12
1119 2493 1275 2550 αὐτὸς]
1309 2493 1498 2543 ταύταις
1529 2492 1572 2536 ci
1604 2491 1877 2549 Sylburgius

202 2549 359 2599 αὐτοῖς
390 2549 545 2593 uerbis
577 2557 677 2601 ταῖς
712 2549 881 2623 μάχαις
923 2551 1087 2595 deletis
1119 2551 1381 2608 Kruegerus
1533 2556 1588 2594 14
1621 2566 1878 2607 συγκαιφα-

199 2608 473 2663 λαιούμενος
502 2608 561 2650 Ρ1
712 2614 765 2652 15
799 2608 916 2653 ούτω
947 2610 970 2652 f
1097 2615 1149 2654 16
1181 2609 1361 2654 τοσοίδε
1392 2610 1480 2654 hoc
1511 2609 1612 2654 loco
1644 2610 1667 2652 f
1676 2612 1735 2654 Θ
1769 2612 1876 2653 ante

200 2668 361 2718 ζῶντες
393 2666 484 2708 ΜΡ
515 2666 531 2708 i
571 2680 595 2710 e
636 2681 692 2711 ex
729 2669 939 2726 margine
973 2669 1254 2712 translatum
1283 2669 1332 2712 in
1363 2669 1516 2713 locum
1548 2668 1751 2711 alienum

202 2730 255 2768 17
291 2724 495 2768 ὁπλεῖται
526 2725 561 2767 Ρ
683 2732 736 2769 19
771 2726 1062 2782 Σπαρτιάται
1084 2728 1107 2771 f
1215 2732 1271 2771 20
1305 2727 1447 2771 εἴκοσι
1477 2727 1558 2771 καὶ
1591 2726 1756 2771 ἑκατὸν
1786 2734 1877 2770 τῶν

202 2783 466 2855 (articulum
498 2798 573 2828 om
588 2784 663 2838 ΡΙ)
696 2785 874 2836 ζώντων
892 2787 1003 2830 MP:
1022 2794 1113 2831 τῶν
1134 2787 1313 2839 ζώντων
1336 2787 1476 2844 [περὶ]
1500 2785 1643 2830 εἴκοσι
1666 2786 1746 2830 καὶ
1772 2785 1877 2829 ἐκα-

200 2841 301 2886 τόν·
328 2843 418 2887 fex
439 2845 478 2886 Θ
565 2848 617 2886 21
638 2845 747 2898 διεφ
780 2844 858 2886 καὶ
891 2845 1021 2888 αὐτοὶ
1041 2846 1301 2903 [340‚14]..
1324 2882 1330 2889 .
1372 2847 1548 2889 πολλῶν
1575 2844 1643 2889 ὅτι
1669 2846 1787 2902 [342,
1802 2844 1875 2901 16]

200 2900 419 2958 θάρησαν
444 2902 479 2943 Ρ
511 2901 559 2944 cf
588 2902 646 2944 ad
678 2917 708 2957 p
741 2906 907 2957 340,14
