2004 3202
769 138 1193 184 ΔΗΜΟΣΘΕΝΗΣ
1713 139 1820 193 177

140 276 295 337 κίλας
334 272 533 326 ἐκεῖνοι
572 273 916 342 λαμβάνουσι
955 277 1274 343 φαντασίας.
1334 273 1424 327 καὶ
1456 276 1526 343 δή
1559 293 1691 328 ποτε
1728 274 1820 329 καὶ

143 362 518 431 ἐνεθυμήθην,
556 363 615 413 τί
647 379 778 414 ποτε
817 365 947 426 τοὺς
985 365 1106 416 τότε
1145 362 1481 433 ἀνθρώπους
1519 362 1821 427 ἀκούοντας

142 451 314 504 αὐτοῦ
367 449 624 518 λέγοντος
676 459 846 504 ταῦτα
898 453 1129 521 πάσχειν
1174 453 1319 514 εἰκὸς
1370 448 1454 520 ἦν.
1525 453 1665 506 ὅπου
1713 455 1818 523 γὰρ

139 539 294 609 ἡμεῖς
325 540 378 592 οἱ
411 546 679 592 τοσοῦτον
710 539 1079 611 ἀπηρτημένοι
1110 549 1226 604 τοῖς
1262 543 1486 611 χρόνοις
1523 539 1613 594 καὶ
1646 539 1822 595 οὐθὲν

139 629 278 698 πρὸς
323 629 389 680 τὰ
433 628 722 697 πράγματα
768 631 1110 692 πεπονθότες
1151 628 1325 692 οὕτως
1362 629 1692 698 ὑπαγόμεθα
1729 628 1820 682 καὶ
1867 647 1888 680 5

139 716 494 786 κρατούμεθα
530 719 645 784 καί,
686 717 812 770 ὅποι
850 717 973 770 ποτ’
1005 717 1075 771 ἂν
1105 717 1245 787 ἡμᾶς
1284 717 1314 772 ὁ
1354 720 1517 786 λόγος
1555 719 1686 789 ἄγῃ,
1723 737 1821 772 πο-

142 806 443 875 ρευόμεθα,
489 814 605 867 πῶς
642 807 763 858 τότε
794 804 1088 875 Ἀθηναῖοί
1121 826 1178 860 τε
1215 805 1307 859 καὶ
1346 807 1400 860 οἱ
1438 808 1596 861 ἄλλοι
1628 806 1823 876 ’Ἐλλη-

54 906 168 946 1023
199 913 291 956 νες
336 895 538 962 ἤγοντο
580 894 689 947 ὑπὸ
730 902 829 947 τοῦ
868 894 1072 965 ἀνδρὸς
1112 894 1199 948 ἐπὶ
1238 903 1351 953 τῶν
1388 895 1677 964 ἀληθινῶν
1717 894 1724 967 Ι
1766 916 1823 949 τε

139 980 230 1034 καὶ
272 983 433 1035 ἰδίων
471 982 720 1050 ἀγώνων,
760 982 932 1036 αὐτοῦ
971 982 1229 1051 λέγοντος
1267 983 1481 1036 ἐκείνου
1519 985 1585 1037 τὰ
1624 982 1823 1038 ἑαυτοῦ

140 1072 273 1139 μετὰ
311 1078 407 1139 τῆς
445 1070 742 1139 ἀξιώσεως,
786 1067 853 1139 ἧς
894 1067 1028 1140 εἶχε,
1076 1073 1177 1140 τὴν
1216 1072 1596 1126 αὐτοπάθειαν
1631 1071 1723 1125 καὶ
1761 1074 1822 1126 τὸ
1849 1092 1891 1124 ιο

138 1159 465 1229 παράστημα
526 1167 620 1227 τῆς
680 1167 858 1229 ψυχῆς
919 1159 1418 1229 ἀποδεικνυμένου,
1486 1169 1825 1230 κοσμοῦντος

140 1249 354 1300 ἅπαντα
391 1246 482 1300 καὶ
520 1251 954 1318 χρωματίζοντος
991 1257 1055 1319 τῇ
1094 1249 1378 1319 πρεπούσῃ
1418 1250 1723 1320 ὑποκρίσει,
1760 1246 1826 1318 ἧς

141 1338 455 1398 δεινότατος
485 1335 721 1405 ἀσκητὴς
754 1335 984 1404 ἐγένετο,
1025 1338 1098 1399 ὡς
1136 1337 1371 1400 ἅπαντές
1402 1357 1458 1390 τε
1490 1338 1826 1408 ὁμολογοῦσι

139 1423 231 1477 καὶ
271 1424 324 1488 ἐξ
364 1424 549 1477 αὐτῶν
581 1426 722 1478 ἰδεῖν
754 1426 868 1478 ἔστι
903 1434 1015 1478 τῶν
1046 1428 1244 1494 λόγων,
1285 1421 1364 1478 ὧν
1396 1427 1519 1495 ἄρτι
1557 1445 1827 1497 προηνεγ-

139 1514 334 1583 κάμην,
383 1513 480 1576 οὓς
519 1513 620 1566 οὐκ
662 1515 747 1566 ἔνι
786 1520 861 1585 τῷ
909 1513 1229 1586 βουλομένῳ
1270 1514 1331 1567 ἐν
1368 1514 1541 1585 ἡδονῇ
1582 1516 1656 1578 ὡς
1694 1515 1825 1569 ἀνά-
1849 1534 1892 1567 15

139 1617 367 1672 γνωσμα
405 1603 670 1670 διελθεῖν,
716 1601 835 1655 ἀλλ’
874 1601 1033 1655 αὐτοὶ
1073 1603 1423 1671 διδάσκουσι,
1469 1613 1584 1665 πῶς
1623 1604 1825 1667 αὐτοὺς

140 1691 543 1760 ὑποκρίνεσθαι
604 1692 712 1760 δεῖ,
773 1699 881 1744 νῦν
934 1688 1036 1760 μὲν
1090 1691 1542 1760 εἰρωνευόμενον,
1602 1700 1711 1745 νῦν.
1764 1690 1826 1746 δὲ

142 1779 575 1848 ἀγανακτοῦντα,
618 1787 725 1832 νῦν
763 1776 823 1832 δὲ
862 1789 1191 1849 νεμεσῶντα,
1232 1780 1618 1848 δεδιττόμενόν
1655 1801 1714 1834 τε
1753 1777 1823 1835 αὖ

141 1867 233 1921 καὶ
286 1868 670 1938 θεραπεύοντα
729 1866 820 1920 καὶ
880 1874 1260 1922 νουθετοῦντα
1312 1866 1404 1920 καὶ
1457 1879 1826 1939 παρορμῶντα

142 1956 235 2010 καὶ
272 1955 469 2024 πάνθ’,
509 1956 543 2009 ἃ
582 1957 838 2025 βούλεται
875 1966 1058 2010 ποιεῖν
1088 1956 1120 2024 ἡ
1155 1955 1312 2024 λέξις,
1353 1956 1826 2028 ἀποδεικνύμενον
1849 1977 1894 2009 20

143 2044 231 2099 ἐπὶ
286 2051 382 2113 τῆς
433 2053 735 2122 προφορᾶς.
810 2046 860 2098 εἰ
910 2046 977 2113 δὴ
1016 2046 1093 2097 ’τὸ
1145 2046 1238 2098 διὰ
1290 2046 1571 2098 τοσούτων
1615 2045 1826 2115 <ἐτῶν>

145 2134 679 2203 ἐγκαταμισγόμενον
746 2141 860 2195 τοῖς
935 2135 1188 2201 βυβλίοις
1261 2141 1494 2202 πνεῦμα
1552 2135 1828 2203 τοσαύτην

145 2224 307 2292 ἰσχὺν
356 2224 466 2291 ἔχει
519 2220 609 2274 καὶ
665 2221 838 2283 οὕτως
891 2221 1110 2289 ἀγωγόν
1160 2220 1273 2274 ἐστι
1327 2231 1439 2274 τῶν
1492 2221 1827 2291 ἀνθρώπων,

264 2358 287 2396 1
323 2352 494 2397 ἐκεῖνοι
532 2354 673 2396 uacat
800 2359 825 2395 2
865 2349 958 2395 τότ’
987 2351 1145 2407 vM(‘?)
1267 2355 1292 2394 3
1332 2352 1497 2423 ταῦτα]
1537 2351 1595 2395 τὰ
1632 2359 1826 2397 τοιαῦτα

143 2412 326 2469 Kn’iger
456 2417 485 2455 4
522 2411 691 2469 ἡμ[εῖς]
730 2410 779 2453 Μ
811 2424 916 2453 eum
946 2424 1020 2453 ras
1143 2414 1168 2453 5
1207 2409 1489 2467 ὑπαγόμεθα
1521 2425 1626 2454 cum
1655 2411 1730 2455 lac
1762 2412 1826 2455 IX

143 2470 224 2515 h‘tt
249 2485 324 2515 om
347 2472 395 2514 M
487 2476 513 2515 8
544 2470 733 2529 ἤγοντο]
768 2468 925 2526 ἔχοντο
950 2470 987 2511 Β
1080 2474 1131 2512 11
1166 2476 1246 2526 τῆς
1268 2476 1451 2527 ψυχροῦ
1476 2476 1556 2526 τῆς
1580 2477 1734 2528 ψυχῆς
1757 2470 1794 2513 Β
1817 2475 1821 2529 Ι

143 2527 545 2587 ἀποδειγνυμένου
573 2530 656 2572 ΒΡ
745 2533 798 2571 12
830 2526 1185 2600 χρηματίζοντος
1215 2544 1244 2572 v
1338 2533 1391 2572 13
1423 2529 1643 2587 ἀσκητὴς]
1676 2530 1826 2586 ἀθλη-

143 2589 238 2662 τὴς
252 2589 490 2646 Kiessling
583 2594 637 2632 14
669 2586 998 2644 προνεγκάμην
1022 2588 1059 2631 Ρ
1150 2592 1205 2631 15
1239 2586 1327 2646 ἔνι]
1361 2587 1411 2632 ἐν
1436 2588 1484 2631 Μ
1518 2590 1524 2645 Ι
1559 2588 1734 2645 ἡδονῆς
1757 2589 1823 2663 ΒΊΙ

144 2646 400 2722 ἀνάγνωμα
423 2649 498 2692 Pv
585 2652 638 2691 18
664 2653 943 2703 νεμεσοῦντα
967 2646 1004 2688 Β
1029 2648 1076 2690 et
1100 2660 1201 2691 corr
1222 2647 1274 2690 in
1296 2661 1557 2723 νεμεσῶντα
1577 2648 1614 2691 Ρ
1649 2649 1654 2704 Ι
1690 2663 1736 2691 τε
1762 2665 1821 2691 αυ

145 2707 226 2751 καὶ
250 2707 318 2752 M.
351 2723 435 2763 μεν
460 2707 518 2764 δὴ
544 2704 612 2763 (δε
623 2710 659 2762 Ῥ)
691 2723 745 2762 τη
770 2708 880 2762 (τεῖ)
911 2705 992 2750 καὶ
1019 2706 1079 2749 αὐ
1103 2706 1184 2750 καὶ
1207 2706 1244 2748 Β
1286 2703 1346 2749 αὖ
1371 2706 1452 2750 καὶ
1477 2707 1551 2750 Pv
1642 2711 1698 2749 20
1729 2722 1826 2751 παν

146 2763 174 2821 ἢ
198 2765 273 2808 Β
260 2781 310 2809 m
332 2769 477 2821 textu,
510 2764 662 2811 πάνθ’
681 2765 712 2808 ἃ
737 2765 796 2808 Β1
819 2779 898 2820 mg
981 2769 1035 2807 21
1062 2763 1175 2810 ἐτῶν
1200 2765 1295 2809 add
1319 2764 1466 2810 Cobet
1549 2769 1604 2809 22
1632 2764 1681 2822 ἐγ
1684 2782 1826 2809 κατα-

147 2823 424 2881 μισγόμενον
457 2825 753 2899 Sylburgius:
795 2822 1215 2880 ἐγκαταμιγόμενον
1239 2824 1381 2868 ΜΒΡ
1436 2824 1744 2881 ἐγκαταμιγνύ
1749 2840 1825 2880 με·

147 2898 232 2927 νον
263 2899 293 2927 v
327 2886 333 2941 Ι
373 2882 565 2943 βιβλίοις
587 2885 635 2927 Μ
742 2887 795 2926 23
827 2881 1010 2939 ἀγωγόν
1043 2882 1135 2927 ἐστι
1164 2891 1256 2927 τῶν
1288 2884 1575 2941 ἀνθρώπων]
1609 2882 1724 2939 ἄγον
1750 2883 1826 2926 ἐπὶ

147 2948 238 2985 τῶν
270 2943 425 2987 αὐτῶν
451 2943 590 2987 ΜΒΡ
645 2942 770 2999 ἄγων
804 2941 878 2985 ἐπὶ
910 2949 1001 2986 τῶν
1032 2943 1185 2987 αὐτῶν
1218 2957 1247 2985 v

237 3022 568 3059 Dion.Ha1i1.carn
605 3026 649 3058 V.
1507 3020 1559 3057 12
