2004 3202
774 160 1198 204 ΔΗΜΟΣΘΕΝΗΣ
1717 159 1822 214 207

147 299 332 365 μεῖζον
361 336 519 348 .....
556 295 589 364 ἢ
620 294 967 364 καταγέλωτα
997 293 1199 366 φέρων.
1260 292 1351 348 καὶ
1385 293 1508 364 οὐχὶ
1540 297 1702 348 τοῦτό
1740 313 1823 348 πω

146 385 450 454 θαυμάζειν
494 383 747 454 <ἄξιον>,
802 382 922 437 ἀλλ’
962 384 1046 438 ὅτι
1097 382 1188 437 καὶ
1241 393 1537 454 μαρτυρῶν
1581 387 1823 453 πολλαχῇ

148 474 250 542 τὴν
307 472 507 543 ἀρετὴν
557 479 634 545 τῷ
696 473 886 543 ῥήτορι
945 473 1249 541 κατάδηλός
1309 471 1441 539 ἐστι,
1483 470 1573 525 καὶ
1634 474 1824 539 ζηλῶν.

146 563 391 633 φανερὸν
421 558 484 614 δὲ
521 569 684 615 τοῦτο
723 560 925 630 γένοιτ’
957 561 1028 615 ἂν
1059 560 1113 626 ἐξ
1153 556 1233 615 ὧν
1256 554 1428 624 ἀὐτὸς
1467 566 1665 631 εἴρηκε,
1704 562 1825 613 τότε

119 646 247 719 ’μὲν
285 649 428 703 οὕτω
474 668 588 712 πως
633 651 890 720 γράφων·
920 649 1134 703 -“Ὀταν
1171 647 1233 703 δὲ
1271 651 1567 720 ἄνθρωπος
1607 648 1660 714 ἐξ
1700 649 1823 702 ὀνο-
1869 671 1889 703 5

144 739 332 807 μάτων
363 742 717 808 συγκείμενος
758 738 848 792 καὶ
887 740 1100 792 τούτων
1125 748 1340 809 πικρῶν
1370 737 1462 792 καὶ
1490 737 1824 809 περιέργων’

147 824 233 897 (ἐν
263 829 368 898 γὰρ
400 829 468 896 δὴ
500 829 717 891 τούτοις
748 828 815 882 οὐ
847 829 948 897 τὴν
980 827 1213 896 ἐκλογὴν
1245 827 1456 881 ἐπαινεῖ
1486 837 1596 880 τῶν
1626 827 1826 896 ὀνομά-

58 928 172 968 1065
203 936 315 969 των
346 916 536 984 αὐτοῦ,
574 919 648 986 μὰ
679 920 817 970 Δία·
855 920 939 979 τίς
976 919 1081 986 γὰρ
1113 915 1184 969 ὀὲν
1214 915 1431 985 γένοιτο
1462 924 1660 986 πικρᾶς
1694 916 1699 984 Ι
1734 914 1824 968 καὶ

144 1003 441 1075 περιέργου
472 1008 628 1073 ζῆλος
660 1003 1029 1077 ὀνομασίας;),
1062 1005 1123 1058 ἐν
1148 1004 1360 1075 [ἀηδία]
1387 1003 1550 1077 ἑτέρῳ
1583 1001 1644 1057 δὲ
1676 1006 1823 1075 τόπῳ

146 1092 348 1146 οὑτωσὶ
396 1093 598 1162 λέγων·
649 1093 768 1157 τὩς
812 1094 953 1164 ὑμᾶς
1000 1094 1229 1164 ὀρρωδῶ
1274 1103 1452 1156 κακῶς
1497 1094 1823 1162 πάσχοντας,
1847 1116 1890 1148 ιο
1947 1136 1950 1137 ⁷

144 1182 246 1250 τὴν
285 1182 556 1236 σύνθεσιν
593 1192 705 1235 τῶν
742 1181 1146 1251 Δημοσθένους
1188 1182 1474 1251 ὀνομάτων
1512 1181 1825 1250 ἀγαπήσαν-

145 1271 274 1333 τας.’
327 1269 416 1323 καὶ
448 1273 553 1341 γὰρ
587 1271 831 1324 ἐνταῦθα
861 1272 1030 1324 πάλιν
1062 1270 1128 1323 οὐ
1160 1269 1391 1339 δέδοικε,
1430 1272 1501 1340 μὴ
1533 1273 1594 1324 τὸ
1626 1272 1825 1333 κάλλος

143 1358 234 1412 καὶ
279 1361 380 1428 τὴν
419 1358 892 1429 μεγαλοπρέπεια-ν
930 1359 1102 1412 αὐτοῦ
1140 1369 1252 1412 τῶν
1291 1359 1578 1429 ὀνομάτων
1617 1359 1823 1428 ἀγαπή-

145 1462 319 1501 σωσιν
340 1446 648 1516 Ἀθηναῖοι,
688 1447 827 1501 ἀλλὰ
857 1449 929 1517 μὴ
962 1449 1215 1501 λάθωσιν
1244 1449 1352 1501 ὑπὸ
1385 1456 1480 1516 τῆς
1511 1447 1824 1511 συνθέσεως

143 1536 561 1605 γοητευθέντες,
615 1538 752 1590 ὥστε
804 1535 895 1589 καὶ
948 1546 1059 1589 τῶν
1113 1547 1372 1607 φανερῶν
1419 1537 1590 1590 αὐτὸν
1636 1537 1822 1606 ἀδικη-
1846 1558 1888 1591 15

142 1626 328 1694 μάτων
359 1625 582 1694 ἀφεῖναι
615 1627 707 1679 διὰ
738 1627 834 1688 τὰς
865 1632 1122 1695 σειρῆνας
1160 1627 1255 1687 τὰς
1294 1624 1382 1678 ἐπὶ
1417 1633 1512 1694 τῆς
1544 1626 1822 1696 ἁρμονίας.

145 1711 202 1766 ἐκ
256 1711 317 1766 δὲ
368 1715 581 1767 τούτων
628 1714 694 1768 οὐ
750 1715 988 1784 χαλεπὸν
1035 1715 1193 1782 ἰδεῖν,
1249 1715 1331 1768 ὅτι
1382 1716 1670 1783 δεινότητα
1723 1713 1824 1784 μὲν

144 1801 316 1873 αὐτῷ,
364 1802 500 1870 ὅσην
546 1802 646 1872 οὐχ
695 1797 884 1875 ἑτέρῳ,
930 1813 1226 1874 μαρτυρῶν
1272 1802 1363 1856 καὶ
1410 1798 1528 1867 ταῖς
1576 1811 1824 1874 σειρῆσιν

144 1889 447 1954 ἀπεικάζων
490 1890 663 1944 αὐτοῦ
708 1893 810 1959 τὴν
855 1894 1142 1961 μουσικήν,
1190 1892 1461 1961 ἀγάμενος
1507 1890 1569 1946 δὲ
1616 1893 1682 1946 οὐ
1729 1900 1823 1961 τῆς

263 2055 289 2093 5
322 2049 574 2094 Aeschines
604 2050 669 2093 111
696 2055 781 2094 229
904 2055 959 2094 10
989 2050 1091 2095 ibid
1116 2056 1200 2095 142

265 2203 286 2240 1
328 2195 620 2254 καταγέλωτα
659 2197 718 2242 B:
765 2196 885 2242 κατὰ
931 2195 1102 2254 γέλωτα
1140 2198 1189 2241 Μ
1250 2196 1484 2255 καγέλωτα
1523 2199 1558 2242 Ρ
1609 2201 1614 2254 Ι
1666 2197 1820 2254 φέρων

144 2256 442 2314 Sylburgius:
475 2254 620 2312 φέρον
656 2258 661 2313 Ι
699 2256 781 2301 καὶ
810 2256 1048 2301 Reiskius.
1081 2255 1110 2313 ἢ
1202 2262 1227 2301 2
1261 2257 1395 2310 ἄξιον
1426 2257 1562 2301 addit
1591 2272 1671 2314 mg
1701 2257 1821 2302 Bodl

144 2316 228 2360 Sed
257 2315 466 2359 malim
452 2315 618 2360 ικανόν
731 2321 756 2359 3
789 2316 931 2372 ταύτῃ
936 2334 962 2359 ν
993 2316 1129 2360 addit
1158 2317 1340 2373 Kriiger
1374 2317 1379 2375 Ι
1422 2315 1687 2373 κατάδηλας
1710 2318 1747 2360 Β
1773 2319 1821 2360 ef,

142 2375 179 2419 P
210 2374 348 2419 initio
439 2381 466 2418 4
497 2376 656 2425 αὐτοῖς
685 2375 722 2418 Ρ
757 2377 763 2432 1
803 2373 985 2431 εἴρηκεν
1009 2375 1091 2418 ΒΡ
1183 2380 1208 2419 6
1240 2383 1412 2431 πικρῶς
1442 2377 1478 2419 Ρ
1571 2381 1594 2419 7
1630 2378 1683 2420 οὐ
1715 2376 1820 2442 την]

143 2434 251 2478 αὐτ
264 2452 291 2478 ν
314 2449 343 2477 v
427 2439 453 2477 8
478 2451 535 2491 νη
562 2432 654 2477 Δία
678 2449 706 2476 v
787 2438 812 2477 9
835 2437 943 2490 post
967 2432 1219 2490 ὀνομασίας
1242 2434 1479 2492 Kiessling
1501 2435 1817 2507 interpunxit!

143 2494 236 2550 ἀηδ
257 2511 288 2537 α
347 2492 497 2549 -μὰ
536 2491 616 2536 δία
648 2492 764 2537 vitio
803 2493 1070 2550 repetitum)
1110 2493 1279 2538 seclusi
1328 2496 1334 2551 Ι
1382 2493 1528 2554 τόπῳ]
1567 2494 1686 2561 λόγῳ
1725 2510 1821 2544 πως

143 2552 282 2596 ΜΒΡ
328 2551 446 2611 λόγῳ
480 2550 644 2596 οὑτωσί
676 2567 772 2602 πως
804 2551 1079 2609 Sylburgius
1103 2568 1145 2597 v.
1194 2553 1347 2597 locum
1378 2567 1434 2598 ex
1465 2554 1689 2598 memoria
1720 2553 1820 2597 lau-

145 2610 255 2655 dare
280 2599 468 2655 uidetur
490 2611 755 2667 Dionysius,
788 2611 914 2655 idem
937 2625 1094 2655 errans
1118 2611 1242 2656 infra
1264 2627 1295 2655 ιι
1315 2617 1369 2656 18
1403 2612 1452 2656 cf
1470 2613 1623 2657 Aesch
1645 2613 1710 2656 III
1734 2617 1819 2656 228

263 2675 319 2713 14
350 2670 431 2729 μὴ]
464 2670 520 2726 μὸ
546 2671 581 2714 Ρ
610 2672 615 2727 Ι
643 2669 821 2714 λαθωσι
837 2670 919 2713 ΒΡ
948 2673 953 2727 Ι
980 2671 1150 2728 ὖπὸὸγ
1151 2670 1308 2728 lburgi
1310 2686 1384 2717 us:
1412 2672 1506 2716 ἀπὸ
1599 2677 1654 2716 15
1682 2688 1821 2729 γονη-

144 2732 314 2774 τευθεν
338 2727 673 2831 ἒοητευθέντες
694 2730 730 2772 Ρ
756 2729 838 2773 sed
862 2729 982 2772 illud
1011 2729 1137 2774 linea
1169 2731 1400 2775 subducta
1426 2731 1608 2775 deletur
1631 2747 1818 2787 γουτευ-

144 2785 380 2839 θέντοςΒ
490 2793 543 2832 16
576 2790 644 2845 ἀφ
649 2796 759 2845 ῆναι
790 2788 826 2831 Β
870 2790 875 2845 Ι
918 2788 1132 2861 σειρήνας
1162 2790 1211 2833 Μ
1318 2794 1372 2834 17
1405 2788 1456 2834 δὲ
1510 2790 1568 2846 δὴ
1601 2790 1782 2846 Krfiger
1810 2790 1815 2847 Ι

146 2843 284 2912 ἰδεῖν]
315 2848 418 2892 δεῖν
434 2848 472 2891 Β
565 2853 618 2891 18
611 2806 799 2892 ‹puerbis
825 2849 908 2905 οὐχ
934 2846 1070 2908 ἑτερῳ
1093 2848 1158 2892 fol
1185 2854 1241 2893 64
1265 2849 1440 2893 codicis
1524 2849 1816 2902 terminatur,

146 2903 276 2948 cuius
306 2905 357 2949 in
393 2906 487 2950 imo
518 2922 599 2963 mg
636 2905 908 2962 ὃοκείμειων
939 2913 1020 2950 τοῦ
1059 2906 1311 2967 κονΙδιλίου
1351 2908 1431 2952 καὶ
1469 2915 1574 2964 τοῦῑ
1620 2910 1625 2964 Ι
1669 2907 1816 2961 σειρή-

147 2975 219 3006 σιν
241 2962 290 3006 Μ
