2004 3202
0 0 101 231 ἶ
637 137 784 179 ΠΕΡΙ
815 135 1222 179 ΘοΤΚΤΔΙΔοΤ
1676 136 1784 190 355

19 2810 58 3202 *vaeasspqssm
20 2754 25 2766 ²

101 270 272 342 μένου
300 270 391 323 καὶ
425 270 647 334 ἐλπίσας
677 269 851 340 μέγαν
881 290 939 324 τε
970 273 1197 324 ἔσεσθαι
1228 268 1318 322 καὶ
1352 269 1787 339 ἀξιολογώτατον

101 369 212 413 τῶν
256 359 768 429 προγεγενημένων·
821 361 1274 430 τεκμαιρόμενος,
1329 359 1413 411 ὅτι
1459 358 1785 429 ἀκμάζοντές

101 467 158 502 τε
196 444 337 517 ἦσαν
376 447 431 511 ἐς
468 448 640 501 αὐτὸν
678 447 982 519 ἀμφότεροι
1026 454 1341 518 παρασκευῇ
1381 455 1446 517 τῇ
1483 449 1655 519 πάσῃ,
1695 449 1785 502 καὶ

100 537 161 590 τὸ
185 537 320 590 ἄλλο
345 535 670 605 Ἑλληνικὸν
701 536 850 607 ὁρῶν
881 535 1280 605 ξυνιστάμενον
1308 536 1460 605 πρὸξ
1476 533 1784 606 ἑκατέρους,

100 627 160 679 τὸ
199 622 302 695 μὲν
341 625 538 694 εὐθύς,
583 626 644 678 τὸ
685 623 746 678 δὲ
791 623 882 678 καὶ
933 625 1350 694 διανοούμενον.
1427 627 1642 693 κίνησις
1679 628 1783 695 γὰρ

101 714 236 783 αὕτη
278 715 345 783 δὴ
385 717 611 784 μεγίστη
651 723 767 776 τοῖς
791 712 1058 782 ’Ἕλλησιν
1095 712 1316 782 ἐγένετο
1355 712 1446 766 καὶ
1484 712 1636 784 μέρει
1675 714 1786 767 τινὶ

98 813 210 856 τῶν
234 804 548 874 βαρβάρων,
573 804 646 866 ὡς
670 802 723 856 δ’
746 805 922 857 εἰπεῖν
944 802 1035 856 καὶ
1061 802 1148 856 ἐπὶ
1172 808 1432 856 πλεῖστον
1457 802 1787 873 ἀνθρώπων.

11 909 99 957 »268
115 894 180 946 τὰ
228 894 331 962 γὰρ
378 894 484 962 πρὸ
521 893 527 960 Ι
563 892 746 946 αὐτῶν
791 891 882 945 καὶ
929 894 1009 945 ἔτι
1059 894 1392 961 παλαιότερα
1446 901 1635 960 σαφῶς
1687 889 1788 961 μὲν

3 977 18 1060 1,ἶ
100 981 285 1051 εὑρεῖν
324 983 417 1034 διὰ
456 984 663 1051 χρόνου
701 986 918 1049 πλῆθος
957 980 1236 1034 ἀδύνατον
1266 977 1358 1048 ἦν·
1399 980 1457 1032 ἐκ
1497 977 1558 1033 δὲ
1595 1001 1787 1050 τεκμη-

101 1073 263 1140 ρίων,
319 1066 398 1123 ὧν
453 1069 541 1123 ἐπὶ
595 1072 940 1139 μακρότατον
986 1077 1284 1123 σκοποῦντι
1330 1069 1612 1122 πιστεύειν
1658 1069 1786 1140 ξυμ-

99 1162 306 1228 βαίνει,
354 1159 421 1212 οὐ
474 1160 682 1229 μεγάλα
728 1162 927 1228 νομίζω
983 1157 1245 1226 γενέσθαι
1295 1159 1420 1211 οὔτε
1467 1160 1603 1211 κατὰ
1657 1161 1788 1222 τοὺς

36 1248 38 1251 ⁴
100 1247 374 1318 πολέμους
414 1249 540 1301 οὔτε
581 1247 634 1310 ἐς
672 1249 738 1300 τὰ
778 1249 953 1323 ἄλλα)
981 1248 1107 1299 οὔτε
1147 1247 1220 1309 ὡς
1257 1245 1474 1314 ποιηταὶ
1513 1247 1788 1316 ὑμνήκασι

44 1351 45 1355 ’
99 1336 225 1407 περὶ
250 1337 434 1390 αὐτῶν
459 1335 546 1389 ἐπὶ
570 1338 631 1389 τὸ
657 1339 841 1406 μεῖζον
870 1344 1221 1405 κοσμοῦντες,
1253 1340 1465 1404 μᾶλλον
1496 1336 1787 1403 πιστεύων,

102 1427 226 1479 οὔτε
260 1427 333 1488 ὡς
365 1427 705 1495 λογογράφοι
739 1423 1050 1478 συνέθεσαν
1082 1423 1170 1477 ε’πὶ
1202 1426 1262 1477 τὸ
1295 1426 1789 1494 προσαγωγότερον

43 1579 49 1582 .
99 1522 164 1584 τῇ
205 1513 462 1583 ἀκροάσει
502 1514 533 1582 ἢ
574 1514 971 1585 ἀληθέστερον,
1021 1515 1155 1566 ὄντα
1201 1512 1553 1580 ἀνεξέλεγκτα
1591 1511 1682 1565 καὶ
1720 1515 1786 1566 τὰ

9 1668 13 1675 1
99 1605 275 1656 πολλὰ
330 1603 436 1656 ὑπὸ
492 1606 697 1674 χρόνου
752 1603 935 1656 αὐτῶν
988 1602 1227 1665 ἀπίστως
1275 1600 1361 1654 ἐπὶ
1416 1602 1476 1653 τὸ
1531 1603 1789 1670 μυθῶδες

6 1695 50 1762 3(
102 1690 505 1761 ἐκνενικηκότα·
537 1693 810 1762 εὑρῆσθαι
841 1689 903 1745 δὲ
933 1692 1276 1761 ἡγησάμενος
1310 1690 1366 1743 ἐκ
1390 1699 1501 1743 τῶν
1534 1689 1787 1759 ἐπιφανε-

102 1781 315 1833 στάτων
355 1781 427 1843 ὡς
471 1783 676 1834 παλαιὰ
725 1777 866 1834 εἶναι
906 1780 1285 1851 ἀποχρώντως.
1354 1776 1444 1831 καὶ
1485 1778 1514 1831 ὁ
1553 1780 1788 1847 πόλεμος

4 1851 46 1939 ,1
101 1865 280 1937 οὗτος,
319 1872 513 1938 καίπερ
553 1879 664 1923 τῶν
701 1869 1036 1937 ἀνθ-ρώπων,
1076 1869 1136 1922 ἐν
1176 1862 1219 1940 ᾧ
1250 1865 1351 1938 μὲν
1385 1867 1456 1919 ἂν
1491 1872 1789 1936 πολεμῶσι,

21 1963 23 1966 ⁴
101 1959 199 2011 τὸν
237 1961 484 2028 παρόντα
522 1957 606 2011 ἀεὶ
646 1958 906 2027 μέγιστον
943 1960 1274 2029 κρινόντων,
1321 1955 1688 2025 παυσαμένων
1727 1953 1787 2007 δὲ
1813 1974 1830 2004 ·2

20 2060 25 2074 ³
101 2046 331 2117 τάρχαῖα
370 2051 581 2116 μᾶλλον
625 2050 1049 2116 θαυμαζόντων,
1101 2045 1191 2099 ἀπ’
1232 2046 1416 2099 αὐτῶν
1461 2054 1572 2097 τῶν
1611 2046 1788 2113 ἔργων

9 2126 50 2207 25
103 2143 371 2188 σκοποῦσι
425 2137 661 2203 δηλώσει
725 2136 869 2205 ὅμως
922 2138 1119 2205 μείζων
1172 2133 1534 2203 γεγενημένος
1592 2132 1787 2185 αὐτῶν.

101 2222 190 2276 καὶ
246 2225 346 2276 ὅσα
399 2221 501 2293 μὲν
555 2226 700 2296 λόγῳ
755 2221 913 2277 εἷπον
958 2223 1174 2277 ἕκαστοι
1220 2222 1252 2291 ἢ
1293 2222 1583 2292 μέλλοντες
1629 2225 1785 2274 πολε-

227 2390 371 2439 12—1)
399 2388 498 2440 357,
525 2389 580 2426 ⁶20
612 2383 741 2427 Thue
766 2384 786 2427 I
811 2388 985 2427 21—23

222 2535 248 2575 5
280 2532 360 2576 καὶ
393 2534 501 2575 ante
533 2533 657 2575 διαν.
693 2544 767 2574 om
799 2531 846 2573 M
968 2537 994 2574 6
1027 2532 1085 2588 δὴ
1118 2530 1303 2589 μεγίστη
1329 2534 1378 2577 Μ
1409 2535 1462 2578 ut
1496 2537 1536 2580 Θ
1565 2537 1653 2580 eod
1673 2538 1723 2581 F
1741 2542 1788 2582 et

104 2587 637 2699 Ψᾶῃῖωῗὲῗζιεῗῖτέἱέ
642 2587 740 2692 ‘'31'ss
774 2590 833 2646 δὴ
858 2589 1127 2694 Ρεμὶἔῖσὲῗι
1143 2591 1387 2696 Ἠὲρκὲἷ
1406 2593 1676 2699 ῗὲᾶὲῗῖιῗᾶ
1702 2602 1785 2640 ¹3⁹

107 2714 160 2752 10
185 2716 434 2754 σκοποῦντι
452 2709 567 2752 MP:
594 2706 845 2753 σκοποῦντί
862 2725 940 2765 μοι
955 2709 980 2751 f
987 2710 1028 2753 Θ
1077 2686 1311 2755 πιστεύειν
1327 2711 1441 2757 MP:
1459 2721 1698 2758 πιστεῦσαι
1714 2715 1737 2757 f
1745 2718 1784 2759 Θ

165 2773 217 2811 11
243 2768 578 2825 γεγενῆσθαιΡ
649 2773 703 2811 14
729 2765 989 2813 συνέθεσαν
1079 2766 1416 2826 συνέθησανΡε
1435 2770 1695 2824 ξυνέθεσαν
1713 2774 1736 2816 f
1743 2776 1783 2818 Θ

164 2831 218 2870 17
251 2826 520 2872 ἐκνενικότα
545 2827 603 2870 Ρ1
639 2829 644 2883 1
682 2825 1060 2883 ἐπιφανεστάτων
1091 2829 1205 2873 MP:
1240 2828 1370 2886 ἐπιφ.
1404 2829 1603 2887 σημείων
1634 2832 1657 2874 f
1664 2834 1704 2875 Θ

105 2890 162 2927 20
184 2884 495 2942 παυσαμένων
587 2891 638 2928 21
666 2885 1005 2941 θαυμαζόντων
1028 2886 1171 2931 iterat
1194 2887 1265 2931 Μ1
1356 2893 1406 2933 21
1436 2888 1492 2932 τὰ
1517 2890 1688 2948 ἀρχαῖα
1710 2892 1777 2947 ΘΙ

106 2942 177 2986 ἐπ’
207 2945 277 2987 M¹
397 2951 451 2988 :23
486 2945 694 2989 ἓνκαστοι
722 2945 757 2987 Ρ

1426 3022 1510 3064 23*

1811 1087 1854 1118 10

1813 1529 1854 1561 15
