2004 3202
677 97 824 139 ΠΕΡΙ
854 95 1257 139 ΘοΤΚΤΔΙΔοΤ
1707 95 1815 149 401

78 245 81 252 ’
134 230 271 300 πρὸς
309 231 375 283 τὰ
415 230 737 300 δικαστήρια
774 228 864 283 καὶ
903 231 998 293 τὰς
1037 229 1323 299 ἐκκλησίας
1361 229 1594 298 ἀγῶσιν,
1635 230 1696 284 ἐν
1735 225 1819 294 οἷς

134 337 198 386 γε
236 318 304 387 δὴ
336 319 408 387 μὴ
448 317 573 388 περὶ
604 328 779 387 τιμῶν
810 318 999 382 αὐτοῖς
1030 317 1181 372 ἐστιν
1211 318 1350 372 ἀλλὰ
1381 317 1505 390 περὶ
1537 329 1818 390 τιμωριῶν

79 406 180 460 ’Ὶὸ
219 407 502 469 κίνδυνος·
546 409 667 460 τότε
706 408 810 475 γὰρ
845 406 946 460 οὐκ
979 405 1237 476 ἐπαχθεῖς
1275 408 1450 476 μόνον
1489 405 1630 460 εἰσὶν
1664 409 1670 476 Ι
1707 406 1818 461 ἑτέ-

134 515 278 565 ροις,
337 494 474 548 ἀλλὰ
527 494 618 548 καὶ
673 497 960 564 δυστυχεῖς
1007 494 1222 558 ἑαυτοῖς
1280 494 1672 570 ’ἐκκαλούμενοι
1718 497 1819 549 τὸν

131 585 280 654 παρὰ
317 593 430 637 τῶν
466 588 689 637 πολλῶν
735 586 979 653 φθόνον·
1027 584 1159 637 ὅταν
1206 580 1266 637 δὲ
1314 585 1444 646 τοὺς
1490 583 1693 646 αὐτούς
1732 605 1816 648 τις
1859 603 1883 636 5

133 675 227 743 ἔχῃ
282 673 542 735 δικαστάς
594 693 652 726 τε
703 671 794 725 καὶ
849 675 1203 742 κατηγόρους,
1258 675 1474 742 μυρίων
1528 672 1676 744 αὐτῷ
1731 674 1818 726 δεῖ

133 761 390 831 δακρύων
428 781 485 814 τε
515 760 605 814 καὶ
645 767 846 814 οἴκτων
879 763 955 824 εἰς
987 761 1120 814 αὐτὸ
1153 769 1316 815 τοῦτο
1347 770 1570 831 πρῶτον
1599 762 1660 814 τὸ
1694 760 1807 830 μετ’

132 849 352 912 εὐνοίας
405 850 766 918 ἀκουσθῆναι.
844 850 872 904 ὁ
921 848 980 903 δὲ
1036 851 1359 919 δημαγωγὸς
1414 849 1516 902 οὐκ
1570 849 1814 920 ἀρκεῖται

90 957 98 961 ’
131 939 349 1002 τούτοις
388 937 504 992 ἀλλ’
546 938 953 1009 ἐπεξεργάζεταί
998 958 1054 991 τε
1101 939 1320 1001 τούτοις
1357 937 1448 991 καὶ
1487 939 1813 1008 μεταφράζει

130 1030 196 1081 τὰ
246 1026 509 1097 ῥηθέντα·
565 1027 614 1081 ‘6
661 1047 718 1080 τε
765 1029 869 1098 γὰρ
916 1028 1104 1095 γνούς’
1159 1030 1299 1096 φησί
1342 1025 1450 1079 (καὶ
1497 1027 1569 1096 μὴ
1625 1037 1813 1096 σαφῶς
1836 1048 1880 1080 ιο

131 1116 356 1181 διδάξας
388 1115 449 1168 ἐν
488 1121 587 1188 ἴσῳ
626 1114 717 1169 καὶ
757 1117 805 1169 εἰ
836 1116 908 1185 μὴ
942 1115 1282 1185 ἐνεθυμήθη,
1323 1116 1351 1169 ὅ
1383 1114 1428 1168 τ’
1461 1118 1601 1184 ἔχων
1637 1116 1812 1186 ἀμφό-

129 1225 276 1273 τερα,
315 1213 378 1274 τῆ
421 1202 481 1258 δὲ
519 1207 674 1258 πόλει
715 1205 955 1268 δύσνους
1006 1204 1106 1258 οὐκ
1153 1203 1223 1257 ἂν
1261 1204 1462 1273 ὁμοίως
1507 1224 1559 1257 τι
1601 1206 1812 1268 οἰκείως

130 1294 349 1363 φράζοι·
402 1295 707 1363 προσόντος
762 1290 822 1346 δὲ
872 1292 962 1346 καὶ
1010 1294 1190 1361 τοῦδε,
1245 1295 1480 1363 χρήμασι
1536 1290 1597 1346 δὲ
1651 1313 1811 1346 νικω-

128 1382 317 1452 μένου,
349 1384 414 1435 τὰ
446 1381 729 1451 ξύμπαντα
759 1382 961 1435 τούτου
987 1380 1108 1444 ἑνὸς
1139 1380 1209 1434 ἂν
1239 1381 1514 1434 πωλοῖτο.’
1566 1381 1666 1434 οὐκ
1698 1378 1803 1435 οἷδ’

45 1484 47 1486 ’
129 1471 188 1533 ὅς
219 1490 301 1532 τις
333 1470 403 1523 ἂν
434 1471 841 1540 ὁμολογήσειεν,
882 1472 1056 1541 ὥςπερ
1090 1470 1270 1539 ἀληθῆ
1307 1478 1478 1523 ταῦτα
1508 1466 1594 1539 ἧν,
1635 1470 1808 1534 οὕτως
1834 1490 1876 1522 15

126 1558 218 1612 καὶ
264 1562 611 1630 προσήκοντα
661 1555 804 1612 εἶναι
850 1559 958 1612 ὑπὸ
1005 1558 1343 1628 Περικλέους
1391 1558 1451 1611 ἐν
1489 1557 1810 1627 Ἀθηναίοις

127 1647 516 1717 ἠρεθισμένοις
554 1648 690 1718 πρὸς
728 1647 930 1709 αὐτοὺς
969 1646 1244 1715 λέγεσθαι.
1321 1643 1392 1714 ἦν
1430 1646 1496 1699 δέ
1531 1667 1593 1714 γε
1633 1647 1733 1716 οὐχ
1773 1647 1805 1716 ἡ

127 1746 239 1789 τῶν
276 1740 582 1806 κρατίστων
621 1735 1025 1805 ἐνθυμημάτων
1063 1755 1118 1788 τε
1150 1734 1239 1788 καὶ
1271 1736 1563 1804 νοημάτων
1594 1735 1808 1806 εὕρεσις

128 1825 264 1894 αὐτὴ
327 1823 454 1878 καθ’
511 1823 711 1893 ἑαυτὴν
773 1823 896 1888 ἀξία
965 1825 1235 1893 σπουδῆς,
1298 1825 1346 1877 εἰ
1407 1824 1479 1893 μὴ
1539 1822 1629 1876 καὶ
1691 1834 1806 1887 τοῖς

126 1914 442 1984 πράγμασιν
497 1918 579 1980 εἴη
639 1914 987 1982 προσήκοντα
1039 1910 1130 1964 καὶ
1183 1921 1298 1974 τοῖς
1347 1913 1661 1982 προσώποις
1714 1912 1803 1966 καὶ
1830 1933 1871 1965 20

126 2010 242 2064 τοῖς
279 2010 492 2070 καιροῖς
537 1998 627 2052 καὶ
675 2009 789 2062 τοῖς
838 2002 1024 2063 ἄλλοις
1070 2001 1294 2053 ἅπασιν·
1343 1999 1460 2053 ἀλλ’
1500 2002 1674 2071 ὥςπερ
1713 2001 1804 2055 καὶ

126 2088 239 2143 κατ’
280 2090 448 2159 ἀρχὰς
488 2091 654 2158 ἔφην,
701 2089 802 2156 τὴν
841 2086 1038 2140 ἑαυτοῦ
1076 2089 1302 2157 γνώμην
1341 2088 1804 2159 ἀποδεικνύμενος

68 2179 170 2233 2ὃὸ
212 2176 603 2250 συγΙγραφεύς,
650 2177 721 2245 ἣν
761 2173 868 2245 εἶχε
907 2175 1031 2246 περὶ
1079 2184 1173 2244 τῆς
1212 2176 1547 2247 Περικλέους
1593 2178 1803 2247 ἀρετῆς,

124 2268 271 2337 παρὰ
336 2269 507 2327 τόπον
568 2267 746 2318 ἔοικεν
806 2264 1079 2334 εἰρηκέναι
1140 2273 1323 2318 ταῦτα.
1409 2265 1574 2335 ἐχρῆν
1628 2265 1693 2319 δέ
1741 2287 1803 2335 γε

125 2356 295 2409 αὐτὸν
348 2352 449 2424 μὲν
495 2355 524 2407 ὅ
570 2374 621 2406 τι
668 2353 923 2422 βούλεται
976 2351 1101 2423 περὶ
1155 2361 1253 2406 τοῦ
1309 2353 1511 2423 ἀνδρὸς
1564 2354 1800 2424 ἀποφαί-
1825 2374 1866 2407 25

244 2520 299 2558 10
331 2514 460 2557 Thuc
485 2514 527 2556 Π
552 2518 621 2569 60,
648 2518 672 2556 6

182 2652 197 2672 ¹
242 2667 269 2705 4
302 2662 630 2717 ἐκκαλούμενοι
661 2661 774 2705 MP:
809 2660 862 2717 ἐμ
894 2661 1140 2718 αλούμενοι
1163 2661 1186 2704 f
1302 2666 1328 2705 5
1362 2660 1560 2719 φθόνων
1590 2678 1645 2719 pr
1673 2663 1708 2706 P

125 2727 178 2765 11
212 2721 292 2766 καὶ
324 2722 366 2765 εἰ
395 2721 561 2765 ΜΡΘε
595 2719 636 2764 εἰ
666 2720 746 2763 καὶ
770 2719 820 2777 f!
906 2736 952 2764 τε
976 2720 999 2763 f
1116 2725 1169 2764 13
1204 2719 1367 2777 φράζει
1390 2722 1414 2764 f
1495 2727 1549 2765 14
1582 2724 1666 2766 οὐκ
1700 2718 1791 2766 οἷδ’

124 2779 175 2831 ὅς
197 2780 311 2825 MP:
345 2782 429 2825 οὐκ
455 2776 546 2824 οἷδ’
578 2778 625 2823 εἴ
648 2779 672 2821 f
699 2776 801 2823 οὐδ’
839 2776 929 2823 οἷδ’
961 2778 1055 2823 εἶ’Ῑι
1280 2785 1331 2824 17
1367 2779 1681 2837 ἐρεθισμένοις
1705 2782 1751 2823 Μ
1788 2784 1791 2838 ξ

122 2840 296 2891 αὐτοὺς
326 2839 468 2883 MPf:
502 2838 644 2882 αὐτὸν
676 2837 892 2882 Reiskius
1051 2843 1106 2882 20
1137 2839 1218 2883 καὶ
1248 2847 1345 2890 τοῖς
1375 2841 1636 2895 προσώποις
1668 2855 1741 2883 om
1774 2855 1797 2882 1·

184 2903 237 2942 21
272 2897 382 2954 ὅπερ
415 2897 554 2941 MPf:
589 2910 690 2940 corr
721 2897 926 2941 Sadaeus
957 2913 988 2955 p
1015 2903 1098 2941 173
1190 2902 1245 2941 23
1279 2895 1401 2955 εἶχεν
1426 2899 1493 2941 Pf
1591 2905 1646 2941 24
1672 2897 1800 2954 y'Pf

212 2980 322 3013 Dion.
346 2981 543 3012 Halicarn.
575 2980 619 3012 V.
1475 2977 1529 3015 ‘26
