2004 3202
124 109 235 160 214
547 112 887 155 ΔΙΟΝΥΣΙΟΤ
917 111 1382 179 ΑΛΙΚΑΡΝᾼΣΕῼΣ

122 251 199 316 τῷ
238 247 406 317 λόγῳ,
451 246 748 316 παρελθὼν
785 247 914 307 τοὺς
951 246 1177 312 ποιητὰς
1217 244 1274 298 ἐκ
1312 252 1405 313 τῆς
1445 247 1796 298 Θουκυδίδου

123 331 316 397 λέξεως
353 336 514 386 ταυτί
541 374 698 386 .....
761 333 998 386 (Τούτου
1031 329 1091 384 δὲ
1129 340 1228 385 τοῦ
1265 332 1507 402 πολέμου
1538 335 1707 402 μῆκός
1737 353 1795 387 τε

122 420 260 489 μέγα
289 423 521 490 προῦβη,
553 422 849 490 παθήματά
875 441 932 473 τε
960 420 1158 489 ξυνέβη
1191 420 1451 488 γενέσθαι
1483 430 1545 491 τῇ
1571 421 1794 475 Ἑλλάδι

120 511 298 562 πολλὰ
337 503 426 562 οἷα
466 510 565 579 οὐχ
604 509 759 579 ἕτερα
799 509 858 562 έν
898 514 997 581 ἴσῳ
1038 512 1231 581 χρόνῳ.
1301 511 1427 562 οὔτε
1466 512 1568 580 γὰρ
1608 513 1795 573 πόλεις

75 616 97 648 5
122 599 341 650 τοσαίδε
373 603 672 667 ληφθεῖσαι
710 598 1085 667 ἠρημώθησαν
1117 600 1178 650 αἳ
1211 595 1313 666 μὲν
1341 599 1449 651 ὑπὸ
1481 600 1792 668 βαρβάρων,

121 688 182 738 αἳ
225 683 284 738 δὲ
331 687 437 739 ὑπὸ
486 696 643 755 σφῶν
682 686 864 738 αὐτῶν
903 686 1432 755 ἀντιπολεμούντων,
1479 686 1583 740 εἰσὶ
1631 684 1690 740 δὲ
1737 690 1797 740 αἳ

119 773 211 826 καὶ
275 777 559 845 οἰκήτορας
615 774 926 843 ,μετέβαλον
987 775 1363 844 ἁλισκόμεναι,
1433 777 1557 828 οὔτε
1620 775 1792 844 φυγαὶ

119 864 338 915 τοσαίδε
385 863 699 931 ἀνθρώπων
744 861 834 915 καὶ
882 866 1054 932 φόνος
1101 863 1130 916 ὃ
1178 861 1278 932 μὲν
1323 863 1440 916 κατ’
1480 864 1649 932 αὐτὸν
1695 866 1794 917 τὸν

119 953 375 1020 πόλεμον,
416 951 443 1003 ὃ
477 948 537 1003 δὲ
570 952 663 1004 διὰ
693 952 753 1004 τὸ
787 954 1108 1016 στασιάζειν.
1163 954 1228 1004 τά
1263 973 1319 1005 τε
1356 955 1626 1022 πρότερον
1657 952 1790 1023 ἀκοῇ

54 1057 95 1087 10
119 1036 220 1107 μὲν
259 1042 545 1108 λεγόμενα,
594 1043 734 1112 ἔργω
775 1038 835 1093 δὲ
875 1042 1250 1111 σπανιώτερον
1288 1042 1653 1109 βεβαιούμενα
1693 1040 1793 1093 οὐκ

119 1129 315 1180 ἄπιστα
353 1127 579 1196 κατέστη
620 1139 859 1198 σεισμῶν
896 1149 952 1182 τε
991 1129 1134 1199 πέρι,
1175 1133 1231 1182 οἳ
1267 1128 1354 1182 ε’πὶ
1392 1134 1649 1182 πλεῖστον
1683 1129 1793 1197 ἅμα

117 1215 279 1285 μέρος
317 1225 415 1284 γῆς
453 1215 542 1269 καὶ
585 1219 931 1287 ἰσχυρότατοι
972 1219 1024 1271 οἱ
1063 1217 1221 1271 αὐτοὶ
1261 1217 1506 1286 ε’πέσχον,
1544 1217 1706 1285 ἡλίου
1736 1215 1784 1269 τ’

118 1303 406 1373 ἐκλείψεις,
457 1306 463 1374 Ι
522 1309 582 1358 αι
631 1309 962 1377 πυκνότεραι
1016 1309 1163 1377 παρὰ
1217 1309 1283 1359 τά
1337 1306 1395 1358 ἐκ
1448 1314 1547 1359 τοῦ
1600 1305 1734 1375 πρὶν
1767 1319 1879 1358 1075

116 1395 319 1460 χρόνου
372 1397 824 1463 μνημονευόμενα
882 1394 1216 1464 συνέβησαν,
1280 1394 1484 1473 αὐχμοί
1539 1393 1587 1446 τ’
1642 1397 1792 1446 ἔστιν

52 1498 129 1532 15
116 1479 239 1549 παρ’
281 1475 362 1544 οἷς
408 1483 634 1550 μεγάλοι
681 1481 770 1534 καὶ
819 1481 910 1534 ἀπ’
951 1483 1133 1535 αὐτῶν
1170 1482 1261 1535 καὶ
1301 1477 1449 1550 λιμοὶ
1488 1481 1588 1534 καὶ
1617 1482 1649 1549 ἡ
1691 1481 1791 1550 οὐχ

116 1570 307 1636 ήκιστα
321 1572 607 1646 βλάψασα
660 1569 750 1623 καὶ
804 1570 968 1640 μέρος
1014 1591 1066 1623 τι
1114 1574 1392 1640 φθείρασα
1437 1591 1469 1638 η
1518 1571 1790 1639 λοιμώδης

115 1659 311 1719 νόσος.’
365 1659 398 1726 ἡ
439 1656 540 1727 μὲν
579 1659 646 1726 δὴ
686 1659 871 1728 πρώτη
911 1669 1022 1711 τῶν
1055 1658 1397 1728 ἁρμονιῶνὴ
1438 1660 1659 1726 γεννικὴ
1699 1657 1790 1711 καὶ
1991 1678 1995 1716 3

115 1745 359 1815 αὐστηρὰ
387 1745 477 1799 καὶ
506 1750 871 1817 μεγαλόφρων
893 1746 982 1800 καὶ
1007 1749 1066 1800 τὸ
1093 1744 1489 1817 ἀρχαιοπρεπὲς
1513 1748 1791 1799 διώκουσα
1841 1766 1845 1771 ’

114 1835 299 1887 τοιάδε
337 1838 419 1897 τίς
459 1835 570 1887 ε’στι
609 1837 743 1888 κατὰ
782 1837 879 1888 τὸν
917 1844 1240 1906 χαρακτῆρα.
1990 1881 1994 1905 ,

26 1919 98 1971 40
227 1922 258 1990 ἡ
300 1920 360 1975 δὲ
398 1925 530 1992 μετὰ
569 1925 773 1992 ταύτην
811 1925 915 1993 <ἡ>
955 1927 1211 1995 γλαφυρὰ
1253 1924 1343 1977 καὶ
1389 1925 1652 1994 θεατρικὴ
1699 1923 1789 1976 καὶ

48 2029 89 2059 21
115 2012 175 2063 τὸ
216 2010 438 2079 ’κομψὸν
477 2011 775 2080 αἱρουμένη
822 2014 928 2082 πρὸ
975 2022 1074 2066 τοῦ
1122 2022 1324 2082 σεμνοῦ
1370 2013 1620 2080 τοιαύτη·
1666 2013 1790 2065 ὀνο·

114 2100 299 2167 μάτων
330 2098 436 2151 αἰεὶ
475 2101 731 2168 βούλεται
771 2103 1071 2169 λαμβάνειν
1102 2104 1167 2154 τὰ
1207 2104 1454 2155 λειότατα
1492 2100 1582 2154 καὶ
1620 2106 1789 2170 μαλα-

114 2188 340 2255 κώτατα,
381 2188 480 2255 τὴν
512 2188 793 2257 εὐφωνίαν
822 2189 1117 2259 θηρωμένη
1149 2189 1238 2242 καὶ
1271 2192 1370 2258 τὴν
1401 2189 1700 2259 εὐμέλειαν,
1735 2188 1787 2253 ἐξ

115 2275 296 2328 αὐτῶν
335 2274 394 2328 δὲ
434 2278 494 2328 τὸ
534 2277 653 2344 ἡδύ.
724 2280 907 2330 ἔπειτα
946 2279 1046 2347 οὐχ
1093 2280 1165 2341 ὡς
1204 2281 1394 2347 ε”τυχεν
1432 2278 1574 2342 ἀξιοῖ
1619 2287 1788 2331 ταῦτα

235 2425 258 2461 2
291 2420 584 2475 Thucydides
616 2422 637 2464 I
671 2428 737 2477 23,
766 2427 887 2465 1—4

234 2556 257 2592 2
291 2549 453 2603 λέξεων
486 2552 522 2593 Β
566 2554 570 2608 Ι
613 2552 794 2596 hiatum
825 2555 1041 2599 Reiskius
1082 2555 1247 2599 sensit
1385 2559 1411 2596 3
1443 2552 1708 2611 ξυνηνέχθη
1745 2556 1785 2598 Θ

115 2610 163 2651 et
195 2615 235 2652 Δ
268 2609 324 2652 de
357 2610 484 2653 Thue
523 2625 553 2666 p
578 2615 662 2654 860
705 2615 709 2667 l
755 2612 804 2656 ἐν
838 2615 959 2673 αὐτῷ
996 2617 1103 2671 post
1141 2612 1362 2670 γενέσθαι
1400 2612 1563 2657 inserit
1594 2628 1622 2655 v
1656 2627 1709 2655 ex
1746 2615 1786 2657 Θ

115 2670 163 2711 et
194 2673 235 2711 A
265 2683 295 2723 p
328 2673 413 2711 860
527 2674 554 2710 4
591 2670 738 2712 πολλὰ
769 2685 843 2714 om
871 2675 909 2716 Θ
941 2675 988 2716 eb
1020 2678 1061 2716 Δ
1097 2689 1128 2729 p
1159 2678 1246 2717 860
1367 2676 1392 2715 5
1424 2674 1688 2727 λειφθεῖσαι
1720 2672 1779 2725 Ρ1

114 2727 205 2770 ὑπὸ
240 2740 313 2769 om
345 2742 373 2768 v
405 2727 494 2771 ὑπὸ
528 2727 563 2769 Β
717 2734 770 2772 14
802 2729 1058 2788 συνέβησαν
1090 2732 1177 2775 vM
1207 2747 1238 2788 p
1266 2736 1348 2775 861
1503 2736 1556 2773 15
1589 2730 1667 2773 καὶ
1701 2731 1783 2787 οὐχ

113 2784 276 2841 ἥκιστα
308 2785 386 2828 καὶ
418 2786 445 2841 ἡ
479 2801 508 2828 v
539 2786 567 2841 ἡ
600 2786 649 2828 in
684 2790 723 2831 Θ
756 2801 830 2830 om
862 2790 1038 2833 ABEF
1162 2796 1214 2834 16
1241 2787 1504 2848 βλέψασαΒ
1628 2793 1681 2831 17
1714 2805 1784 2844 γε-

113 2844 219 2900 νικὴ
246 2844 421 2887 MBPv
572 2849 627 2887 20
673 2846 700 2901 ἡ
741 2845 935 2891 inseruit
973 2849 1153 2905 Kriiger
1312 2853 1367 2891 23
1415 2845 1651 2903 εὐμέλειαν
1684 2847 1785 2903 Syl-

112 2902 325 2959 burgius:
361 2901 595 2958 ἐκμέλειαν
620 2904 654 2946 Ρ
702 2903 939 2959 ἐμμέλειαν
964 2908 1058 2950 ΜΒ
