2004 3202
0 1345 9 1392 ἰ

0 1415 10 1570 {i

810 125 1157 169 120KPATH2
1752 125 1819 179 81

145 262 202 316 δ’
241 265 421 316 αἴτιόν
453 261 618 329 ἐστιν,
652 261 735 315 ὅτι
766 267 1047 331 προσῆκον
1075 260 1216 330 ὑμᾶς
1248 259 1450 329 ὁμοίως
1480 269 1592 312 τῶν
1620 271 1825 314 κοινῶν

143 353 327 421 ὥσπερ
366 359 477 403 τῶν
518 351 677 403 ἰδίων
716 350 1067 417 σπουδάζειν,
1122 348 1188 402 οὐ
1234 349 1336 417 τὴν
1361 348 1555 416 ἀὐτὴν
1599 350 1825 418 γνώμην

145 442 292 509 ἔχετε
343 437 469 509 περὶ
523 437 734 506 αὐτῶν,
796 436 916 491 ἀλλ’
971 438 1103 491 ὅταν
1155 434 1256 507 μὲν
1307 434 1447 507 ὑπὲρ
1500 446 1613 490 τῶν
1667 438 1826 491 ἰδίων

145 527 515 597 βουλεύησθε,
570 530 770 595 ζητεῖτε
827 527 1177 596 συμβούλους
1228 527 1359 588 τοὺς
1412 527 1640 595 ἄμεινον
1690 545 1826 597 φρο-

144 624 382 679 νοῦντας
426 617 584 685 ὑμῶν
630 616 835 683 αὐτῶν,
888 616 1021 669 ὅταν
1066 613 1117 668 δ’
1162 611 1301 686 ὑπὲρ
1348 622 1443 683 τῆς
1487 617 1697 678 πόλεως
1745 615 1828 668 ἐκ·

145 706 480 774 κλησιάζητε,
519 713 635 767 τοῖς
673 702 775 774 μὲν
809 705 1082 767 τοιούτοις
1113 703 1386 758 ἀπιστεῖτε
1423 702 1515 756 καὶ
1547 709 1827 773 φθονεῖτε,

145 796 276 856 τοὺς
322 790 383 846 δὲ
429 794 841 863 πονηροτάτους
893 802 1005 846 τῶν
1060 792 1149 846 ἐπὶ
1200 794 1261 846 τὸ
1316 796 1463 862 βῆμα
1513 795 1829 863 παριόντων

147 882 417 935 ἐπαινεῖτε
485 881 575 935 καὶ
645 885 888 951 νομίζετε
956 881 1426 952 δημοτικωτέρους
1493 877 1636 935 εἶναι
1700 885 1830 946 τοὺς

147 971 458 1040 μεθύοντας
497 980 608 1023 τῶν
646 973 940 1039 νηφόντων
978 969 1068 1023 καὶ
1107 972 1236 1032 τοὺς
1274 978 1415 1024 νοῦν
1462 970 1562 1024 οὐκ
1607 972 1830 1040 ἔχοντας

146 1069 260 1113 τῶν
298 1056 359 1112 εὖ
400 1060 765 1128 φρονούντων
802 1057 892 1112 καὶ
932 1061 1061 1122 τοὺς
1099 1061 1164 1112 τὰ
1202 1067 1297 1127 τῆς
1334 1061 1543 1122 πόλεως
1578 1061 1829 1130 διανεμο-

149 1147 350 1216 μένους
373 1157 484 1200 τῶν
509 1147 566 1201 ἐκ
590 1155 684 1216 τῆς
715 1149 929 1216 <ῑδίας>
962 1147 1152 1210 οὐσίας
1178 1148 1313 1216 ὑμῖν
1344 1149 1830 1218 λειτουργούντων.

148 1234 276 1289 ὥστ’
317 1235 473 1300 ἄξιον
510 1237 830 1305 θαυμάζειν,
871 1242 925 1289 εἴ
957 1256 1040 1299 τις
1079 1235 1278 1301 ἐλπίζει
1316 1237 1418 1304 τὴν
1454 1238 1621 1289 πόλιν
1650 1238 1831 1291 τοιού-

148 1344 265 1387 τοις
304 1325 639 1394 συμβούλοις
685 1323 972 1394 χρωμένην
1018 1323 1103 1378 ἐπὶ
1151 1326 1211 1378 τὸ
1260 1324 1479 1393 βέλτιον
1525 1324 1830 1379 ἐπιδώσειν.

151 1412 256 1480 ἐγὼ
309 1411 360 1467 δ’
410 1409 536 1466 οἶδα
580 1413 704 1482 μέν,
759 1414 842 1466 ὅτι
887 1412 1190 1484 πρόσαντές
1237 1413 1386 1466 ἐστιν
1441 1413 1830 1469 ἐναντιοῦσθαι

149 1511 268 1564 ταῖς
308 1501 594 1571 ὑμετέραις
634 1504 907 1565 διανοίαις
944 1500 1034 1555 καὶ
1075 1503 1217 1555 διότι
1257 1503 1623 1572 δημοκρατίας
1666 1505 1833 1572 οὔσης

0 1584 2 1587 ’
61 1604 146 1643 572
174 1590 274 1643 οὐκ
321 1593 435 1643 ἔστι
483 1594 760 1661 παρρησία
805 1592 951 1660 πλὴν
998 1590 1200 1644 ἐνθάδε
1247 1588 1347 1660 μὲν
1390 1591 1394 1661 Ι
1437 1599 1551 1654 τοῖς
1598 1591 1832 1662 ἀφρονε-

152 1679 368 1741 στάτοις
422 1678 512 1732 καὶ
567 1677 740 1749 μηδὲν
790 1680 948 1749 ὑμῶν
1009 1682 1427 1750 φροντίζουσιν,
1491 1679 1551 1732 ἐν
1605 1677 1666 1733 δὲ
1718 1689 1833 1744 τοῖς

150 1768 407 1838 θεάτροις
445 1777 561 1831 τοῖς
598 1770 1198 1841 κωμῳδοδιδασκάλοις.
1268 1768 1297 1821 ὃ
1336 1767 1427 1821 καὶ
1465 1770 1688 1822 πάντων
1721 1768 1832 1823 ἐστὶ

152 1858 495 1924 δεινότατον,
544 1857 626 1910 ὅτι
666 1866 781 1920 τοῖς
819 1854 920 1927 μὲν
960 1857 1290 1927 ἐκφέρουσιν
1336 1859 1413 1920 εἰς
1457 1859 1587 1920 τοὺς
1633 1859 1834 1921 ἄλλους

137 1944 409 2012 ”Ἐλληνας
448 1946 582 2012 <τά>
622 1953 716 2013 τῆς
754 1948 962 2008 πόλεως
1001 1946 1354 2016 ἁμαρτήματα
1385 1947 1658 2015 τοσαύτην
1689 1949 1834 2015 ε”χετε
1859 1964 1878 1994 ‘2

155 2034 342 2102 χάριν,
384 2034 520 2102 ὅσην
560 2031 690 2086 οὐδὲ
729 2043 843 2097 τοῖς
881 2031 942 2087 εὖ
982 2043 1228 2102 ποιοῦσι,
1278 2036 1416 2104 πρὸς
1455 2032 1514 2087 δὲ
1553 2037 1683 2097 τοὺς
1723 2035 1835 2087 ἐπι-

153 2123 492 2189 πλήττοντας
536 2121 625 2174 καὶ
674 2128 1082 2185 νουθετοῦντας
1126 2123 1266 2192 ὑμᾶς
1313 2123 1454 2176 οὕτω
1501 2126 1834 2176 θιατίθεσθε

154 2211 453 2278 δυσκόλως,
492 2211 673 2280 ὥσπερ
711 2212 849 2281 πρὸς
887 2213 1016 2273 τοὺς
1054 2213 1223 2264 κακόν
1260 2231 1313 2264 τι
1351 2211 1452 2279 τὴν
1482 2213 1646 2264 πόλιν
1679 2211 1835 2281 ἐργα-

155 2298 428 2367 ζομένους.
506 2299 651 2368 ὅμως
698 2297 758 2352 δὲ
811 2298 901 2351 καὶ
955 2300 1168 2352 τούτων
1213 2300 1574 2369 ὑπαρχόντων
1619 2299 1720 2353 οὐκ
1766 2299 1835 2352 ἂν

276 2464 297 2502 1
326 2457 517 2516 αἴτιό[ν]
535 2458 594 2502 F’
612 2459 618 2518 Ι
638 2459 758 2515 ἡμᾶς
775 2459 812 2502 Β
830 2459 912 2503 sed
929 2458 978 2502 in
993 2474 1071 2516 mg
1087 2460 1207 2515 ὑμᾶς
1225 2459 1230 2519 Ι
1252 2457 1368 2515 ὑπὲρ
1388 2468 1478 2504 τῶν
1495 2467 1666 2504 κοινῶν
1685 2458 1833 2514 ὥσπερ

154 2515 272 2573 ὑπὲρ
295 2517 339 2560 Is
363 2517 472 2561 hinc
488 2516 604 2574 ὑπὲρ
629 2526 720 2563 τῶν
744 2526 915 2563 κοινῶν
938 2534 968 2561 v
1051 2524 1077 2562 2
1103 2518 1380 2572 σπουδάζειν
1425 2517 1687 2575 φροντίζειν
1711 2519 1835 2561 Fuhr

274 2582 301 2620 4
327 2576 580 2635 συμβόλους
596 2578 631 2621 Ρ
724 2582 749 2621 5
774 2575 826 2621 δὲ
844 2579 959 2632 ὑπερ
984 2577 1084 2634 (sio)
1102 2577 1136 2621 F
1221 2582 1246 2621 8
1281 2579 1524 2636 νομιζε[τε]
1542 2578 1613 2620 Μ1
1630 2592 1735 2621 eum
1759 2591 1833 2621 ras

276 2639 330 2679 12
363 2634 472 2680 ὥστε
506 2637 541 2679 F
627 2642 679 2681 13
711 2637 970 2680 ὑποδώσειν
995 2637 1052 2679 F¹
1126 2641 1179 2680 15
1212 2637 1292 2681 καὶ
1325 2636 1393 2682 ὅτι
1417 2638 1459 2680 Is
1472 2638 1496 2740 ὲ
1524 2635 1836 2694 δημοκρατίας

158 2706 214 2737 ex
245 2693 582 2750 δημοκρατείας
613 2695 648 2739 F
773 2701 824 2739 16
858 2695 977 2752 πλὴν
1010 2694 1186 2740 ἐνθάδε
1225 2694 1309 2752 μὲν
1346 2698 1430 2741 οὐκ
1495 2710 1563 2740 στι
1601 2694 1835 2752 παρρησία

159 2751 342 2796 FMBP
406 2759 459 2798 18
484 2754 919 2811 κωμωδιδασκάλοις
936 2754 1118 2798 FMBP
1182 2760 1235 2798 19
1260 2756 1367 2806 τοὺς
1387 2753 1471 2811 μὲν
1488 2755 1546 2798 F¹
1607 2759 1663 2798 20
1688 2753 1834 2810 ἁμάρ-

158 2825 279 2867 τημα
310 2811 391 2855 FB
485 2819 536 2857 21
563 2821 659 2865 τοῖς
682 2828 738 2858 ex
762 2815 868 2864 τοὺς
892 2813 950 2856 F²
976 2815 982 2870 Ι
1010 2820 1223 2858 ποιοῦσιν
1248 2814 1285 2857 Β
1326 2821 1581 2870 φρονοῦσιν
1606 2813 1654 2856 in
1678 2829 1757 2869 mg
1782 2830 1832 2868 γρ

159 2877 373 2915 ποιοῦσιν
389 2872 424 2914 Ρ
445 2872 450 2929 Ι
471 2873 586 2927 πρὸς
609 2871 660 2916 δὲ
677 2874 784 2924 τοὺς
809 2871 1165 2928 ἐπιπλήττοντας
1187 2874 1256 2917 M:
1281 2875 1389 2924 τοὺς
1408 2872 1456 2917 δ’
1480 2872 1835 2927 ἐπιπλήττοντας

162 2926 287 2971 FBP
407 2935 463 2973 24
497 2933 579 2975 οὐκ
612 2929 671 2976 ἂν
704 2930 754 2976 δὲ
789 2933 823 2974 F
834 2933 846 2957 ¹
882 2931 950 2975 ita
982 2935 1034 2976 ut
1072 2930 1123 2976 δὲ
1164 2932 1328 2976 eadem
1359 2946 1499 2976 manu
1538 2931 1741 2975 deletum
1774 2929 1835 2972 sit

250 3009 359 3043 Dion.
384 3012 580 3047 Halicarn.
617 3014 660 3046 V.
1546 3011 1570 3048 6

1856 1079 1896 1110 10

1857 1519 1898 1551 15
