2004 3202
15 1845 39 1947 ἐ

16 1956 50 2065 ξ

708 144 853 185 ΠΕΡΙ
882 141 1229 186 AEINAPXOT
1719 138 1826 191 309

150 279 486 349 ἐξεργασίαις
524 286 636 330 τῶν
675 277 1106 346 ἐπιχειρημάτων
1143 273 1233 328 καὶ
1273 283 1390 336 ταῖς
1428 289 1830 343 προκατασκευ-

150 376 236 430 αῖς
273 365 364 419 καὶ
403 374 520 428 ταῖς
561 364 784 434 ἐφόδοις
822 363 912 417 καὶ
951 373 1066 427 τοῖς
1105 365 1293 426 ἄλλοις
1324 371 1592 431 τεχνικοῖς
1623 380 1830 431 παραγ-

149 455 437 525 γέλμασιν,
485 454 518 507 ἃ
563 453 689 523 περὶ
737 455 942 522 ταύτην
984 451 1097 506 ἐστὶ
1136 453 1237 521 τὴν
1278 450 1455 519 ἰδέαν,
1502 452 1736 520 μάλιστα
1774 449 1821 502 δ’

150 543 322 597 αὐτοῦ
369 544 610 596 λείπεται
652 551 715 613 τῇ
757 545 1061 613 συμμετρίᾳ
1097 540 1189 594 καὶ
1226 547 1304 612 τῷ
1340 541 1514 611 καιρῷ
1553 538 1679 607 <καὶ
1719 540 1830 610 τῷ)

149 631 428 702 πρέποντι.
502 630 641 699 λέγω
682 628 742 683 δὲ
782 639 951 684 ταῦτα
991 630 1091 684 οὐκ
1131 629 1192 683 ἐν
1230 636 1305 702 τῷ
1343 631 1593 682 καθόλου
1630 629 1832 698 τρόπῳ,
1879 648 1898 680 5

151 721 224 783 ὡς
262 717 435 790 μηδὲν
472 721 685 773 τούτων
722 726 1149 789 κατορθοῦντος,
1189 717 1305 771 ἀλλ’
1340 717 1400 771 ἐν
1430 724 1507 790 τῷ
1537 714 1832 786 κοινοτέρῳ

150 807 241 862 καὶ
282 810 354 871 ὡς
395 807 481 861 ἐπὶ
520 810 581 861 τὸ
621 809 777 871 πολύ.
841 806 912 860 δι’
949 807 1082 859 αὐτὸ
1115 809 1220 877 γὰρ
1253 814 1415 860 τοῦτο
1446 804 1536 859 καὶ
1570 806 1834 875 ἄγροικόν

150 917 296 960 τινες
327 895 702 966 Δημοσθένην
740 898 954 965 ἔφασαν
994 896 1235 963 <αὐτὸν>
1277 891 1436 962 εἶναι,
1474 895 1609 948 κατὰ
1648 894 1709 946 τὸ
1751 891 1834 945 ε’λ-

152 982 306 1048 λιπὲς
359 993 454 1053 τῆς
508 987 824 1054 οἰκονομίας
878 985 1083 1052 ταύτην
1131 982 1256 1054 περὶ
1303 984 1475 1037 αὐτοῦ
1520 984 1621 1051 τὴν
1668 981 1836 1046 δόξαν

153 1077 436 1142 λαβόντες·
475 1075 536 1126 τὸ
577 1075 681 1143 γὰρ
722 1075 986 1142 ἄγροικον
1024 1081 1122 1126 τοῦ
1160 1078 1448 1126 πολιτικοῦ
1488 1074 1736 1141 σώματος
1768 1070 1834 1124 οὐ
1861 1091 1903 1123 10

152 1171 365 1234 μορφῇ,
419 1170 721 1233 κατασκευῇ
777 1159 839 1214 δὲ
888 1160 979 1214 καὶ
1026 1160 1276 1214 διαθέσει
1323 1160 1434 1214 τινὶ
1479 1168 1574 1229 τῆς
1620 1167 1836 1230 μορφῆς

152 1253 456 1320 διήνεγκεν.
1407 1310 1411 1313 ,

265 1340 298 1393 ἃ
337 1338 438 1409 μὲν
478 1336 581 1393 οὖν
621 1338 898 1408 ἐνεδέχετοΙ
935 1338 1060 1409 περὶ
1100 1347 1198 1392 τοῦ
1237 1347 1574 1409 χαρακτῆρος
1612 1346 1711 1391 τοῦ
1743 1337 1837 1390 ἀν-
1861 1342 1894 1394 9

154 1430 286 1498 δρὸς
334 1429 519 1498 εὑρεῖν
564 1449 622 1481 τε
667 1427 758 1481 καὶ
806 1428 1037 1498 γράψαι,
1084 1426 1232 1479 ταῦτ’
1281 1426 1454 1494 ε’στίν,
1502 1426 1590 1480 ἐπὶ
1638 1424 1699 1479 δὲ
1737 1427 1838 1495 τὴν

152 1527 263 1570 τῶν
309 1519 491 1585 λόγων
538 1518 841 1584 διάγνωσιν
886 1515 1167 1585 τρέψομαι.
1251 1525 1365 1578 τοῖς
1411 1513 1512 1585 μὲν
1559 1511 1662 1569 οὖν
1708 1535 1837 1583 γνη-
1863 1534 1904 1566 15

155 1609 296 1668 σίοις
345 1605 477 1658 αὐτὸ
524 1607 585 1658 τὸ
633 1612 728 1673 τῆς
775 1604 1098 1674 ἀναγραφῆς
1143 1604 1439 1673 προσέσται
1479 1607 1677 1674 μόνον,
1724 1613 1840 1666 τοῖς

154 1691 215 1747 δὲ
262 1692 490 1757 ψευδέσι
536 1695 601 1746 τὰ
647 1699 747 1746 τοῦ
794 1692 838 1745 τ’
886 1692 1113 1762 ἐλέγχου
1151 1691 1241 1745 καὶ
1280 1700 1375 1761 τῆς
1414 1695 1591 1756 αἰτίας
1630 1694 1839 1763 διηκρι-

154 1781 398 1852 βωμένα,
453 1781 525 1834 δι’
579 1782 649 1850 ἣν
703 1781 934 1835 ἕκαστον
981 1781 1291 1851 ἀθετοῦμεν
1338 1782 1535 1835 αὐτῶν.
1622 1781 1738 1835 ἐπεὶ
1785 1780 1832 1834 δ’

156 1871 426 1938 ἀναγκαία
472 1871 609 1939 πρὸς
657 1879 826 1923 ταῦτα
864 1871 896 1938 ἡ
937 1880 1047 1923 τῶν
1086 1873 1303 1940 χρόνων
1342 1872 1664 1939 διάγνωσις,
1711 1873 1840 1932 τοὺς

147 1958 453 2027 Ἀθήνησιν
492 1958 775 2028 ἄρξαντας,
815 1958 908 2028 ἀφ’
949 1955 1015 2012 οὗ
1049 1963 1362 2029 Δείναρχον
1398 1959 1723 2029 ὑπεθέμεθα
1754 1979 1840 2027 γε-
1864 1978 1907 2009 20

21 2046 152 2154 {648
172 2047 395 2116 γονέναι
435 2050 659 2117 χρόνου,
702 2045 708 2119 Ι
751 2047 907 2118 μέχρι
947 2056 1042 2115 τῆς
1081 2049 1343 2116 δοθείσης
1382 2048 1530 2120 αὐτῷ
1569 2051 1702 2118 μετὰ
1740 2049 1841 2116 τὴν

19 2141 54 2331 Ξ

157 2138 345 2207 φυγὴν
375 2138 643 2204 καθόδου,
683 2135 1014 2205 γενομένους
1047 2135 1436 2205 ἑβδομήκοντα,
1467 2139 1840 2206 προθήσομεν.

158 2225 262 2279 εἰσὶ
318 2223 379 2278 δε
435 2226 572 2278 οι’·δε
635 2227 986 2294 Νικόφημος,
1044 2226 1424 2294 Καλλιμηδης,
1479 2225 1840 2295 Εὐχάριστος,

157 2315 569 2383 Κηφισόδοτος,
631 2311 996 2381 Ἀγαθοκλῆς,
1059 2312 1340 2382 Ἐλπίνης,
1409 2316 1839 2383 Καλλίστρατος,

158 2405 448 2471 Διότιμος,
496 2402 810 2470 Θούδημος,
842 2400 1257 2471 Ἀριστόδημος,
1301 2401 1551 2470 Θέελλος,
1583 2401 1840 2456 Ἀπολλό-
1865 2419 1907 2452 25

278 2596 304 2634 3
351 2591 457 2646 περὶ
497 2591 612 2648 αὐτὴ
617 2608 643 2634 ν
676 2590 732 2634 F:
781 2604 882 2634 corr
913 2590 1130 2635 Reiskius
1267 2596 1295 2634 4
1339 2593 1418 2636 καὶ
1458 2596 1518 2651 τῷ
1558 2592 1723 2636 addidi

159 2655 184 2694 5
210 2649 469 2694 καθόλουΕ
498 2651 503 2707 l
523 2649 684 2723 τρόπῳ
719 2649 844 2693 delet
875 2650 1137 2707 Kruegerus
1281 2656 1306 2694 8
1337 2639 1500 2696 αυτὸν
1514 2652 1607 2695 add
1631 2651 1840 2695 Blassius

249 2713 275 2752 8
309 2714 334 2752 9
369 2706 568 2760 ἐλλειπὲς
595 2709 653 2753 F:
687 2722 789 2751 corr
811 2708 1073 2781 Kruegerus
1174 2715 1228 2754 16
1262 2708 1481 2766 προέσται
1504 2711 1560 2755 F:
1602 2725 1704 2755 corr
1740 2710 1840 2766 Syl-

158 2767 352 2824 burgius
439 2773 491 2811 17
517 2765 642 2812 τοῦτ’
666 2768 700 2810 F
732 2765 856 2811 τοῦτ’
887 2767 1121 2812 Victorius
1184 2774 1239 2812 23
1266 2768 1364 2813 οἵδε
1383 2769 1639 2814 Victorius:
1666 2766 1711 2814 οἷ
1735 2768 1785 2813 δὲ
1804 2769 1838 2810 F

249 2832 304 2870 25
323 2827 569 2883 Θούδημος
592 2826 726 2870 Dion.
748 2827 896 2870 A.mm
915 2831 1013 2883 260,
1033 2832 1088 2871 24
1124 2828 1374 2884 Θουμήδου
1401 2829 1456 2872 de
1481 2828 1584 2873 Din.
1618 2844 1647 2884 p
1674 2833 1772 2882 320,
1791 2833 1838 2870 5:

162 2884 425 2988 εὔξῖῑὲοὲΙΡ
465 2889 470 2943 Ι
486 2844 700 2936 μΘέελλος
733 2885 936 2931 Curtius:
969 2887 1196 2938 θεσσαλὸς
1220 2887 1255 2930 F
1332 2888 1413 2931 sed
1442 2886 1613 2932 Θέλλον
1646 2888 1701 2931 de
1735 2865 1837 2929 D'in.

158 2958 189 2999 P
302 2980 313 2999 ν
