1958 3192
177 120 213 170 4
594 120 933 163 ΔΙΟΝΥΣΙΟΤ
963 119 1430 162 ΑΛΙΚΑΡΝΑΣΕῼΣ

177 255 433 322 ἄγνοιαν,
481 253 547 307 οὐ
592 256 767 323 μόνον
814 253 874 307 ἐν
913 253 1143 324 εὐπορίᾳ
1189 251 1278 306 καὶ
1317 261 1498 324 τρυφῇ
1538 251 1628 306 καὶ
1668 261 1852 323 μορφῇ
1935 295 1937 298 ⁴

176 346 392 396 πλείονι
430 349 525 410 τῆς
565 340 748 412 ἑτέρας
787 342 992 410 διῆγεν,
1032 340 1170 394 ἀλλά
1204 339 1294 393 καὶ
1326 343 1421 404 τὰς
1452 343 1609 411 τιμὰς
1638 339 1728 394 καὶ
1758 343 1854 404 τὰς

174 431 509 501 προστασίας
546 439 657 483 τῶν
694 433 924 497 πόλεων,
965 429 1027 491 ἃς
1066 430 1177 481 ἔδει
1215 430 1317 498 τὴν
1347 433 1660 499 φιλόσοφον
1691 432 1852 499 ἔχειν,
1920 413 1934 484 ’t

175 521 254 581 εἰς
293 517 491 586 ἑαυτὴν
530 517 871 587 ἀνηρτήσατο
917 516 1008 569 καὶ
1054 513 1124 584 ἧν
1170 520 1404 588 φορτική
1449 538 1532 580 τις
1577 518 1725 570 πάνυ
1762 516 1854 570 καὶ

128 623 149 655 5
176 607 379 676 ὀχληρὰ
426 604 515 658 καὶ
562 610 864 659 τελευτῶσα
901 608 1287 675 παραπλησίαν
1326 605 1545 674 ἐποίησε
1591 604 1854 674 γενέσθαι

169 696 271 763 τὴν
324 694 558 747 Ἑλλάδα
625 703 741 755 ταῖς
807 703 918 755 τῶν
985 692 1212 746 ἀσώτων
1278 692 1369 746 καὶ
1429 695 1849 763 κακοδαιμόνων
1931 732 1938 758 s

170 784 381 845 οἰκίαις.
457 784 635 852 ὥσπερ
682 784 786 852 γὰρ
835 781 895 834 ἐν
942 780 1174 844 ἐκείναις
1219 782 1251 850 ἡ
1299 779 1401 851 μὲν
1447 781 1714 853 ἐλευθέρα
1758 780 1852 835 καὶ
1934 828 1937 834 2

172 872 412 941 σώφρων
439 871 641 940 γαμετὴ
666 871 900 938 κάθηται
925 871 1159 939 μηδενὸς
1184 866 1322 923 οὖσα
1345 880 1456 923 τῶν
1479 871 1647 938 αὑτῆς
1673 874 1854 941 κυρία,

174 958 360 1029 ἑταίρα
406 958 471 1012 δέ
512 978 595 1022 τις
642 960 837 1029 ἄφρων
888 957 967 1011 ἐπ’
1023 957 1239 1031 ὀλέθρῳ
1285 966 1384 1012 τοῦ
1430 961 1558 1027 βίου
1604 966 1856 1029 παροῦσα
1934 980 1942 984 ’

106 1066 148 1097 10
171 1049 345 1116 πάσης
391 1047 533 1111 ἀξιοῖ
578 1054 672 1115 τῆς
718 1046 908 1109 οὐσίας
948 1048 1161 1118 ἄρχειν,
1202 1051 1602 1116 σκυβαλίζουσα
1639 1045 1730 1100 καὶ
1771 1048 1856 1100 δε-

173 1134 461 1204 διττομένη
493 1136 594 1203 τὴν
627 1133 838 1205 ἑτέραν·
870 1136 969 1188 τὸν
1000 1135 1171 1188 αὐτὸν
1201 1138 1409 1206 τρόπον
1441 1135 1501 1189 ἐν
1531 1137 1675 1206 πάσῃ
1699 1137 1857 1188 πόλει

171 1222 262 1276 καὶ
309 1222 567 1291 οὐδεμιᾶς
610 1218 776 1290 ἧττον
824 1222 884 1276 ἐν
929 1231 1047 1286 ταῖς
1094 1223 1473 1287 εὐπαιδεύτοις
1526 1222 1702 1295 (τουτὶ
1749 1225 1855 1292 γὰρ

174 1299 429 1364 ἁπάντων
467 1320 577 1363 τῶν
611 1320 793 1363 κακῶν
825 1309 1079 1383 ἔσχατον)
1117 1311 1150 1379 ἡ
1183 1309 1284 1381 μὲν
1307 1311 1520 1380 Ἀττικὴ
1552 1319 1731 1381 μοῦσα
1760 1311 1853 1364 καὶ

174 1399 371 1469 ἀρχαιά
424 1397 514 1451 καὶ
562 1399 855 1468 αὐτόχθων
907 1400 912 1468 Ι
964 1401 1159 1469 ἄτιμον
1212 1402 1425 1470 εἰλήφει
1472 1408 1671 1469 σχῆμα,
1724 1410 1836 1453 τῶν
1858 1416 1916 1455 44

109 1505 150 1537 15
176 1487 367 1555 ἑαυτῆς
407 1486 709 1539 ἐκπεσοῦσα
749 1487 1002 1556 ἀγαθῶν,
1048 1487 1081 1556 ἡ
1132 1485 1194 1541 δὲ
1241 1490 1299 1541 ἔκ
1345 1507 1515 1541 τινων
1554 1489 1857 1558 βαράθρων

175 1583 270 1643 τῆς
292 1574 476 1637 Ἀσίας
507 1572 666 1643 ἐχθὲς
696 1574 785 1628 καὶ
816 1574 1008 1648 πρῴην
1032 1575 1355 1645 ἀφικομένη,
1382 1577 1553 1644 Μυσὴ
1578 1575 1610 1644 ἢ
1640 1579 1859 1646 Φρυγία

175 1685 258 1727 τις
287 1663 320 1732 ἢ
345 1666 593 1734 Καρικόν
623 1684 675 1716 τι
706 1667 892 1733 κακόν,
927 1664 983 1733 [ἢ
1015 1665 1321 1735 βάρβαρον]
1347 1663 1671 1733 Ἑλληνίδας
1701 1665 1858 1733 ἠξίου

178 1754 408 1805 διοικεῖν
445 1754 631 1814 πόλεις
670 1752 982 1806 ἀπελάσασα
1027 1762 1140 1806 τῶν
1177 1762 1381 1806 κοινῶν
1422 1754 1524 1821 τὴν
1563 1751 1776 1823 ἑτέραν,
1822 1753 1855 1821 ἡ

178 1840 394 1909 ἀμαθὴς
431 1841 531 1908 τὴν
570 1843 879 1910 φιλόσοφον
917 1840 1007 1894 καὶ
1046 1841 1078 1909 ἡ
1111 1841 1414 1911 μαινομένη
1446 1842 1547 1910 τὴν
1578 1842 1856 1912 σώφρονα.
1943 1887 1946 1891 .

122 1925 156 1976 2
292 1927 429 1981 ἀλλὰ
467 1930 570 1997 γὰρ
613 1928 678 1981 οὐ
711 1932 884 1997 μόνον
916 1930 1157 2000 (ἀνδρῶν
1188 1929 1417 1982 δικαίων
1448 1932 1647 2001 χρόνος
1678 1930 1857 1999 σωτὴρ

114 2043 155 2074 21
182 2017 420 2087 ἄριστος’
459 2018 593 2069 κατὰ
626 2019 929 2088 Πίνδαρον,
970 2018 1107 2071 ἀλλὰ
1145 2017 1235 2070 καὶ
1273 2028 1480 2087 τεχνῶν
1518 2019 1585 2087 νὴ
1617 2021 1730 2071 Διά
1767 2015 1859 2070 καὶ

180 2104 619 2173 ἐπιτηδευμάτων
664 2126 725 2173 γε
770 2106 858 2158 καὶ
903 2108 1107 2169 παντὸς
1153 2108 1324 2160 ἄλλου
1371 2108 1678 2160 σπουδαίου
1724 2107 1853 2175 χρή-

179 2213 359 2262 ματος.
417 2192 585 2257 ἔδειξε
624 2191 683 2246 δὲ
723 2194 750 2247 ὁ
790 2194 916 2248 καθ’
954 2195 1093 2264 ἡμᾶς
1131 2197 1346 2265 χρόνος,
1387 2202 1495 2249 εἴτε
1524 2201 1676 2249 θεῶν
1707 2214 1859 2256 τινος

182 2281 444 2351 ἄρξαντος
498 2287 603 2334 εἴτε
658 2291 892 2351 φυσικῆς
943 2285 1206 2353 περιόδου
1259 2285 1360 2352 τὴν
1413 2283 1646 2355 ἀρχαίαν
1703 2282 1858 2346 τάξιν

116 2387 158 2419 25
184 2369 592 2437 ἀνακυκλούσης
646 2374 751 2421 εἴτε
806 2370 1161 2441 ἀνθρωπίνης
1214 2371 1384 2442 ὁρμῆς
1438 2370 1525 2424 ἐπὶ
1578 2372 1644 2424 τά
1698 2371 1859 2439 ὅμοια

302 2503 354 2542 21
390 2499 616 2542 Pindarus
649 2499 689 2541 fr
716 2503 797 2542 159
824 2499 976 2556 Bergk

306 2622 327 2659 1
362 2614 554 2670 εὐπορία
586 2615 657 2658 Μ2
696 2618 742 2659 et
780 2616 829 2658 in
863 2631 941 2673 mg
972 2631 1019 2660 rc
1053 2617 1105 2662 C:
1139 2616 1313 2674 ἀπορία
1344 2616 1621 2661 M¹P²ABO
1660 2615 1858 2673 ἀπορεία
1957 2671 1958 2675 ¹

187 2675 246 2718 P¹
366 2680 391 2717 3
424 2673 774 2732 προστασ[.ι’]ας
806 2689 909 2718 cum
943 2690 1014 2718 ras
1047 2677 1117 2719 Μ1
1242 2683 1267 2721 6
1300 2677 1488 2721 ἀσώτων
1520 2690 1575 2720 ex
1606 2675 1860 2732 ἀσωμάτων
1922 2687 1940 2739 j

157 2762 163 2770 ·
188 2747 289 2778 corr
319 2733 366 2776 M
487 2739 511 2777 8
545 2734 733 2789 μεὸενὸε
763 2734 799 2776 Ρ
918 2739 972 2776 14
1003 2735 1174 2792 ἀρχαῖα
1206 2736 1254 2778 Μ
1281 2738 1287 2792 Ι
1315 2735 1481 2791 ἄτιμον
1510 2734 1720 2779 MPBA:
1754 2735 1860 2780 ἄτο-
1936 2735 1958 2750 ’“

189 2809 276 2849 μον
309 2791 341 2836 C
376 2792 636 2849 Stephanus
669 2808 697 2835 v
813 2796 865 2835 15
898 2792 1155 2850 βαράθρων
1188 2808 1244 2838 ex
1274 2793 1559 2852 βαράχθρων
1591 2807 1694 2837 corr
1723 2794 1772 2837 M

191 2857 243 2896 16
278 2851 417 2908 Μυσὴ
449 2851 705 2907 Kiessling:
738 2858 886 2906 μοῦσα
1007 2857 1058 2895 17
1091 2850 1159 2902 τίς
1189 2853 1237 2895 Μ
1282 2854 1287 2910 Ι
1329 2851 1356 2909 ἢ
1398 2851 1637 2911 βάρβαρον
1669 2852 1860 2897 seclusit

188 2911 427 2954 Dobraeus
531 2916 584 2954 19
617 2908 874 2967 μαινομένη
907 2923 962 2953 ex
994 2909 1221 2968 μενομένη
1254 2925 1355 2955 corr
1385 2912 1434 2954 M
