2004 3202
16 2363 18 2365 ·
0 1895 38 2306 ωψν-κπῐῶὲαψ-’ςῖ
0 1837 30 1885 '‘L-⁷

77 442 131 482 16

221 146 493 190 DIONYSII
523 145 721 188 HALIC.
754 145 882 188 ΤΑΒ.
917 145 1067 187 CRIT.
1101 145 1455 187 ORATIONVM
1486 145 1675 188 ATTIC.
1734 142 1840 196 291

974 321 1039 364 ΙΠ

278 426 577 480 SCHOLION
615 426 891 479 Demosth.
932 445 1005 480 or.
1044 425 1374 495 Philippicae
1405 423 1431 476 I
1464 425 1535 479 30
1580 444 1614 493 p
1652 423 1778 492 155,
1810 424 1842 476 3

162 515 321 568 Dind.
352 513 417 568 “A
454 513 556 585 μὲν
601 515 779 585 ἡμεῖς]
822 514 1085 569 ἐντεῦθέν
1125 529 1260 584 φησι
1299 514 1603 575 Διονύσιος
1642 513 1670 566 ὁ
1704 511 1845 566 Ἀλι-

160 607 467 675 καρνασεὺς
516 603 707 676 ἑτέρου
754 607 925 672 λόγου
973 600 1114 657 εἶναι
1162 603 1349 674 ἀρχήν.
1423 601 1720 672 προοίμιον
1766 601 1844 670 δέ,

161 696 351 762 φησίν,
392 693 493 746 οὐκ
532 696 659 762 ἔχει,
701 692 886 761 ἐπειδὴ
928 694 1317 763 δευτερολογία
1356 690 1522 759 ἐστίν,
1562 690 1623 743 ἐν
1654 684 1740 753 αἶς
1772 691 1845 753 ὡς

161 779 248 834 ἐπὶ
288 783 348 834 τὸ
387 785 648 835 πλεῖστον
689 780 789 834 οὐκ
829 779 934 834 εἰσὶ
974 784 1251 851 προοίμια.
1888 796 1908 828 5

279 897 328 941 of
361 897 615 954 Dionysius
656 911 796 953 supra
835 912 866 953 p
892 901 998 951 269,
1027 901 1093 940 15.
1136 901 1243 952 261,
1270 902 1295 940 5
1337 897 1375 938 A
1402 895 1621 940 Sohaefer
1661 895 1717 939 de
1755 895 1843 939 De-

159 970 401 1014 mosthene
430 972 450 1013 t
466 969 532 1012 112
561 985 592 1026 p
618 974 673 1014 67
692 984 758 1025 sq.

972 1102 1036 1146 IV

269 1208 583 1261 DIONYSIVS
626 1208 688 1261 de
727 1208 877 1260 Dem.
918 1207 986 1259 57
1028 1227 1062 1276 p
1096 1206 1226 1277 250,
1258 1208 1325 1259 21
1377 1209 1424 1260 εἰ
1462 1206 1651 1276 μέντοι
1696 1206 1842 1271 τινὲς

157 1297 217 1350 ἐν
278 1306 393 1360 τοῖς
454 1298 927 1367 ψευδεπιγράφοις
987 1294 1092 1349 εἰσὶ
1147 1294 1598 1367 (Δημοσθένους)
1654 1299 1842 1364 λόγοις

155 1386 340 1455 ἀηδεῖς
385 1384 475 1438 καὶ
524 1384 780 1456 φορτικαὶ
827 1383 917 1438 καὶ
965 1386 1216 1455 ἄγροικοι
1261 1388 1612 1453 κατασκευαί,
1659 1386 1732 1448 ὡς
1779 1385 1840 1439 ἐν

154 1484 269 1537 τοῖς
314 1473 427 1527 κατ’
468 1473 935 1544 Ἀριστογείτονος
981 1462 1026 1542 ᾗ
1061 1472 1150 1526 καὶ
1199 1473 1259 1526 ἐν
1304 1481 1367 1544 τῇ
1415 1473 1686 1545 ἀπολογίᾳ
1728 1484 1839 1528 τῶν

155 1565 351 1635 δώρων
397 1562 488 1616 καὶ
537 1563 597 1615 ἐν
643 1570 718 1635 τῷ
764 1561 923 1633 <περὶ
970 1563 1105 1631 τοῦ>
1151 1563 1223 1631 μὴ
1272 1561 1529 1615 ἐκδοῦναι
1559 1560 1840 1632 ”Ἀρπαλον
1865 1581 1906 1613 10

153 1651 244 1705 καὶ
300 1651 360 1705 ἐν
413 1659 489 1724 τῷ
534 1653 670 1705 κατὰ
717 1654 963 1722 Νεαίρας
1009 1650 1099 1704 καὶ
1147 1651 1208 1704 ἐν
1252 1658 1328 1722 τῷ
1373 1649 1499 1720 περὶ
1545 1660 1656 1703 τῶν
1701 1653 1840 1722 πρὸς

146 1740 509 1812 Ἀλέξανδρον
563 1747 862 1809 συνθηκῶν
917 1740 977 1794 ἐν
1024 1742 1212 1802 ἄλλοις
1258 1760 1314 1792 τε
1362 1748 1608 1809 συχνοῖς,
1664 1739 1761 1802 οὓς
1808 1740 1836 1794 ὁ

153 1829 523 1900 Λημοσθένης
555 1830 656 1883 οὐκ
688 1832 944 1900 ἔγραψεν,
979 1829 1040 1883 ἐν
1065 1827 1222 1900 ἑτέρα
1246 1830 1514 1897 δηλοῦταί
1533 1848 1627 1898 μοι
1651 1837 1836 1899 γραφῇ

154 1921 219 1971 τὰ
258 1917 383 1989 περὶ
422 1917 777 1988 Δημοσθένη.

273 2035 329 2078 de
363 2033 655 2078 orationibus
679 2033 728 2076 in
746 2033 1115 2090 Aristogitonem
1140 2032 1189 2076 of
1208 2033 1250 2076 fr
1268 2038 1337 2089 18,
1364 2033 1420 2077 de
1446 2047 1510 2077 or.
1536 2032 1586 2075 in
1602 2032 1836 2076 Neaeram

152 2108 194 2151 fr
211 2113 280 2165 23,
309 2109 365 2152 de
391 2122 453 2152 or.
479 2108 606 2151 XVH
638 2123 684 2151 π.
711 2115 801 2151 τῶν
826 2107 941 2162 πρὸς
957 2105 1255 2162 Ἀλέξανδρον
1281 2110 1530 2163 συνθηκῶν
1555 2106 1664 2150 uide
1697 2120 1835 2163 argu-

151 2185 362 2226 mentum
394 2181 620 2226 orationis
647 2181 670 2225 ὁ
695 2179 747 2225 δὲ
772 2180 906 2238 λόγος
929 2178 1313 2238 ψευδεπίγραφος
1339 2177 1460 2225 εἶναι
1485 2182 1631 2224 δοκεῖ·
1666 2181 1719 2224 οὐ
1745 2179 1832 2236 γὰρ

154 2255 275 2301 ἔοικε
314 2255 435 2300 κατὰ
473 2255 558 2312 τὴν
599 2252 732 2299 ἰδέαν
770 2262 866 2306 τοῖς
898 2254 1051 2305 ἄλλοις
1082 2261 1179 2304 τοῖς
1209 2261 1290 2298 τοῦ
1323 2251 1680 2310 Δημοσθένους,
1718 2252 1833 2297 ἀλλὰ

150 2334 213 2389 τῷ
237 2327 502 2386 (Ὑπερείδου
535 2336 790 2387 χαρακτῆρι
821 2331 993 2384 μᾶλλον
1032 2335 1291 2386 προσχωρεῖ
1328 2326 1386 2371 τοί
1428 2343 1475 2372 τε
1507 2327 1621 2370 ἄλλα
1652 2327 1732 2371 καὶ
1763 2325 1832 2370 λε’-

153 2404 244 2456 ξεις
274 2403 406 2454 τινὰς
432 2402 521 2461 ἔχει
553 2401 654 2447 κατ’
687 2402 867 2446 ἐκεῖνον
900 2404 1072 2458 μᾶλλον
1105 2399 1349 2458 εἰρημένας
1375 2400 1404 2458 ἢ
1428 2401 1509 2445 τὸν
1534 2399 1832 2459 Δημοσθένη,

155 2474 256 2521 οἷον
299 2477 620 2522 *νεόπλουτοϋ
665 2476 744 2520 καὶ
787 2475 1205 2533 (βδελυρεύσεταιζ
1252 2474 1410 2519 Photii
1455 2474 1569 2519 bibl.
1626 2475 1713 2519 eod
1745 2480 1829 2518 265

152 2566 183 2607 p
200 2556 310 2595 491²
327 2556 381 2594 22
423 2550 632 2594 scholion
663 2565 693 2606 p
720 2553 818 2604 254,
847 2554 867 2591 1
894 2549 1047 2603 Dind.,
1081 2549 1207 2605 quod
1237 2548 1463 2593 iudicium
1493 2548 1690 2594 fortasse
1724 2549 1831 2593 Dio-

152 2624 272 2680 nysii
308 2627 390 2668 est.

962 2742 1022 2799 [V

261 2847 522 2901 TZETZES
562 2850 617 2900 in
650 2848 1040 2918 Hermogenem
1075 2847 1245 2900 Cram.
1279 2847 1453 2900 anecd.
1489 2845 1655 2899 Oxon.
1696 2850 1717 2897 t
1751 2845 1827 2897 IV

151 2953 186 3003 p
216 2936 304 3005 41,
339 2936 407 2988 14

1476 3021 1560 3064 19*
