2004 3202
786 137 1131 180 ΙΣοΚΡΑΤΗΣ
1733 138 1801 190 61

122 274 261 343 πρὸς
299 271 499 341 ἀρετὴν
537 270 599 323 ἐν
635 280 750 334 τοῖς
782 270 1127 342 Ἰσοκράτους
1177 273 1328 323 ἔστιν
1375 271 1560 340 εὑρεῖν
1606 274 1804 339 λόγοις.

123 359 214 413 καὶ
252 357 427 427 ἔγωγέ
461 379 599 427 φημι
640 367 836 428 χρῆναι
875 361 1005 422 τοὺς
1043 358 1341 428 μέλλοντας
1381 358 1503 427 οὐχὶ
1551 358 1716 428 μέρος
1754 380 1805 412 τι

124 456 218 516 τῆς
270 452 550 515 πολιτικῆς
605 449 889 517 δυνάμεως
934 446 1052 501 ἀλλ’
1100 448 1235 516 ’ὅλην
1280 446 1454 514 αὐτὴν
1499 450 1807 515 κτήσασθαι

125 544 324 590 τοῦτον
361 538 507 605 ἔχειν
545 537 643 589 τὸν
683 536 887 606 ῥήτορα
927 537 1020 589 διὰ
1070 538 1264 606 χειρός.
1332 533 1526 588 καὶ-εἴ
1565 555 1647 598 τις
1694 535 1806 588 ἐπι-

37 641 122 682 544
146 625 360 692 τηδεύει
400 625 500 692 τὴν
539 624 817 693 ἀληθινὴν
855 628 1212 694 φιλοσοφιάν,
1251 625 1323 694 μὴ
1355 625 1416 677 τὸ
1448 622 1807 694 θεωρηῖτικὸν
1852 645 1872 676 5

125 713 292 782 αὐτῆς
340 715 514 782 μόνον
571 713 799 781 ἀγαπῶν
852 713 990 767 ἀλλὰ
1043 712 1132 766 καὶ
1186 714 1247 766 τὸ
1293 715 1617 783 πρακτικόν,
1672 711 1799 782 μηδ’

126 800 222 870 ἀφ’
262 797 341 854 ὧν
375 801 539 864 αὐτὸς
574 803 788 855 ἄλυπον
822 801 928 866 ἕξει
964 805 1106 871 βίον,
1146 810 1316 855 ταῦτα
1352 802 1806 871 προαιρούμενος,

125 889 241 943 ἀλλ’
298 889 350 954 ἐξ
405 886 484 943 ὧν
536 893 777 953 πολλοὺς
827 891 1120 959 ὠφελήσει,
1174 893 1685 961 παρακελευσαίμην
1738 889 1807 942 ἂν

126 978 274 1050 αὐτῷ
312 980 413 1046 τὴν
454 978 668 1032 ἐκείνου
714 987 812 1031 τοῦ
860 979 1089 1049 ῥήτορος
1134 985 1423 1048 μιμεῖσθαι
1468 982 1807 1049 προαίρεσιν.

237 1070 319 1129 τίς
350 1069 454 1135 γὰρ
487 1067 588 1120 οὐκ
620 1066 690 1119 ἂν
721 1067 935 1135 γένοιτο
968 1070 1261 1136 φιλόπολίς
1291 1087 1347 1120 τε
1379 1066 1469 1120 καὶ
1501 1068 1808 1136 φιλόδημος
1832 1073 1866 1124 5

127 1156 159 1224 ἢ
192 1159 274 1218 τίς
313 1156 412 1209 οὐκ
444 1155 514 1208 ἂν
546 1156 914 1224 ἐπιτηδεύσειε
945 1157 1046 1224 τὴν
1075 1157 1364 1224 πολιτικὴν
1394 1155 1809 1223 καλοκάγαθίαν
1835 1178 1874 1207 11

128 1244 403 1312 ἀναγνοὺς
443 1244 614 1298 αὐτοῦ
661 1245 759 1297 τὸν
797 1247 1219 1312 Πανηγυρικόν;
1267 1243 1328 1297 ἐν
1368 1237 1411 1316 ᾧ
1450 1244 1670 1308 διεξιὼν
1714 1246 1810 1306 τὰς

127 1343 237 1386 τῶν
276 1333 519 1403 ἀρχαίων
557 1332 752 1402 ἀρετὰς
790 1335 985 1401 φησίν,
1038 1333 1110 1394 ὡς
1150 1334 1203 1386 οἱ
1249 1333 1350 1400 τὴν
1381 1332 1617 1386 Ἑλλάδα
1664 1331 1810 1385 ἐλευ-

126 1422 472 1490 θερώσαντες
510 1420 615 1473 ἀπὸ
656 1430 767 1473 τῶν
805 1422 1102 1490 βαρβάρων
1142 1420 1208 1473 οὐ
1248 1422 1313 1473 τὰ
1351 1420 1583 1490 πολέμια
1634 1419 1809 1474 δεινοὶ

127 1513 301 1580 μόνον
338 1507 501 1578 ἦσαν,
554 1508 691 1562 ἀλλὰ
730 1507 820 1561 καὶ
859 1511 924 1562 τὰ
962 1510 1074 1578 ἤθη
1115 1519 1359 1576 γενναῖοι
1398 1508 1489 1562 καὶ
1529 1511 1809 1578 φιλότιμοι
1834 1530 1877 1563 15

127 1597 217 1651 καὶ
250 1599 549 1668 σώφρονες,
583 1599 641 1651 οἴ
667 1618 729 1666 γε
761 1608 872 1651 τῶν
899 1595 1001 1667 μὲν
1024 1608 1230 1651 κοινῶν
1253 1602 1465 1667 μᾶλλον
1489 1597 1811 1667 ἐφρόντιζον

128 1688 160 1755 ἢ
201 1697 311 1740 τῶν
358 1687 540 1755 ἰδίων,
591 1696 701 1739 τῶν
747 1683 808 1739 δὲ
855 1686 1162 1757 ἀλλοτρίων
1206 1683 1372 1754 ἧττον
1419 1685 1739 1755 ἐπεθύμουν
1775 1685 1809 1754 ἢ

128 1785 239 1828 τῶν
278 1775 569 1828 ἀδυνάτων
606 1774 695 1827 καὶ
736 1776 837 1843 τὴν
875 1775 1237 1844 εὐδαιμονίαν
1275 1775 1342 1828 οὐ
1373 1776 1511 1845 πρὸς
1541 1774 1811 1845 ἀργύριον

130 1866 352 1932 ἔκρινον
389 1862 527 1916 ἀλλὰ
558 1864 695 1933 πρὸς
726 1863 998 1931 εὐδοξίαν,
1029 1863 1202 1933 μέγαν
1234 1865 1477 1932 οἰόμενοι
1508 1871 1624 1926 τοῖς
1654 1862 1810 1916 παισὶ

129 1954 477 2014 καταλείψειν
515 1956 758 2004 πλοῦτον
795 1951 885 2004 καὶ
926 1952 1311 2020 ἀνεπίφθονον
1357 1953 1458 2020 τὴν
1502 1954 1650 2022 παρὰ
1696 1961 1811 2014 τοῖς
1835 1973 1877 2005 20

103 2042 367 2114 ,πλήθεσι
404 2041 593 2108 τιμήν·
644 2043 928 2109 κρείττονα
967 2037 1028 2092 δὲ
1067 2039 1305 2107 ἡγοῦντο
1352 2041 1451 2093 τὸν
1502 2040 1811 2109 εὐσχήμονα

43 2148 127 2187 545
151 2129 401 2181 θάνατον
438 2127 470 2195 ἢ
515 2126 519 2196 Ι
562 2129 660 2180 τὸν
698 2127 860 2196 ἀκλεῆ
909 2131 1059 2196 βίον,
1115 2128 1387 2182 ἐσκόπουν
1425 2125 1486 2181 δὲ
1525 2128 1626 2197 οὐχ
1666 2129 1811 2190 ὅπως

132 2218 184 2270 οἱ
223 2219 382 2286 νόμοι
422 2220 598 2278 καλῶς
643 2215 732 2268 καὶ
773 2216 1010 2286 ἀκριβῶς
1057 2216 1245 2279 αὐτοῖς
1291 2215 1534 2284 ἕξουσιν,
1582 2215 1698 2269 ἀλλ’
1738 2217 1811 2279 ὡς

254 2411 304 2449 12
338 2406 497 2462 Paneg
522 2410 575 2449 81
661 2410 713 2449 16
746 2405 905 2462 Paneg
932 2410 984 2449 76
1070 2410 1123 2448 21
1158 2406 1317 2462 Paneg
1343 2411 1394 2449 ’Π
1481 2411 1536 2448 22
1569 2405 1728 2462 Paneg
1753 2409 1808 2448 78

253 2588 274 2626 1
294 2583 520 2641 ⁸&9[sv⁷2]v
552 2596 656 2626 cum
687 2597 760 2625 ras
794 2583 828 2624 F
872 2584 877 2638 Ι
919 2581 1072 2639 λόγοις
1103 2582 1225 2627 ἐστὶν
1258 2583 1410 2637 εὑρεῖν
1440 2583 1522 2625 ΡΒ
1645 2588 1670 2625 3
1703 2582 1809 2638 κτή-

136 2644 302 2685 σεσθαι
333 2641 540 2686 Sadaeus
659 2646 686 2684 4
717 2641 766 2684 εἴ
788 2658 830 2684 τι
862 2641 909 2684 Μ
941 2655 1046 2684 eum
1077 2656 1103 2685 σ
1132 2641 1283 2686 lateat
1314 2642 1363 2697 in
1394 2641 1620 2686 foramine
1653 2641 1809 2685 tineae

253 2706 277 2743 5
317 2701 367 2744 τὸ
402 2703 566 2757 postea
599 2701 693 2745 add
725 2701 782 2743 F¹
903 2705 929 2744 6
967 2700 1243 2759 πρακτικόν]
1283 2700 1603 2757 πραγματικόν
1640 2700 1750 2744 libri
1781 2716 1809 2742 v

254 2765 278 2803 7
311 2767 454 2803 ταῦτα
487 2774 563 2804 om
592 2760 773 2803 MPBv
865 2765 916 2802 11
950 2757 1350 2818 καλοκά[γ]αθίαν
1382 2760 1430 2802 Μ
1473 2774 1577 2803 cum
1615 2774 1690 2802 ras

140 2822 191 2860 12
222 2819 529 2875 πανιγυρικὸν
572 2833 673 2862 corr
703 2818 752 2861 in
784 2819 1104 2874 πανηγυρικὸν
1134 2819 1170 2862 Ρ
1293 2823 1346 2862 19
1381 2818 1606 2876 ἔκριν[ο]ν
1638 2819 1672 2861 F
1706 2832 1809 2861 cum

137 2889 211 2931 ras
238 2879 244 2933 Ι
271 2875 415 2934 μέγαν
448 2878 503 2922 F:
537 2876 653 2934 μέγα
685 2877 824 2920 ΜΒΡ
852 2879 856 2933 Ι
895 2877 1148 2934 τοϊς-τὴν
1181 2877 1352 2921 omissa
1384 2877 1434 2920 in
1462 2893 1543 2934 mg
1574 2875 1810 2933 suppleuit

150 2949 184 2976 n
214 2937 346 2979 uetus
378 2936 426 2979 M
531 2941 585 2980 22
619 2937 758 2993 ἀκλεῆ
792 2950 847 2979 ex
880 2938 1039 2993 εὐκλεῆ
1071 2936 1159 2980 F2?
1187 2939 1192 2993 Ι
1222 2934 1269 2980 δ’
1299 2937 1372 2980 Pv
