1958 3192
0 149 2 240 Ι
805 164 1037 206 ΛΤΣΙΑΣ
1695 165 1765 216 15

0 305 1 330 ³
43 307 50 311 '
83 300 398 371 προσώποις
439 297 666 367 ὁμιλεῖν.
733 297 1035 367 ἐπιζητήσει
1065 317 1123 351 τε
1155 297 1346 366 οὐθέν,
1389 291 1584 367 <οἷον>
1623 300 1767 361 εἰκὸς

83 390 212 450 τοὺς
257 384 358 456 μὲν
404 385 474 439 ἂν
519 387 742 457 δρᾶσαι,
797 389 926 449 τοὺς
972 383 1034 439 δὲ
1078 392 1308 455 παθεῖν,
1361 389 1491 453 τοὺς
1541 384 1602 440 δὲ
1649 389 1766 440 δια-

82 481 382 544 νοηθῆναι,
432 477 562 537 τοὺς
601 472 662 528 δὲ
702 477 890 528 εἰπεῖν.
959 476 1246 546 κράτιστος
1291 477 1397 546 γὰρ
1438 477 1505 553 δὴ
1543 476 1768 528 πάντων

57 587 80 627 7
106 562 320 632 ἐγένετο
361 563 611 633 ρητόρων
652 561 657 633 Ι
701 564 875 632 φύσιν
914 563 1229 634 ἀνθρώπων
1266 566 1629 617 κατοπτεῦσαι
1675 562 1766 616 καὶ

81 654 148 706 τὰ
183 653 532 722 προσήκοντα
583 650 828 714 ἑκάστοις
876 652 1182 706 ἀποδοῦναι
1227 654 1380 721 πάθη
1420 673 1477 706 τε
1522 651 1614 705 καὶ
1652 654 1764 721 ἤθη
1812 672 1835 703 5

81 740 172 795 καὶ
211 743 359 810 ἔργα.

193 828 510 898 ἀποδίδωμί
558 849 615 882 τε
670 825 773 883 οὖν
826 829 974 901 αὐτῷ
1029 828 1119 882 καὶ
1173 830 1274 898 τὴν
1328 829 1767 900 εὐπρεπεστάτην
1792 834 1825 886 8

82 916 299 988 ἀρετήν,
337 917 684 987 καλουμένην
723 915 783 970 δὲ
814 918 922 971 ὑπὸ
954 923 1176 971 πολλῶν
1205 918 1521 987 ἠθοποιΐαν.
1583 919 1767 982 ἁπλῶς

82 1007 186 1076 γὰρ
250 1004 416 1059 οὐδὲν
478 1007 663 1076 εὑρεῖν
723 1007 964 1076 δύναμαι
1015 1008 1163 1077 παρὰ
1216 1013 1292 1078 τῷ
1347 1007 1537 1077 ῥήτορι
1590 1008 1766 1079 τούτῳ

32 1124 33 1130 =
80 1098 380 1166 πρόσωπον
419 1097 543 1149 οὔτε
583 1095 998 1164 ἀνηθοποίητον
1037 1096 1162 1148 οὔτε
1202 1097 1432 1164 ἄψυχον.
1501 1106 1672 1166 τριῶν
1709 1116 1767 1149 τε
1792 1118 1836 1149 10

82 1187 285 1253 ὄντων,
342 1185 403 1238 ἐν
449 1178 532 1246 οἷς
576 1182 667 1236 καὶ
712 1183 837 1254 περὶ
887 1184 921 1237 ἃ
967 1185 1068 1253 τὴν
1114 1184 1314 1254 ἀρετὴν
1367 1181 1509 1237 εἶναι
1562 1186 1768 1253 ταύτην

83 1273 418 1343 συμβέβηκε,
481 1274 731 1335 διανοίας
783 1292 842 1325 τε
895 1271 986 1325 καὶ
1041 1272 1233 1336 λέξεως
1290 1272 1381 1325 καὶ
1435 1277 1620 1344 τρίτης
1672 1281 1767 1342 τῆς
1830 1286 1861 1312 a

30 1356 34 1411 ζ
83 1361 429 1429 συνθέσεως,
499 1360 560 1414 ἐν
628 1362 796 1413 ἅπασι
865 1361 1082 1423 τούτοις
1151 1361 1321 1414 αὐτὸν
1391 1361 1767 1430 ἀποφαίνομαι

33 1442 38 1447 ’
82 1457 413 1522 κατορθοῦν.
483 1449 550 1503 οὐ
589 1451 693 1519 γὰρ
742 1448 1175 1518 διανοουμένους
1221 1452 1396 1519 μόνον
1442 1451 1767 1503 ὑποτίθεται

83 1541 287 1610 χρηστὰ
336 1537 426 1592 καὶ
474 1537 681 1606 ἐπιεικῆ
727 1536 818 1591 καὶ
863 1537 1056 1608 μέτρια
1109 1540 1239 1600 τοὺς
1293 1537 1576 1606 λέγοντας,
1631 1539 1768 1591 ὥστε
1793 1559 1837 1590 15

84 1630 300 1690 εἰκόνας
340 1625 482 1681 εἶναι
522 1629 708 1680 δοκεῖν
747 1636 857 1680 τῶν
895 1627 1056 1695 ἠθῶν
1091 1629 1221 1690 τοὺς
1250 1630 1468 1695 λόγους,
1509 1627 1647 1680 ἀλλὰ
1678 1626 1768 1680 καὶ

82 1717 183 1786 τὴν
222 1715 370 1781 λέξιν
408 1716 714 1769 ἀποδίδωσι
752 1725 868 1779 τοῖς
912 1718 1113 1785 ἤθεσιν
1164 1717 1397 1784 οἰκείαν,
1452 1709 1486 1788 ᾗ
1523 1715 1770 1786 πέφυκεν

83 1805 222 1859 αὐτὰ
254 1804 464 1858 ἑαυτῶν
494 1805 756 1875 κράτιστα
787 1806 1116 1874 δηλοῦσθαι,
1149 1806 1250 1873 τὴν
1282 1812 1430 1874 σαφῆ
1454 1804 1545 1858 καὶ
1569 1809 1770 1876 κυρίαν

83 1893 174 1947 καὶ
212 1894 407 1962 κοινὴν
445 1892 535 1946 καὶ
566 1901 736 1946 πᾶσιν
769 1893 1090 1963 ἀνθρώποις
1123 1894 1564 1962 συνηθεστάτην·
1600 1893 1629 1947 ὁ
1663 1895 1767 1963 γὰρ

85 1985 247 2051 ὄγκος
307 1981 398 2035 καὶ
451 1983 512 2035 τὸ
567 1981 727 2046 ξένον
787 1981 878 2035 καὶ
940 1984 1000 2035 τὸ
1058 1982 1110 2047 ἐξ
1167 1982 1561 2051 ἐπιτηδεύσεως
1623 1984 1769 2036 ἅπαν
1793 2002 1837 2033 20

85 2071 512 2140 ἀνηθοποίητον.
587 2069 678 2123 καὶ
718 2074 1021 2139 συντίθησί
1055 2091 1116 2138 γε
1155 2070 1328 2139 αὐτὴν
1367 2071 1583 2141 ἀφελῶς
1620 2072 1768 2124 πάνυ

106 2160 198 2214 καὶ
236 2161 444 2228 ἁπλῶς,
495 2160 643 2230 ὁρῶν
697 2161 779 2214 ὅτι
820 2160 921 2213 οὐκ
963 2158 967 2230 Ι
1013 2159 1073 2212 ἐν
1120 2168 1183 2230 τῇ
1231 2162 1470 2232 περιόδῳ
1517 2159 1608 2213 καὶ
1653 2170 1768 2223 τοῖς

86 2250 340 2319 ῥυθμοῖς,
373 2247 489 2302 ἀλλ’
523 2248 584 2301 ἐν
614 2256 678 2318 τῇ
712 2247 1075 2318 διαλελυμένῃ
1109 2248 1248 2312 λέξει
1280 2251 1490 2316 γίνεται
1521 2250 1582 2301 τὸ
1614 2245 1769 2317 ἦθος.

0 2349 2 2386 ἑ
85 2342 333 2391 καθόλου
372 2337 450 2405 δέ,
490 2338 582 2390 ἵνα
620 2335 710 2389 καὶ
742 2335 867 2406 περὶ
899 2337 1097 2405 ταύτης
1129 2341 1262 2389 εἴπω
1294 2345 1389 2405 τῆς
1420 2337 1630 2407 ἀρετῆς,
1667 2338 1768 2390 οὐκ

206 2503 227 2541 1
263 2494 366 2542 οἷον
398 2496 564 2541 adeh'di
612 2492 676 2540 ὧν
709 2495 785 2539 vel
817 2493 840 2539 ὃ
872 2495 1113 2539 Dobraeus
1218 2502 1243 2539 2
1278 2494 1337 2540 ἂν
1369 2499 1553 2553 δρᾶσαι,
1586 2499 1692 2548 τοὺς
1716 2496 1767 2542 δὲ

86 2559 262 2601 παθεῖν
298 2556 624 2600 Marklandus:
673 2555 851 2610 ἄνδρας
897 2554 1090 2598 αἰτοῦσα
1131 2555 1173 2598 εἰ
1210 2554 1379 2612 ταθείη
1412 2556 1447 2599 F
1460 2556 1536 2600 GV
1591 2556 1770 2613 ἄνδρας

87 2614 278 2660 αἰτοῦσα
310 2630 416 2659 cum
447 2615 601 2672 spatio
632 2614 718 2657 XII
749 2613 844 2657 fere
876 2613 956 2657 litt
986 2614 1035 2656 M
1072 2614 1157 2657 XX
1188 2614 1283 2659 fere
1315 2615 1396 2659 litt
1426 2615 1462 2658 P
1505 2629 1666 2659 uersus
1700 2615 1768 2659 di-

86 2673 222 2717 midii
250 2674 288 2717 B
380 2681 404 2718 3
438 2673 526 2731 γὰρ
560 2688 635 2718 om
667 2686 731 2720 εις
763 2672 953 2729 insuper
983 2673 1078 2716 add
1102 2673 1161 2716 F¹
1254 2679 1276 2717 7
1311 2674 1415 2729 περὶ
1439 2674 1697 2730 ἠθοποιΐας
1721 2675 1768 2718 Μ

88 2746 165 2788 mg
195 2733 333 2777 rubro
369 2734 374 2791 Ι
410 2732 459 2777 δ’
490 2731 575 2778 οὖν
606 2733 787 2787 Krsiger
893 2735 918 2774 8
952 2729 1003 2775 δὲ
1036 2745 1112 2775 om
1142 2733 1178 2776 P
1214 2734 1220 2789 Ι
1255 2741 1347 2777 τῶν
1378 2736 1558 2777 πολλῶν
1590 2734 1768 2778 MBPv

205 2796 231 2835 9
264 2790 403 2837 οὐδὲν
435 2791 731 2849 Sylburgius:
773 2788 882 2834 οὐδὲ
1004 2796 1056 2834 11
1099 2788 1221 2836 εἶναι
1258 2806 1334 2835 om
1364 2792 1400 2835 F
1446 2793 1621 2849 ταύτην
1658 2807 1767 2848 συμ-

90 2846 283 2907 βέβηκεν
316 2848 438 2895 εἶναι
470 2852 547 2895 Gv
639 2856 695 2894 12
724 2857 806 2906 τῆς
837 2848 963 2893 delet
993 2850 1273 2895 Herwerden
1319 2849 1474 2906 τρίτον
1505 2858 1585 2907 τῆς
1610 2851 1650 2895 G

92 2911 146 2950 13
170 2909 313 2954 αὐτὸν
337 2924 412 2953 om
434 2911 494 2953 F1
579 2915 633 2953 14
658 2912 983 2964 κατορθοῦντα
1009 2909 1207 2966 Spengel
1235 2911 1241 2967 Ι
1270 2910 1607 2965 διανοούμενος
1627 2910 1766 2952 ΜΡΒ

207 2971 260 3010 21
293 2968 720 3026 ἀφελῶς-ἁπλῶς]
754 2967 1165 3024 ἁπλῶς-ἀφελῶς
1189 2968 1266 3011 Gv
1351 2973 1405 3011 23
1439 2970 1489 3012 τὸ
1524 2969 1616 3012 add
1650 2969 1708 3010 F³
