2004 3202
202 170 268 222 37
274 170 310 221 4
614 171 955 215 ΔΙΟΝΤΣΙΟΤ
986 170 1457 213 ΑΛΙΚΑΡΝΑΣΕῼΣ

200 306 232 374 ἡ
273 307 522 375 πολιτικὴ
554 307 807 375 δύναμις·
849 306 882 359 ἃ
907 305 1082 375 μέλλω
1116 303 1243 357 νυνὶ
1270 304 1470 372 λέγειν·
1520 302 1864 375 εἐσταΙσίαζέν
1882 319 1967 360 886

200 414 257 447 τε
297 390 400 447 οὗν
439 395 504 447 τὰ
535 404 646 447 τῶν
675 397 906 462 πόλεων,
946 392 1035 446 καὶ
1067 394 1133 445 τὰ
1165 392 1588 463 ἐφυστερίζοντά
1625 411 1733 446 που
1766 392 1880 446 ἐπι-

200 483 394 536 πύστει
424 492 536 535 τῶν
566 481 990 552 προγενομένων
1013 483 1155 534 πολὺ
1189 480 1419 551 ἐπέφερε
1443 483 1543 550 τὴν
1566 482 1883 551 ὑπερβολὴν

199 579 299 624 τοῦ
330 577 665 624 καινοῦσθαι
697 572 791 632 τὰς
822 572 1071 633 διανοίας
1102 579 1214 623 τῶν
1244 568 1288 622 τ’
1321 569 1708 640 ἐπιχειρήσεων
1730 589 1882 640 περι-

158 663 448 728 5τεχνήσει
501 658 590 712 καὶ
645 668 756 712 τῶν
810 669 1086 729 τιμωριῶν
1142 658 1373 730 ἀτοπίᾳ.’
1450 658 1510 711 ἐν
1557 659 1773 722 τούτοις
1819 660 1880 712 τὸ

199 745 301 817 μὲν
349 758 570 818 πρῶτον
623 757 733 800 τῶν
786 748 980 800 κώλων
1033 746 1469 817 περιπέφρασται
1523 748 1661 816 πρὸς
1715 744 1883 801 οὐδὲν

200 835 520 903 ἀναγκαῖον·
569 835 866 900 Εἐστασίαζέ
910 855 968 888 τε
1015 832 1118 889 οὖν
1166 837 1230 889 τὰ
1268 845 1379 888 τῶν
1428 837 1684 889 πόλεων’·
1734 835 1882 904 ὑγιέ-

201 939 395 994 στερον
434 926 538 995 γὰρ
571 921 641 992 ἦν
672 926 847 977 εἰπεῖν
888 923 1225 988 εἐστασίαζον
1255 926 1313 978 αἱ
1343 925 1564 987 πόλεις’.
1611 926 1672 977 τὸ
1705 923 1753 977 δ’
1793 922 1881 977 ἐπὶ

201 1013 373 1083 τούτῳ
414 1015 732 1081 λεγόμενον·
785 1011 894 1066 (καὶ
940 1015 1006 1066 τὰ
1054 1012 1478 1083 ἐφυστερίζοντά
1523 1013 1651 1066 που’
1700 1014 1881 1066 δυσεί-

133 1119 174 1151 10
197 1103 399 1153 καστόν
439 1101 576 1154 ἐστι·
626 1100 967 1171 σαφέστερον
1006 1099 1053 1154 δ’
1094 1100 1164 1154 ἂν
1204 1100 1416 1169 ἐγένετο
1466 1098 1641 1171 ῥηθὲν
1687 1101 1880 1164 οὕτως’

201 1190 274 1242 εαἱ
307 1188 354 1241 δ’
386 1190 716 1259 ὑστεροῦσαι
748 1191 969 1253 πόλεις’.
1010 1183 1092 1253 οἷς
1124 1188 1411 1243 ἐπίκειται·
1445 1190 1747 1244 εἐπιπύστει
1771 1201 1883 1244 τῶν

197 1277 685 1348 προγεγενημένων
734 1281 877 1332 πολὺ
933 1278 1161 1348 ἐπέφερε
1215 1280 1316 1347 τὴν
1363 1279 1679 1349 ὑπερβολὴν
1726 1279 1781 1342 ἐς
1818 1281 1879 1332 τὸ

196 1373 531 1420 καινοῦσθαι
578 1369 674 1430 τὰς
713 1368 1004 1431 διανοίας’·
1063 1369 1321 1436 βούλεται
1369 1365 1471 1437 μὲν
1516 1370 1620 1438 γὰρ
1677 1367 1880 1436 λέγειν·

198 1456 270 1508 ξοἱ
325 1453 385 1508 δὲ
438 1456 810 1526 ὑστερίζοντες
865 1456 1374 1525 ἐπιπυνθανόμενοι
1428 1458 1494 1509 τὰ
1546 1456 1880 1526 γεγενημένα
1962 1521 1965 1523 ¹

132 1561 173 1593 15
196 1543 324 1614 παρ’
363 1543 567 1615 ἑτέροις
607 1545 918 1614 ἐλάμβανον
955 1546 1270 1616 ὑπερβολὴν
1310 1543 1396 1598 ἐπὶ
1436 1546 1497 1598 τὸ
1531 1546 1885 1599 διανοεῖσθαί

196 1654 247 1685 τι
286 1634 650 1703 καινότερον’·
693 1633 859 1704 χωρὶς
898 1631 958 1686 δὲ
989 1642 1084 1703 τῆς
1114 1639 1319 1702 πλοκῆς
1351 1631 1482 1687 οὐδὲ
1514 1635 1567 1687 οἱ
1606 1643 1716 1686 τῶν
1755 1625 1879 1687 ὅνο-

196 1722 381 1790 μάτων
429 1721 787 1791 σχηματισμοὶ
834 1732 952 1785 ταῖς
999 1723 1188 1785 ἀκοαῖς
1236 1724 1377 1776 εἰσιν
1422 1723 1587 1790 ἡδεῖς.
1663 1724 1880 1785 τούτοις

198 1809 442 1880 ἐπιφέρει
474 1812 776 1879 κεφάλαιον
809 1813 942 1864 ἄλλο
978 1812 984 1880 Ι
1018 1819 1318 1880 ποιητικῆς,
1358 1816 1568 1880 μᾶλλον
1608 1808 1669 1864 δὲ
1701 1813 1864 1864 διθυ-
1881 1825 1967 1865 887

198 1901 464 1967 ραμβικῆς
503 1903 803 1969 σκευωρίας
844 1902 1200 1971 οἰκειότερον·
1242 1901 1371 1953 ετῶν
1409 1898 1452 1952 τ’
1494 1899 1881 1970 ἐπιχειρήσεων

130 2003 173 2035 20
198 1985 533 2056 ἐπιτεχνήσει
564 1987 655 2040 καὶ
687 1998 798 2041 τῶν
820 1999 1097 2059 τιμωριῶν
1129 1988 1348 2060 ἀτοπίᾳ·
1372 1987 1464 2042 καὶ
1487 1990 1588 2057 τὴν
1611 1990 1881 2042 εἰωθυῖαν

196 2085 307 2128 τῶν
354 2076 640 2145 ὀνομάτων
679 2076 906 2141 ἀξίωσιν
946 2077 999 2140 ἐς
1038 2079 1104 2130 τὰ
1143 2080 1276 2147 ἔργα
1315 2077 1656 2146 ἀντήλλαξαν
1693 2086 1756 2148 τῇ
1797 2078 1880 2130 δι-

196 2165 452 2217 καιώσει.’
507 2165 536 2218 ὃ
584 2167 688 2235 γὰρ
736 2166 993 2234 βούλεται
1042 2168 1250 2234 δηλοῦν
1298 2165 1359 2218 ἐν
1405 2174 1467 2236 τῇ
1520 2163 1877 2238 δυσεξελίκτῳ

129 2326 131 2329 ⁴
195 2257 385 2323 πλοκῇ,
425 2257 681 2308 τοιοῦτόν
715 2254 849 2307 ἐστι·
891 2255 1122 2323 (πολλὴν
1152 2255 1253 2323 τὴν
1285 2253 1537 2307 ἐπίδοσιν
1569 2254 1880 2324 ἐλάμβανον

317 2403 337 2439 1
374 2397 502 2441 Thuo
525 2399 588 2442 111
620 2404 689 2454 82,
717 2405 742 2442 3

317 2533 338 2569 1
373 2530 595 2586 πολιτηκὴ
623 2531 657 2573 Ρ
686 2533 690 2587 1
722 2530 982 2584 ἐστασίαζέν
1015 2534 1082 2590 τε]
1120 2531 1438 2586 ἐστασιάζοντο
1470 2533 1565 2575 ΜΡ
1606 2530 1875 2584 ἐστασίαζόν

196 2602 243 2629 τε
269 2586 297 2629 f.
326 2586 374 2628 cf
395 2602 423 2629 u
452 2593 473 2630 7
626 2595 650 2631 2
685 2589 761 2632 ἐπὶ
793 2591 952 2634 πύστει
977 2592 1089 2636 MP:
1130 2592 1292 2635 πύστει
1315 2592 1338 2634 f
1347 2594 1398 2636 Θ.
1440 2591 1709 2635 emendauit
1743 2591 1877 2635 Reis-

196 2645 302 2687 kius
336 2646 384 2687 cf
404 2661 432 2688 u
462 2650 516 2688 14
688 2653 713 2690 3
747 2650 863 2691 πολὺ
895 2650 1088 2695 MPf&
1122 2651 1296 2706 πολλὴν
1328 2650 1546 2694 Reiskius
1579 2650 1676 2693 esu
1704 2655 1757 2692 12

196 2707 223 2746 4
247 2704 349 2761 τοῦ]
368 2719 398 2746 u
426 2710 477 2747 12
505 2704 550 2755 ἐς
574 2706 623 2749 τὸ
649 2707 900 2761 probatum
926 2707 1107 2752 Stahlio
1141 2723 1303 2753 uereor
1326 2723 1384 2753 ne
1409 2723 1465 2753 ex
1489 2708 1876 2764 interpretatione

196 2806 228 2848 p
252 2796 359 2847 375,
392 2797 413 2835 1
458 2795 694 2849 sumptum
726 2793 788 2837 sit
820 2795 869 2837 cf
888 2810 917 2837 u
953 2800 1004 2838 15
1100 2802 1123 2839 7
1158 2796 1444 2850 ἐστασιάζετο
1477 2796 1603 2839 MPf
1630 2779 1876 2849 εστοῖζέστα-

197 2849 373 2903 σιάζετο
406 2866 460 2907 pr
483 2852 540 2896 P:
574 2866 674 2895 corr
707 2852 980 2909 Sylburgius
1108 2861 1161 2898 10
1195 2855 1313 2900 οὕτω
1346 2855 1455 2899 libri
1579 2860 1632 2898 12
1665 2857 1782 2899 πολὺ
1805 2855 1874 2898 M:

197 2909 370 2966 πολλὴν
396 2910 491 2963 Pffl
521 2910 566 2961 ἐς
589 2911 660 2968 τὸ]
695 2926 833 2967 supra
866 2919 946 2955 τοῦ
1086 2919 1139 2956 15
1174 2913 1344 2969 ἑτέροις
1367 2915 1485 2959 MP:
1521 2912 1686 2968 ἐτέρων
1712 2914 1734 2956 f

198 2973 253 3011 22
287 2967 583 3030 δυσεξελίκτῳ
618 2970 654 3015 f:
689 2969 989 3023 δυσεξελέκτω
1022 2972 1057 3014 Ρ
1091 2971 1420 3029 δυσεξελέγκτω
1453 2973 1501 3015 Μ

1987 141 1993 198 3
