2004 3202
632 145 777 186 ΠΕΡΙ
806 144 1212 188 ΘοΤΚΤΔῙΔοΤ
1659 142 1765 194 367

85 281 251 348 ἔχων,
302 278 512 346 Πυθὴν
552 275 613 331 δὲ
651 277 742 332 καὶ
782 279 836 332 οἱ
874 281 1178 348 Κορίνθιοι
1217 278 1278 330 τὸ
1318 277 1502 347 μέσον.
1581 278 1769 346 ἐπειδὴ

84 365 147 421 δὲ
184 365 276 420 καὶ
324 367 378 420 οὶ
424 368 583 420 ἄλλοι
621 366 913 436 Ἀθηναῖοι
956 365 1332 438 προσέμισγον
1370 374 1446 439 τῷ
1497 367 1769 437 ζεύγματι,

83 464 148 527 τῇ
187 452 291 525 μὲν
328 457 516 526 πρώτῃ
557 455 703 526 ῥύμῃ
742 454 1091 518 ἐπιπλέοντες
1129 454 1398 523 ἐκράτουν
1435 465 1547 508 τῶν
1584 475 1768 524 τεταγ-

84 544 268 615 μένων
306 554 449 598 νεῶν
486 546 624 614 πρὸς
662 544 810 616 αὐτῷ
847 543 939 597 καὶ
979 543 1275 614 ἐπειρῶντο
1308 540 1464 597 λύειν
1501 545 1597 606 τὰς
1627 547 1769 597 κλεί-

84 648 220 696 σεις·
252 635 385 703 μετὰ
417 630 479 686 δὲ
509 642 672 686 τοῦτο
703 635 1055 703 πανταχόθεν
1086 636 1246 701 σφίσι
1269 643 1381 686 τῶν
1404 635 1789 702 Συρακοσίων·

85 721 176 775 καὶ
226 731 338 775 τῶν
385 723 685 791 συμμάχων
732 720 1146 792 ἐπιφερομένων
1185 721 1252 775 οὐ
1296 723 1474 791 μόνον
1519 722 1657 790 πρὸς
1694 728 1771 792 τῷ

88 812 344 881 ζεύγματι
404 811 437 879 ἡ
501 814 805 880 ναυμαχία,
867 809 1006 864 ἀλλὰ
1067 809 1158 863 καὶ
1219 812 1356 864 κατὰ
1417 811 1516 863 τὸν
1577 809 1771 879 λιμένα

88 899 357 968 ἐγίγνετο·
395 899 487 953 καὶ
527 897 597 968 ἦν
635 901 871 970 καρτερὰ
907 898 998 952 καὶ
1039 900 1129 952 οἵα
1161 899 1262 969 οὐχ
1295 897 1451 970 ἑτέρα
1489 909 1599 952 τῶν
1637 901 1770 968 πρό-

61 1005 278 1059 6τερον.
355 990 529 1057 πολλὴ
556 986 684 1060 Ιμὲν
722 990 826 1058 γὰρ
868 987 1143 1059 ἑκατέροις
1187 991 1476 1059 προθυμία
1513 987 1620 1040 ἀπὸ
1661 997 1772 1040 τῶν

87 1088 306 1132 ναυτῶν
361 1077 416 1140 ἐς
460 1079 522 1131 τὸ
572 1077 838 1147 ἐπιπλεῖν,
891 1077 1054 1131 ὁπότε
1107 1081 1450 1146 κελευσθείη,
1506 1077 1770 1145 ἐγίγνετο,

84 1168 263 1235 πολλὴ
303 1165 351 1219 δ’
390 1166 423 1234 ἡ
464 1165 839 1236 ἀντιτέχνησις
877 1176 989 1219 τῶν
1035 1169 1388 1237 κυβερνητῶν
1433 1165 1528 1219 καὶ
1572 1165 1772 1234 ἀγωνι-

89 1257 225 1325 σμὸς
263 1256 401 1324 πρὸς
439 1254 738 1323 ἀλλήλους,
778 1256 837 1308 οἵ
871 1274 927 1308 τε
977 1255 1227 1324 ἐπιβάται
1276 1255 1636 1325 ἐθεράπευον,
1683 1254 1770 1307 ὅτε

85 1343 389 1412 προσπέσοι
429 1351 565 1406 ναῦς
604 1346 720 1412 νηί,
767 1344 840 1413 μὴ
880 1346 1167 1396 λείπεσθαι
1207 1345 1273 1396 τὰ
1319 1343 1426 1396 ἀπὸ
1473 1351 1573 1396 τοῦ
1612 1363 1772 1396 κατα-

88 1433 404 1502 στρώματος
435 1439 530 1500 τῆς
562 1434 730 1501 ἄλλης
760 1431 969 1501 τέχνης,
1006 1441 1113 1495 πᾶς
1143 1431 1205 1485 τέ
1231 1452 1315 1495 τις
1346 1431 1408 1485 ἐν
1440 1425 1482 1503 ᾧ
1517 1431 1774 1502 προσετέ-

86 1540 250 1574 τακτο
281 1521 447 1584 αὐτὸς
478 1520 703 1583 ἕκαστος
733 1521 986 1589 ἠπείγετο
1018 1531 1232 1591 πρῶτος
1263 1524 1581 1590 φαίνεσθαι.
1644 1521 1774 1590 ξυμ-

86 1620 378 1663 πεσουσῶν
415 1609 467 1663 δ’
508 1610 569 1663 ἐν
607 1611 776 1682 ὀλίγῳ
814 1614 1037 1663 πολλῶν
1075 1619 1218 1663 νεῶν
1249 1608 1522 1681 (πλεῖσται
1562 1612 1666 1679 γὰρ
1704 1611 1772 1679 δὴ

89 1695 251 1752 αὗται
305 1699 366 1751 ἐν
419 1699 588 1772 ὀλίγῳ
645 1699 1051 1768 ἐναυμάχησαν·
1113 1701 1290 1770 βραχὺ
1345 1700 1449 1769 γὰρ
1504 1699 1774 1752 ἀπέλιπον

89 1786 497 1856 ξυναμφότεραι
537 1789 814 1841 διακόσιαι
854 1787 1140 1859 γενέσθαι)
1180 1789 1236 1841 αἱ
1280 1785 1382 1858 μὲν
1421 1787 1642 1857 ἐκβολαὶ
1681 1790 1774 1841 διὰ

91 1878 152 1930 τὸ
207 1877 279 1946 μὴ
341 1872 483 1929 εἷναι
535 1878 632 1939 τὰς
685 1876 1046 1947 ἀνακρούσεις
1098 1876 1190 1930 καὶ
1244 1876 1538 1940 διέκπλους
1591 1877 1774 1945 ὀλίγαι

91 1965 402 2034 ἐγίγνοντο·
434 1966 491 2018 αἱ
523 1962 584 2018 δὲ
615 1968 938 2035 προσβολαί,
970 1966 1044 2028 ὡς
1074 1966 1230 2035 τύχοι
1263 1974 1399 2028 ναῦς
1423 1964 1514 2034 νηὶ
1538 1980 1775 2036 προσπε-

90 2062 265 2108 σοῦσα
297 2054 329 2123 ἢ
363 2055 456 2107 διὰ
488 2055 549 2106 τὸ
582 2063 786 2122 φυγεῖν
815 2053 849 2122 ἢ
882 2055 1021 2124 ἄλλῃ
1054 2053 1404 2123 ἐπιπλέουσα,
1442 2057 1775 2124 πυκνότεραι

90 2139 244 2212 ἦσαν.
329 2142 419 2196 καὶ
475 2143 610 2196 ὅσον
663 2139 765 2211 μὲν
819 2145 1024 2213 χρόνον
1076 2142 1450 2213 προσφέροιτο
1506 2151 1667 2210 ναῦς,
1722 2144 1775 2195 οἱ

92 2231 198 2284 ἀπὸ
237 2241 350 2284 τῶν
388 2231 861 2300 καταστρωμάτων
899 2239 1013 2292 τοῖς
1049 2230 1325 2293 ἀκοντίοις
1354 2229 1445 2283 καὶ
1486 2230 1776 2299 τοξεύμασι

38 2319 39 2323 ’
92 2319 182 2373 καὶ
231 2323 417 2382 λίθοις
471 2318 750 2387 ἀφθόνοις
804 2317 884 2371 ἐπ’
937 2318 1109 2387 αὐτὴν
1157 2318 1421 2390 ἐχρῶντο·
1477 2318 1664 2388 ἐπειδὴ
1715 2316 1776 2371 δὲ

1796 1099 1841 1130 10

1797 1542 1843 1574 15

1800 1987 1844 2018 20

67 2408 484 2479 τπροσμίξειαν,
524 2409 578 2460 οἱ
617 2406 868 2475 ἐπιβάται
905 2406 910 2476 Ι
947 2409 1024 2470 εἰς
1055 2417 1239 2478 χεῖρας
1272 2410 1447 2470 ἰόντες
1479 2407 1774 2474 ἐπειρῶντο
1800 2430 1843 2461 25

216 2604 239 2642 1
275 2595 548 2652 κοπρὶνθιοι
580 2597 650 2639 Μ1
744 2602 767 2639 2
800 2594 851 2641 δὲ
886 2611 960 2640 om
992 2597 1022 2640 h
1051 2599 1057 2651 Ι
1084 2598 1164 2642 καὶ
1197 2596 1241 2641 οὶ
1272 2596 1403 2641 ἄλλοι
1426 2597 1570 2641 etiam
1595 2597 1778 2653 Thucy—

97 2658 221 2701 didis
243 2658 331 2702 cod
348 2658 416 2701 E:
444 2655 489 2700 οἱ
513 2655 643 2699 ἄλλοι
664 2655 926 2700 &ADFG
951 2670 1026 2700 om
1050 2657 1096 2700 B
1180 2662 1205 2701 6
1231 2657 1311 2701 καὶ
1334 2657 1446 2714 τῶν]
1467 2656 1548 2700 καὶ
1566 2658 1608 2700 Θ
1635 2658 1640 2713 Ι
1669 2657 1777 2711 ξυμ-

96 2716 256 2775 μάχων
287 2717 311 2759 f
333 2719 338 2774 Ι
368 2717 422 2760 οὐ
455 2715 621 2773 μόνον]
657 2715 710 2759 οὐ
739 2717 780 2759 Θ
873 2720 896 2758 7
929 2715 1117 2790 ζεύματι
1137 2715 1194 2762 P.
1227 2717 1441 2772 ζεύγματι
1475 2715 1540 2759 ἔτι
1564 2715 1710 2771 μόνον
1738 2717 1778 2758 Θ

107 2789 112 2794 ’
186 2781 212 2820 8
245 2772 324 2820 οἶα
355 2776 404 2818 Μ
527 2780 552 2818 9
584 2773 727 2830 πολλὴ
731 2791 758 2818 ν
789 2774 838 2817 Μ
960 2779 1014 2818 17
1046 2773 1146 2832 ὀλίγ
1146 2793 1182 2820 ω
1214 2775 1330 2820 MP:
1365 2772 1583 2834 ἐλαχίστῳ
1615 2774 1686 2818 f&

99 2840 154 2880 18
193 2834 380 2893 ἐκβολαὶ
414 2834 542 2877 MPf
566 2836 621 2876 ut
651 2832 862 2890 plerique
893 2833 1182 2891 Thucydidis
1223 2834 1429 2879 codices·
1447 2792 1654 2892 χέμβολαὶ
1688 2833 1781 2877 GE

99 2899 152 2938 21
195 2901 364 2951 φυγεῖν
411 2893 555 2937 etiam
595 2892 882 2948 Thucydidis
922 2893 1042 2937 codd
1072 2893 1245 2950 ΑΒΓ,
1293 2893 1435 2937 ceteri
1469 2893 1659 2949 φεύγειν

99 2958 154 2996 24
186 2953 426 3008 ἀφθόνοις
456 2953 504 2995 Μ
536 2952 771 3007 ἀφθονεῖς
794 2952 850 2996 P:
882 2952 1111 3009 ἀφθόνως
1134 2952 1205 2997 f&
