2004 3202
248 154 356 207 320
665 156 1005 198 ΔΙΟΝΤΣΙΟΤ
1035 156 1502 199 ΑΛΙΚΑΡΝΑΣΕῼΣ

1971 247 1989 275 *⁴7
1960 155 1990 242 §kf

247 290 647 360 ἀφαιρούμενοι
693 297 892 342 τοῦτον
937 290 1035 342 τὸν
1081 291 1250 357 λόγον
1294 288 1385 342 καὶ
1424 291 1713 362 Δεινάρχῳ
1755 304 1925 360 προσ-
1964 286 2004 387 Ἰ

247 380 508 441 άπτοντες
547 378 872 447 ἐλέγχοιντο,
915 385 990 449 τῷ
1022 380 1202 450 χρόνῳ
1234 376 1280 446 γ’
1315 374 1418 432 οὗν
1450 378 1815 447 ἐπιδειχθεῖεν
1855 377 1925 432 ἂν

246 468 593 536 ψευδόμενοι.
670 466 933 535 μέμνηται
979 468 1084 535 γὰρ
1132 467 1205 528 ὡς
1247 465 1442 520 νεωστὶ
1480 474 1575 535 τῆς
1615 468 1693 529 εἰς
1732 467 1925 530 Πύλας

248 554 440 619 ἐξόδου
471 554 848 623 γεγενημένης,
880 554 913 622 ἡ
947 553 994 607 δ’
1021 556 1098 617 εἰς
1121 555 1386 623 <Πύλας>
1400 554 1715 623 Ἀθηναίων
1739 555 1926 620 ἔξοδος

201 657 223 689 5
250 642 337 696 ἐπὶ
358 645 653 712 Θουδήμου
675 645 940 713 ἄρχοντος
957 642 1188 712 ἐγένετο,
1213 645 1416 711 ὄγδοον
1435 641 1440 715 1
1462 645 1581 706 ἔτος
1596 645 1910 714 Δεινάρχου
1928 657 1954 696 6
1979 708 1981 714 Ι

247 735 481 801 ἔχοντος.
546 733 699 801 Πρὸς
722 735 1055 791 Μαντίθεον
1081 730 1206 802 περὶ
1230 734 1477 802 προικός·
1510 732 1752 785 (πάντων
1777 730 1926 785 ἐστὶν

248 820 643 889 ἀνιαρότατονῖ
714 816 875 882 οὗτος
914 820 1214 873 ἀκολουθεῖ
1250 827 1326 892 τῷ
1363 819 1610 892 προτέρῳ
1651 823 1795 892 λόγῳ
1834 818 1925 873 καὶ

246 910 421 962 πολλὰ
468 911 577 977 ἔχει
622 910 758 961 κατὰ
803 910 974 978 <τὴν>
1022 908 1171 973 λέξιν
1216 917 1464 977 τοιαῦτα,
1513 909 1549 962 ἃ
1593 915 1675 978 εἴη
1719 908 1788 961 ἂν
1825 916 1926 962 τοῦ

247 997 418 1049 αὐτοῦ
459 997 706 1067 ῥήτορος,
745 997 844 1062 ἔξω
884 1004 979 1065 τῆς
1010 1007 1121 1050 τῶν
1151 998 1467 1066 Δεινάρχου
1497 997 1712 1065 ἡλικίας
1735 1038 1925 1050 .......
1982 1015 1995 1230 ⁴·

183 1099 225 1131 10
248 1091 473 1148 πολλοῖς
512 1088 692 1139 ἔτεσιν
729 1086 964 1156 ὕστερον
1001 1087 1299 1154 ἠγώνισται
1338 1087 1437 1139 τὸν
1474 1085 1661 1154 ἀγῶνα
1699 1085 1727 1139 6
1767 1087 1927 1154 κατή-

245 1195 434 1244 γορος,
483 1174 620 1228 ἀλλὰ
660 1175 762 1227 δύο
802 1174 834 1242 ἢ
874 1178 1080 1245 τρισίν,
1130 1175 1202 1236 ὡς
1241 1173 1629 1244 ἀκριβέστερον
1666 1173 1792 1244 περὶ
1831 1174 1927 1227 αὐ-

246 1272 356 1315 τῶν
404 1261 463 1314 ἐν
510 1270 574 1332 τῇ
621 1261 817 1332 <περὶ>
855 1261 1258 1332 Δημοσθένους
1303 1270 1488 1332 γραφῇ
1529 1263 1925 1332 δεδηλώκαμεν.
1984 1281 1990 1339 3

239 1349 520 1420 Ἀθηνάδῃ
556 1353 859 1421 συνηγορία
889 1350 1014 1421 περὶ
1045 1359 1141 1419 τῆς
1172 1352 1390 1419 σχεδίας
1419 1351 1557 1421 πρὸς
1576 1349 1926 1419 Ἀμύντιχον·
1985 1354 1989 1359 ’

247 1439 429 1508 εφίλος
467 1460 560 1508 μοι
599 1437 690 1491 καὶ
730 1438 1033 1508 ἐπιτήδειος
1069 1441 1160 1492 ὥν.
1215 1439 1272 1491 Ὁ
1301 1439 1550 1508 ὕστερος·
1590 1439 1794 1508 (οἴομαι
1826 1436 1927 1507 μὲν
1980 1436 1987 1536 Ξ

182 1541 222 1574 15
245 1528 410 1596 ὑμᾶς,
459 1525 499 1580 ὦ
549 1528 780 1597 ἄνδρες.’
855 1531 1201 1590 Διοπείθους
1247 1530 1325 1580 ε”τι
1362 1526 1488 1597 περὶ
1520 1526 1927 1595 Ἑλλήσποντον
1964 1538 1967 1542 ’

246 1624 344 1669 τοῦ
383 1626 494 1668 τῶν
524 1615 839 1684 Ἀθηναίων
878 1624 1184 1686 στρατηγοῦ
1226 1617 1607 1685 διατρίβοντος
1645 1620 1855 1685 εἴρηται
1895 1616 1924 1669 6
1978 1538 1986 1680 Ι

247 1707 426 1772 λόγος,
467 1705 539 1766 ὡς
575 1703 627 1767 ἐξ
661 1704 831 1757 αὐτοῦ
863 1708 1073 1772 γίνεται
1106 1707 1364 1775 φανερόν.
1427 1707 1541 1757 ἔστι
1573 1701 1634 1756 δὲ
1666 1704 1694 1757 6
1727 1706 1926 1774 χρόνος
1972 1681 1985 1981 Ι

1984 1235 1991 1277 2
2002 1219 2004 1280 ἡ

245 1794 380 1846 κατὰ
430 1794 765 1845 Πυθόδοτον
819 1794 1079 1863 ἄρχοντα,
1135 1794 1207 1855 ὡς
1259 1794 1419 1861 δηλοῖ
1469 1794 1774 1863 Φιλόχορος
1821 1795 1926 1845 σὺν

247 1890 361 1943 τοῖς
401 1883 588 1943 ἄλλοις
624 1890 739 1943 τοῖς
778 1923 973 1934 ......
1015 1880 1102 1934 ἐπὶ
1141 1882 1342 1934 τούτου
1380 1889 1479 1934 τοῦ
1523 1882 1788 1950 ἄρχοντος
1834 1880 1926 1934 οὐ-

177 1983 222 2015 20
246 1969 389 2022 δέπω
431 1970 679 2022 εἰκοστὸν
717 1971 856 2038 ἔχων
887 1972 1019 2032 ἔτος.
1084 1971 1237 2040 Πρὸς
1268 1972 1551 2038 Μήκυθον
1581 1971 1923 2039 μεταλλικός·
1973 1983 1979 2039 ff

246 2058 555 2128 (πριάμενοι
593 2055 891 2129 μέταλΙλον,
931 2055 973 2111 ὦ
1014 2059 1246 2128 ἄνδρεςῖ
1321 2057 1406 2111 ἐπὶ
1446 2059 1771 2127 Νικομάχου
1810 2059 1950 2127 &ip-6

364 2223 389 2260 3
421 2218 755 2262 Demosthenes
788 2232 850 2262 or.
885 2218 1076 2262 XXXIX
1102 2223 1154 2262 16
1277 2223 1303 2261 6
1334 2218 1460 2262 idem
1492 2231 1554 2261 or.
1590 2218 1667 2261 XL

364 2369 391 2407 4
410 2365 566 2415 Πύλας
589 2365 684 2408 add
701 2365 976 2422 Sylburgius
1039 2371 1063 2409 5
1087 2366 1336 2421 Θουδήμου
1354 2365 1574 2409 Adlerus:
1600 2362 1920 2422 θουμήδουΕΙ

246 2421 624 2476 τρισκαιδέκατον
641 2424 698 2469 F:
723 2438 823 2467 corr
839 2425 1101 2481 Kruegerus
1187 2429 1211 2467 7
1238 2425 1558 2480 ἀνιαρώτατον
1576 2424 1634 2468 F:
1653 2422 1924 2467 corrVioto-

246 2481 341 2523 rius
433 2486 458 2524 8
483 2481 602 2525 κατὰ
624 2483 709 2539 τὴν
733 2481 854 2536 λέξιν
877 2491 1070 2527 τοιαῦτα
1095 2483 1322 2528 Sadaeus:
1353 2482 1474 2527 κατὰ
1497 2480 1619 2535 λέξιν
1643 2489 1786 2526 ταῦτα
1813 2482 1849 2524 F

249 2545 274 2582 9
305 2542 413 2595 post
444 2538 636 2596 ῥήτορος
668 2542 898 2598 Sauppius
932 2542 1024 2586 ἐστὶ
1056 2540 1107 2586 δὲ
1141 2542 1338 2586 inseruit
1365 2544 1371 2599 Ι
1397 2549 1493 2592 τοῖς
1523 2549 1615 2585 τῶν
1640 2541 1675 2584 F
1728 2547 1811 2597 τῆς
1841 2546 1923 2583 τοῦ

247 2598 467 2654 uolgatur
502 2602 609 2654 post
639 2600 898 2644 Victorium
925 2602 931 2658 Ι
965 2601 1111 2658 λόγων
1149 2603 1256 2657 post
1287 2599 1547 2658 Δεινάρχου
1581 2599 1808 2643 excidisse
1842 2598 1942 2642 Sa-

250 2657 392 2700 daeus
424 2659 562 2712 putat
590 2660 595 2714 Ι
623 2657 840 2702 lacunam
872 2660 1103 2716 Sauppius
1138 2660 1327 2704 det-exit.
1384 2659 1599 2715 suppleas
1625 2658 1741 2703 fere:
1776 2657 1920 2708 ὄντος.

250 2717 303 2759 οὐ
351 2715 437 2772 γὰρ
634 2722 687 2759 12
733 2719 838 2772 περὶ
877 2719 971 2762 add
1010 2718 1226 2762 Reiskius
1422 2723 1475 2762 13
1517 2716 1782 2775 Ἀμύντιχον
1823 2715 1923 2772 Syl-

246 2774 460 2830 burgius:
494 2775 747 2830 ἀμυντικὸν
779 2776 813 2818 F
930 2782 984 2820 14
1016 2774 1050 2821 ὦ
1083 2778 1117 2820 F
1233 2782 1287 2822 18
1321 2774 1574 2834 φιλόχωρος
1602 2777 1658 2821 F:
1694 2789 1795 2819 corr
1820 2773 1920 2830 Syl-

246 2833 439 2889 burgius
576 2838 628 2876 19
675 2833 869 2878 lacunae
909 2835 1044 2891 signa
1083 2835 1266 2892 addidi,
1306 2838 1434 2878 ratus
1474 2834 1789 2879 inhercidisse:
1836 2831 1918 2883 τὰς

242 2890 455 2942 Ἀτθίδας
492 2891 825 2948 συγγράψασιν.
889 2892 1143 2948 εὑρίσκεται
1178 2893 1221 2938 δ’
1254 2895 1277 2938 ὁ
1310 2892 1456 2951 ῥήτωρ
1592 2899 1645 2936 21
1695 2891 1919 2948 μέταλλον

249 2964 305 2994 ex
337 2949 566 3006 μετάλλων
599 2951 657 2994 F¹
