2004 3202
1710 101 1814 154 297

612 679 819 739 ΠΕΡΙ
865 679 1358 741 ΔΕΙΝΑΡΧΟΤ

250 821 392 892 Περὶ
446 824 762 893 Δεινάρχου
815 831 914 876 τοῦ
970 823 1202 894 ῥήτορος
1255 820 1423 877 οὐδὲν
1476 824 1704 894 εἰρηκὼς
1760 824 1820 877 ἐν

137 920 252 974 τοῖς
289 910 414 982 περὶ
454 921 565 964 τῶν
603 911 848 982 ἀρχαίων
885 921 1181 982 γραφεῖσιν
1212 913 1304 965 διὰ
1334 913 1395 965 τὸ
1428 914 1560 982 μήτε
1592 912 1820 981 εὑρετὴν
1887 976 1890 978 μ

139 1002 287 1054 ἰδίου
340 999 627 1068 γεγονέναι
682 1009 1019 1071 χαρακτῆρος
1072 1002 1171 1054 τὸν
1224 1002 1424 1072 ἄνδρα,
1486 1003 1666 1071 ὥσπερ
1721 1002 1820 1055 τὸν

138 1093 357 1143 Λυσίαν
394 1088 485 1142 καὶ
524 1091 623 1142 τὸν
654 1088 973 1159 Ἰσοκράτην
1010 1089 1100 1143 καὶ
1140 1091 1238 1142 τὸν
1270 1089 1499 1159 Ἰσαῖον,
1537 1092 1670 1159 μήτε
1708 1100 1820 1143 τῶν

0 1181 26 1242 ᾖ·
49 1191 134 1231 630
151 1177 486 1249 εὑρημένων
525 1177 729 1247 ἑτέροις
767 1180 1082 1247 τελειωτήν,
1121 1179 1303 1249 ὥσπερ
1343 1179 1441 1232 τὸν
1478 1177 1818 1248 Δημοσθένη

0 1242 32 1312 ⁶}

136 1265 226 1319 καὶ
266 1268 364 1319 τὸν
396 1268 632 1336 Αἰσχίνη
671 1266 761 1320 καὶ
801 1267 968 1335 <τὸν>
1000 1266 1318 1337 Ὑπερείδην
1355 1267 1510 1336 ἡμεῖς
1539 1270 1819 1337 κρίνομεν,

136 1354 284 1424 ὁρῶν
338 1351 399 1407 δε
445 1354 536 1407 καὶ
583 1363 784 1409 τοῦτον
829 1357 928 1408 τὸν
974 1357 1152 1426 άνδρα
1197 1357 1345 1426 παρὰ
1389 1360 1616 1418 πολλοῖς
1662 1355 1819 1423 ἠξιω-

135 1442 306 1512 μένον
336 1443 605 1513 ὀνόματος
637 1443 725 1497 ἐπὶ
756 1446 1031 1513 δεινότητι
1071 1447 1253 1513 λόγων
1289 1444 1380 1498 καὶ
1420 1444 1820 1498 ἀπολελοιπότα

135 1533 435 1601 δημοσίους
473 1552 531 1586 τε
569 1531 660 1585 καὶ
702 1518 893 1595 ἰδίους,
919 1535 1119 1601 λόγους
1158 1534 1284 1587 οὔτε
1323 1533 1548 1601 ὀλίγους
1588 1531 1699 1586 οὔτ’
1732 1532 1820 1585 εὐ-

133 1623 611 1691 καταφρονήτους,
656 1621 945 1691 ἡγησάμην
991 1623 1111 1675 δεῖν
1148 1623 1220 1691 μὴ
1259 1626 1593 1691 παραλιπεῖν
1632 1621 1819 1690 αὐτόν,

134 1709 272 1763 ἀλλὰ
326 1708 416 1762 καὶ
469 1708 595 1780 περὶ
650 1718 751 1764 τοῦ
803 1713 933 1779 βίου
979 1709 1070 1763 καὶ
1116 1718 1216 1764 τοῦ
1262 1718 1601 1781 χαρακτῆρος
1648 1709 1820 1763 αὐτοῦ

134 1799 384 1852 διελθεῖν
437 1797 527 1851 καὶ
583 1800 826 1867 διορίσαι
872 1799 1003 1861 τούς
1048 1819 1105 1852 τε
1152 1802 1416 1868 γνησίους
1461 1798 1552 1851 καὶ
1598 1799 1821 1862 ψευδεῖς

135 1889 336 1954 λόγους
365 1887 590 1939 πάντων
620 1886 653 1955 ἢ
686 1896 797 1939 τῶν
828 1907 888 1954 γε
915 1890 1189 1940 πλείστων
1212 1887 1643 1958 ἀναγκαιότερον
1668 1884 1821 1957 οἶμαι

136 1983 250 2037 τοῖς
295 1976 367 2044 μὴ
417 1974 474 2027 ἐκ
519 1977 886 2049 περιζώματος
933 1975 1163 2029 ἀσκοῦσι
1211 1977 1520 2046 ῥητορικήν.
1601 1978 1711 2045 ἅμα
1758 1973 1819 2029 δὲ

135 2063 282 2133 ὁρῶν
336 2060 503 2116 οὐδὲν
557 2061 776 2133 ἀκριβὲς
830 2065 956 2117 οὔτε
1001 2067 1358 2134 Καλλίμαχον
1412 2066 1538 2118 οὔτε
1584 2067 1713 2127 τοὺς
1760 2063 1818 2117 ἐκ

135 2153 437 2221 Περγάμου
476 2153 884 2221 γραμματικοὺς
921 2151 1048 2221 περὶ
1087 2152 1260 2205 αὐτοῦ
1298 2153 1639 2223 γράψαντας,
1679 2152 1818 2205 ἀλλὰ

133 2242 281 2310 παρὰ
320 2241 380 2292 τὸ
420 2236 593 2309 μηδὲν
633 2238 875 2303 ἐξετάσαι
913 2238 1038 2309 περὶ
1071 2239 1242 2293 αὐτοῦ
1274 2250 1385 2293 τῶν
1416 2240 1817 2311 ἀκριβεστέρων

135 2329 532 2398 ἡμαρτηκότας,
580 2329 652 2390 ὡς
698 2329 770 2397 μὴ
813 2330 988 2397 μόνον
1027 2327 1296 2392 ἐψεῦσθαι
1332 2331 1509 2383 πολλὰ
1548 2329 1687 2383 ἀλλὰ
1724 2328 1816 2382 καὶ

136 2420 337 2485 λόγους
375 2419 504 2479 τοὺς
545 2413 711 2470 οὐδὲν
749 2413 851 2485 μὲν
889 2416 1037 2488 αὐτῷ
1067 2420 1445 2486 προσήκοντας
1476 2418 1549 2480 ὡς
1581 2419 1817 2487 Δεινάρ-

255 2611 281 2650 5
329 2604 593 2663 εὑρημένων
625 2606 681 2661 F,
730 2606 812 2649 sed
857 2622 886 2649 v
933 2607 981 2649 et
1020 2624 1054 2650 ω
1094 2620 1150 2650 ex
1189 2621 1291 2651 corr
1426 2613 1452 2651 6
1499 2608 1580 2652 τὸν
1628 2607 1816 2651 addidit

136 2666 519 2710 Westermannus
549 2667 554 2722 1
582 2663 801 2720 ὑπερείὸη
834 2664 869 2707 F
900 2679 1064 2709 rasura.
1093 2669 1201 2723 post
1230 2683 1259 2723 η
1283 2666 1412 2711 facta
1517 2672 1543 2710 8
1575 2667 1815 2711 ἀπολελοι-

135 2725 275 2783 πότα]
314 2723 676 2769 καταλελοιπότα
707 2723 911 2780 Teggius
951 2723 1001 2768 cf
1035 2725 1091 2769 de
1131 2725 1262 2770 Isaeo
1293 2741 1324 2782 p
1350 2731 1524 2783 123,14
1602 2723 1813 2800 9ἰδίους]

137 2784 397 2834 ἰδιωτικοὺς
429 2783 635 2827 Sadaeus
667 2782 744 2826 hic
777 2785 825 2826 et
854 2782 978 2827 infra
1008 2783 1181 2840 ubique
1298 2791 1350 2829 13
1385 2763 1534 2843 οἶμαι]
1566 2784 1660 2829 fort
1693 2782 1814 2828 εἶναι

255 2848 311 2887 14
342 2842 436 2886 fort
467 2843 660 2886 ἀσκοῦσι
691 2839 962 2899 ρητορικήν,
994 2860 1089 2899 αμα
1121 2846 1315 2899 θεωρῶν
1438 2849 1491 2887 19
1525 2844 1585 2894 ὡς
1615 2843 1813 2898 Δεινάρ-

136 2918 220 2959 χου
251 2901 440 2945 uidetur
471 2915 570 2945 esse
605 2900 850 2945 delendum

1846 1641 1887 1673 10

1844 2083 1885 2116 15
