2004 3202
142 640 163 672 5

100 976 168 1027 38

122 1083 163 1114 10

119 1523 160 1554 15

189 131 299 183 210
615 131 956 175 ΔΙΟΝΤΣῙΟΤ
986 131 1452 174 ΑΛῙΚΑΡΝΑΣΕΩΣ

187 285 244 318 τε
282 264 541 334 ἠξίωνται
587 264 677 318 καὶ
724 271 1061 334 χαρακτῆρος
1102 265 1271 330 ἰδίου;
1320 264 1482 333 ὥσθ’,
1532 266 1664 319 ὅταν
1702 272 1866 337 παρέ-

188 374 362 423 χωμαι
410 356 670 423 δείγματα
727 352 951 421 ἑκάστης
1005 351 1094 405 καὶ
1148 354 1420 423 μαρτύρια
1468 352 1641 424 φέρω,
1697 354 1867 419 λέξεις

187 444 341 504 τινὰς
386 441 711 512 παρατιθεὶς
748 450 858 493 τῶν
897 439 1254 511 χρησαμένων
1293 441 1482 504 αὐταῖς
1526 453 1770 511 ποιητῶν
1807 464 1865 498 τε

186 530 277 584 καὶ
325 530 706 601 συγγραφέων,
753 527 942 598 μηδεὶς
990 532 1396 598 συκοφαντείτω
1437 532 1530 593 τὰς
1571 531 1866 594 ἐπιπλοκὰς

188 618 278 672 καὶ
325 622 420 682 τὰς
466 620 598 671 κατὰ
644 620 809 687 μόρια
854 615 1146 686 ποιότητας
1192 617 1390 686 αὐτῶν,
1438 618 1576 672 ἀλλὰ
1621 622 1756 672 κατὰ
1803 622 1864 673 τὸ

186 708 487 771 πλεονάζον
533 704 762 758 ἕκαστον
801 714 915 779 τῶν
955 705 1536 775 παραλαμβανομένων
1582 711 1864 776 σκοπείτω,

186 798 630 865 τεκμαιρόμενος,
685 795 733 846 εἰ
781 798 1024 864 πολλαχῇ
1076 797 1333 847 τοιοῦτόν
1381 794 1492 847 ε’στι
1541 797 1600 848 τὸ
1649 797 1864 849 δεικνύ-

187 905 371 954 μενον,
411 884 510 936 οὐκ
550 884 597 936 εἰ
637 882 932 953 ἁπανταχῇ.
968 883 973 952 Ι

297 979 389 1039 τῆς
427 969 527 1040 μὲν
559 967 662 1024 οὖν
693 971 967 1041 αὐστηρᾶς
1003 970 1093 1023 καὶ
1135 974 1468 1042 φιλαρχαίου
1509 971 1599 1024 καὶ
1639 974 1710 1041 μὴ
1742 975 1803 1026 τὸ
1839 987 1954 1026 1069

187 1062 400 1130 κομψὸν
438 1060 575 1113 ἀλλὰ
620 1061 680 1112 τὸ
730 1060 932 1129 σεμνὸν
976 1059 1402 1129 ἐπιτηδευούσης
1450 1060 1715 1131 ἁρμονίας
1753 1082 1863 1115 τοι-

186 1150 314 1202 όσδε
345 1149 373 1202 ὁ
405 1151 703 1218 χαρακτήρ·
745 1148 974 1218 ὀνόμασι
1013 1155 1253 1219 χρῆσθαι
1286 1153 1435 1218 φιλεῖ
1473 1151 1733 1218 μεγάλοις
1772 1149 1864 1203 καὶ

184 1238 657 1307 μακροσυλλάβοις
698 1257 723 1286 *
771 1236 862 1289 καὶ
908 1246 1026 1300 ταῖς
1064 1226 1251 1308 ἕδραις
1291 1237 1473 1291 αὐτῶν
1513 1234 1654 1291 εἶναι
1695 1243 1865 1292 πλου-

186 1329 315 1388 σίως
338 1327 484 1379 πάνυ
509 1328 842 1394 βεβηκυίαις,
866 1328 1084 1396 χρόνων
1103 1346 1160 1378 τε
1185 1325 1488 1394 ἀξιολόγων
1510 1325 1864 1396 ἐμπεριλήψει

1960 0 2004 324 l

2000 382 2004 396 Ι

1999 403 2004 438 Ξ

1999 1051 2001 1069 1

1995 1080 2001 1119 ἵ

184 1417 522 1486 διορίζεσθαι
560 1415 769 1484 θάτερα
808 1413 912 1466 ἀπὸ
953 1424 1063 1466 τῶν
1099 1413 1311 1484 ἑτέρων.
1374 1422 1536 1467 τοῦτο
1576 1416 1636 1467 τὸ
1681 1422 1858 1484 σχῆμα
1930 1462 1933 1463 ⁷
1974 1423 1978 1427 ’

187 1504 340 1573 [ἀπὸ]
376 1511 471 1571 τῆς
503 1502 769 1573 ἁρμονίας
807 1510 1067 1555 ποιοῦσιν
1100 1503 1155 1554 αἱ
1186 1511 1297 1554 τῶν
1329 1501 1663 1571 φωνηέντων
1694 1523 1864 1572 γραμ-

184 1593 370 1661 μάτων
407 1590 762 1661 παραθέσεις,
811 1591 943 1643 ὅταν
981 1591 1014 1657 ἥ
1060 1610 1117 1642 τε
1162 1589 1548 1660 προηγουμένη
1597 1590 1739 1654 λέξις
1770 1594 1866 1654 -εἰς

184 1681 245 1732 ἓν
282 1681 493 1732 τούτων
532 1682 669 1749 λήγῃ
716 1677 805 1731 καὶ
850 1678 882 1746 ἡ
933 1679 1284 1732 συνάπτουσα
1326 1679 1496 1749 ταύτῃ
1542 1679 1643 1746 τὴν
1683 1679 1857 1749 ἀρχὴν

183 1768 288 1821 ἀπὸ
321 1769 532 1820 τούτων
564 1768 714 1828 τινὸς
754 1768 1017 1837 λαμβάνῃ.
1074 1766 1373 1834 ἀναγκαῖον
1402 1767 1507 1835 γὰρ
1547 1762 1617 1834 ἧν
1655 1769 1863 1837 χρόνον

121 1907 124 1912 .
183 1857 307 1909 τινὰ
364 1854 533 1925 μέσον
586 1854 794 1923 ἀμφοῖν
848 1854 1138 1922 ἀξιόλογον
1192 1854 1696 1924 ἀπολαμβάνεσθαι.
1771 1855 1862 1908 καὶ

116 1965 160 1996 20

184 1942 372 2013 μηδεὶς
410 1949 557 2014 εἴπῃ·
599 1944 674 1996 ετί
709 1941 769 1996 δὲ
800 1946 962 1996 τοῦτό
997 1943 1161 2011 ἐστιν,
1199 1943 1233 2012 ἢ
1272 1952 1387 2006 πῶς
1422 1945 1491 1996 ἄν
1522 1963 1603 2006 τις
1643 1943 1862 2011 γένοιτο

183 2035 403 2103 χρόνος,
451 2031 510 2094 ὃς
554 2053 579 2080 *
620 2038 829 2102 μεταθῇ
877 2032 1116 2101 ὀνόματα
1164 2030 1256 2084 ἀπ’
1290 2031 1542 2100 ἀλλήλων
1581 2033 1862 2086 διεστάναι

182 2122 317 2173 κατὰ
366 2122 461 2182 τὰς
508 2130 618 2172 τῶν
664 2119 998 2189 φωνηέντων
1045 2121 1374 2190 συμβολάς;’
1430 2121 1709 2173 δείκνυται
1756 2123 1860 2190 γὰρ

182 2210 290 2262 ὑπό
350 2229 407 2262 τε
468 2219 746 2278 μουσικῶν
806 2209 895 2262 καὶ
957 2218 1227 2279 μετρικῶν
1281 2209 1308 2262 ὁ
1365 2210 1457 2262 διὰ
1518 2208 1688 2278 μέσου
1751 2219 1863 2262 τῶν

304 2403 324 2440 1
359 2396 400 2440 τ’
430 2398 464 2440 Ρ
505 2400 509 2454 Ι
552 2397 812 2456 παρέχομαι
845 2399 926 2442 ΒΡ
1025 2404 1049 2442 5
1083 2396 1334 2454 ποιήτητάς
1363 2398 1399 2440 Ρ
1499 2403 1523 2442 6
1557 2398 1861 2455 παραλαμβα-

186 2456 362 2500 νόντων
396 2456 477 2498 ΒΡ
488 2471 516 2499 v
623 2462 648 2500 8
681 2458 784 2514 lege
815 2464 1028 2515 πανταχῇ
1128 2462 1153 2500 9
1187 2457 1210 2501 ὁ
1243 2456 1386 2512 ἁδρὸς
1415 2471 1495 2513 mg
1524 2456 1663 2500 rubro
1694 2456 1742 2498 M

187 2519 239 2557 12
274 2513 650 2572 μικροσυλλάβοις
674 2517 709 2559 Ρ
749 2519 753 2573 Ι
792 2516 874 2566 τὰς
907 2515 1043 2571 ἕδρας
1067 2543 1122 2548 -—
1147 2513 1396 2574 βεβηκυίας
1425 2514 1719 2571 Sylburgius‚
1759 2517 1860 2558 tum

186 2572 297 2616 ὥστε
375 2587 426 2615 ro
474 2574 552 2616 καὶ
592 2574 778 2618 Usener.
828 2590 887 2618 an
934 2573 1158 2631 ἀσφαλέσι
1204 2574 1284 2619 καὶ
1328 2587 1411 2630 pro
1459 2574 1611 2617 αὐτῶν
1659 2569 1813 2617 εἷναιῖ)
1850 2575 1854 2632 ἷ

185 2634 330 2675 πλουο·
351 2633 429 2689 ως]
469 2630 672 2682 πλατέως
705 2633 977 2690 Sylburgius
1152 2638 1206 2677 13
1242 2630 1293 2676 δὲ
1324 2632 1406 2675 ΒΡ
1572 2636 1624 2674 15
1657 2631 1750 2675 ἀπὸ
1784 2645 1860 2674 om

187 2690 462 2747 Sylburgius
498 2692 503 2747 Ι
540 2690 589 2733 αἱ
620 2699 710 2735 τῶν
746 2691 908 2747 ἑτέρων
941 2693 991 2736 αἰ
1029 2700 1119 2737 τῶν
1153 2689 1484 2749 φωνηέντωνΒ
1637 2695 1690 2734 16
1729 2689 1759 2747 ἤ
1790 2692 1858 2748 τε]

186 2748 235 2793 εἶ’
258 2765 305 2793 τε
337 2749 419 2791 ΒΡ
525 2754 578 2792 17
611 2750 804 2807 τούτων]
836 2752 1010 2795 τούτων
1041 2751 1167 2802 τινὸς
1197 2748 1407 2808 λαμβάνῃ
1438 2749 1475 2792 Β
1519 2751 1524 2805 Ι
1566 2749 1700 2808 λήγῃ]
1732 2749 1859 2805 λήγει

185 2809 267 2852 ΒΡ
310 2808 316 2866 Ι
358 2807 438 2852 καὶ
475 2807 549 2851 bis
582 2809 617 2851 P
784 2813 836 2852 18
878 2805 936 2866 ἦν
968 2810 1162 2855 Usener:
1205 2806 1326 2854 εἶναι
1367 2811 1373 2864 Ι
1414 2807 1592 2866 χρόνων
1623 2807 1682 2850 Ρ1

186 2871 239 2911 21
267 2867 360 2910 fort
390 2866 555 2923 χρόνος
587 2864 684 2918 οἷός
723 2883 769 2910 τε
803 2875 987 2924 συναφῆ
1021 2869 1086 2913 ὄν.
1121 2866 1207 2912 ἀπ’
1245 2869 1288 2913 ἀ.
1321 2865 1554 2912 διιστάναι
1585 2867 1760 2911 Usener
1799 2881 1858 2910 an

185 2924 236 2977 ὃς
268 2925 413 2976 αἰτιος
445 2924 514 2981 εἰῇ]
546 2928 654 2970 κτλὶ)
754 2931 808 2968 23
842 2935 1040 2982 μουσικῶ
1072 2928 1154 2970 ΒΡ

1984 2067 1987 2093 ..Α
1983 1709 1993 2037 q‚-⁶-h.-...-.<2*...--.
1990 1620 1993 1690 ,.--
1991 1545 1995 1571 Α,
