2004 3202
1931 0 1984 170 ,ἶ

155 104 264 156 312
581 107 922 150 ΔΙΟΝΥΣΙΟΤ
952 105 1419 148 ΑΛΙΚΑΡΝΑΣΕΩΣ

153 247 355 292 τοῦτον
382 237 387 311 Ι
414 243 764 310 Καλλίμαχος
789 239 848 292 ἐν
871 248 987 301 τοῖς
1010 238 1413 308 Δημοσθένους
1437 238 1607 310 φέρει.
1661 242 1816 293 Κατὰ
1834 253 1920 294 653

86 370 93 376 .
154 329 451 396 Στεφάνου
489 331 845 399 παρανόμων·
886 328 1138 397 (ὑπάρχει
1175 335 1275 380 τοῦ
1305 330 1481 397 νόμου
1513 330 1832 397 δεδωκότος,
1979 317 1985 325 '

155 413 197 469 ὦ
268 417 499 487 ἄνδρεςῖ
597 418 752 469 Κατὰ
814 414 1236 478 Καλλισθένους
1303 418 1634 484 εἰσαγγελία·
1705 417 1833 470 (οὐκ

154 504 362 573 ἀγνοῶ,
431 502 546 574 <ὦ>
607 504 839 574 ἄνδρεςῖ
936 505 1271 556 Διαδικασία
1337 504 1636 575 Φαληρέων
1695 506 1833 575 πρὸς

109 615 131 647 5
160 596 424 656 Φοίνικας
461 591 598 662 ὑπὲρ
639 600 734 660 τῆς
775 593 1076 662 ἱερωσύνης
1114 600 1212 645 τοῦ
1246 594 1619 656 Ποσειδῶνος·
1660 593 1833 662 (εὔχο-
1977 599 1986 648 ¹ss

153 702 276 751 μαι,
324 683 391 749 νὴ
431 682 531 749 τὴν
563 680 832 748 Ἀθηνᾶν,
871 678 1102 749 πρέπειν
1141 681 1244 748 δή.’
1322 682 1476 750 Πρὸς
1513 683 1614 750 τὴν
1652 686 1833 751 Κηφι-

154 780 439 840 σοφῶντος
471 770 822 838 ἀπογραφήν·
863 769 1102 839 (πρῶτον
1132 768 1249 838 μέν,
1286 766 1327 822 ὦ
1361 771 1575 840 ἄνδρες,
1607 770 1834 840 δέομαι.’

145 858 204 911 Ὁ
249 859 497 928 ὕστερος·
545 858 629 910 (τὰ
675 855 777 926 μὲν
821 857 947 927 περὶ
989 859 1090 926 τὴν
1130 858 1313 926 ὠνήν.’
1382 857 1677 927 Ἀπολογία
1716 861 1832 912 δια-

154 949 456 1017 μαρτυρίας
493 947 630 1016 πρὸς
669 947 770 1014 τὴν
801 947 1498 1016 Χάρητος....εἰσαγγελία
1536 949 1670 1000 κατὰ
1708 952 1832 1000 Φει-

86 1058 131 1089 10
156 1037 354 1088 διάδου
415 1033 791 1104 γραμματέως·
861 1034 995 1088 (οὔτ’
1058 1037 1261 1105 ἔχθρας
1322 1035 1582 1104 οὐδεμιᾶς
1642 1034 1833 1088 ἕνεκα.’

153 1125 308 1176 Κατὰ
353 1122 688 1185 Φιλοκλέους
725 1120 863 1193 ὑπὲρ
898 1121 906 1193 1
941 1133 1052 1176 τῶν
1083 1123 1443 1194 Ἁρπαλείων·
1484 1124 1560 1176 (τί
1593 1125 1695 1194 χρὴ
1736 1123 1819 1177 λέ-
1838 1139 1926 1178 654

154 1231 275 1279 γειν
320 1213 381 1264 τὸ
429 1213 567 1281 πρὸς
612 1212 757 1264 τῶν.’
834 1213 988 1264 Κατὰ
1030 1214 1285 1265 Γνωδίου
1329 1211 1455 1283 περὶ
1497 1222 1608 1265 τῶν
1637 1213 1834 1283 Ἁρπα-

154 1303 338 1353 λείων·
402 1299 523 1352 (οὐκ
585 1301 825 1368 ἄδηλον.’
917 1299 1051 1353 Κατ’
1112 1299 1493 1371 Ἀριστονίκου
1545 1300 1671 1369 περὶ
1725 1311 1835 1354 τῶν

146 1388 506 1459 Ἁρπαλείων·
547 1388 843 1458 (εὐτύχημα
874 1385 975 1458 μὲν
1006 1385 1092 1458 ἦν,
1125 1386 1166 1442 ὦ
1194 1391 1426 1459 ἄνδρεςῖ
1465 1391 1620 1442 Κατὰ
1648 1395 1834 1459 Δημο-

87 1498 130 1530 15
153 1475 393 1539 σθένους
423 1475 548 1547 περὶ
580 1486 691 1529 τῶν
714 1476 1074 1546 Ἁρπαλείων·
1107 1477 1155 1530 (ὁ
1188 1475 1289 1546 μὲν
1321 1479 1643 1546 δημαγωγὸς
1666 1478 1835 1547 ὑμῖν.’

151 1566 309 1617 Κατὰ
355 1563 822 1634 Ἀριστογείτονος
875 1564 1000 1634 περὶ
1054 1575 1164 1618 τῶν
1211 1565 1569 1635 Ἁρπαλείων·
1622 1565 1835 1633 (πάνθ’,

154 1653 227 1715 ὡς
266 1655 468 1721 ἔοικεν,
509 1649 550 1705 ὦ
592 1651 815 1722 ἄνδρεςῖ

539 1801 1084 1870 Ψευδεπίγραφοι
1125 1803 1442 1870 δημόσιοι.

68 1910 133 1961 11
266 1905 422 1956 Κατὰ
451 1904 745 1973 Θεοδώρου
779 1903 1129 1966 εὐθυντικός·
1163 1905 1374 1972 (ἥκιστα
1398 1903 1516 1973 μέν,
1542 1901 1584 1957 ὦ
1603 1906 1835 1975 ἄνδρεςῖ

87 2012 132 2044 20
154 1992 523 2062 πρεσβύτερός
563 1991 676 2044 ε’στι
715 1999 809 2060 τῆς
840 1993 1157 2062 Δεινάρχου
1195 1993 1421 2061 ἡλικίας.
1491 1997 1698 2062 εἴρηται
1731 1994 1834 2061 γὰρ

156 2079 243 2132 ἐπὶ
287 2083 565 2148 Θεοφίλου
611 2080 643 2148 ἢ
688 2080 1118 2149 Θεμιστοκλέους
1165 2083 1429 2151 ἄρχοντος
1470 2079 1618 2152 μεζτὰ
1661 2079 1821 2134 Θέελ-
1839 2095 1924 2135 655

154 2174 255 2221 λον
295 2170 533 2238 ἄρχοντα
574 2169 806 2240 ἐνιαυτῷ
844 2172 1008 2241 τρίτῳ
1043 2169 1111 2238 <ἣ
1143 2171 1433 2242 τετάρτῳ),
1474 2171 1546 2232 ὡς
1579 2169 1630 2234 ἐξ
1663 2169 1835 2222 αὐτοῦ

274 2319 299 2356 2
332 2313 618 2369 παρανόμων
651 2313 949 2371 Sylburgius:
983 2314 1092 2358 ἴασα
1117 2314 1272 2370 νόμων
1303 2314 1338 2356 F
1431 2319 1456 2356 3
1489 2312 1835 2365 Καλλισθένους

155 2372 406 2416 Mem-sius:
439 2370 737 2423 κλεισθένους
768 2373 802 2416 F
938 2378 965 2416 4
1007 2369 1040 2417 ὦ
1074 2374 1168 2416 add
1201 2372 1432 2430 Sauppius
1554 2379 1579 2417 6
1615 2378 1638 2416 7
1681 2377 1834 2430 Κηφι-

158 2438 394 2486 σοφῶντος
434 2431 685 2487 Sauppius:
733 2439 1023 2489 κηφισῶντος
1060 2432 1095 2475 F
1262 2437 1287 2475 9
1334 2431 1500 2489 χάρτος
1538 2432 1573 2474 F
1636 2430 1836 2487 Χάριτος

155 2488 413 2533 Victorius:
449 2503 548 2532 corr
574 2490 849 2547 Sylburgius
878 2493 883 2548 1
911 2491 1108 2535 lacunae
1134 2491 1269 2547 signa
1294 2492 1388 2534 add
1412 2490 1619 2533 Blassius
1649 2494 1654 2547 1
1684 2491 1835 2547 εἰσαγ-

158 2546 315 2604 γελίαν
358 2547 632 2604 Sylburgius
777 2555 828 2593 11
878 2549 1116 2606 ἁρπαλέων
1156 2551 1191 2593 F
1253 2550 1329 2593 hic
1377 2552 1425 2593 et
1469 2549 1592 2592 infra
1638 2549 1832 2605 ubique:

157 2621 259 2650 corr
291 2605 499 2649 Blassius
623 2613 676 2649 12
708 2609 758 2651 τὸ
793 2609 868 2652 del
895 2610 1124 2666 Sauppius
1154 2611 1158 2667 1
1186 2608 1306 2653 κατὰ
1330 2606 1606 2665 (Αγνωνίδου
1638 2608 1680 2652 ci
1704 2609 1835 2652 Reis-

156 2665 262 2708 kius
356 2669 411 2707 14
435 2663 640 2719 ἀρνάλου
660 2666 694 2708 F
721 2665 1217 2722 ‘Apnaumvvietorius
1310 2672 1363 2710 19
1397 2667 1647 2718 εὐθύνικος
1664 2668 1699 2710 F
1717 2669 1761 2723 (n
1785 2667 1835 2710 in

156 2727 271 2780 ras):
297 2737 399 2767 corr
415 2723 649 2766 Victorius
801 2731 856 2768 20
894 2726 986 2770 ἐστι
1011 2726 1306 2783 Sylburgius:
1341 2726 1416 2769 ἐπι
1439 2726 1474 2768 F
1596 2731 1649 2769 21
1676 2724 1704 2782 ἢ
1732 2726 1835 2782 Syl-

156 2782 371 2839 burgius:
404 2789 458 2840 τῇ
484 2782 518 2824 F
550 2789 631 2826 τοῦ
664 2784 751 2838 πρὸ
785 2784 993 2828 Blassius
1025 2786 1205 2829 mauolt
1233 2787 1238 2842 Ι
1270 2783 1463 2830 Θέελλον
1490 2783 1694 2828 Curtius:
1728 2783 1835 2828 θέλ-

157 2845 238 2886 λον
255 2842 290 2885 F
359 2846 414 2884 22
441 2840 642 2898 ἄρχοντα
663 2841 957 2898 Sylburgius:
984 2845 1177 2889 ἀνιόντα
1204 2859 1259 2888 ex
1286 2844 1479 2889 ἐνιαυτῶ
1505 2846 1760 2887 correctum
1777 2843 1831 2902 F!

156 2899 185 2957 ἢ
210 2898 406 2959 τετάρτῳ
439 2900 602 2943 addidi
1693 2910 1696 2913 ⁴
