1958 3192
726 149 1175 194 -XXXVH-

105 288 360 343 lectiones
397 286 679 356 praecipue
717 285 834 338 ideo
874 285 1203 338 adnotandae
1240 284 1480 353 fuerunt,
1526 287 1587 336 ut
1626 302 1785 353 quam

103 395 173 431 ex
226 374 438 428 sordido
487 375 635 427 fonte
690 373 1010 444 Sylburgius
1062 373 1328 442 hauserit,
1381 375 1624 442 apertum
1676 373 1788 441 fiat,

103 464 258 518 cuius
289 482 354 516 ex
385 463 618 516 editione
648 463 882 532 pendent
912 479 1274 532 quaecumque
1305 464 1491 530 postea
1522 461 1576 513 in
1614 460 1786 513 lucem

105 555 234 606 sunt
286 551 544 605 emissae.’
629 569 951 620 quamquam
1002 550 1278 603 Palatinus
1332 543 1542 619 quodue
1597 549 1788 602 accidit

29 684 38 715 ἱ
105 644 167 694 ut
219 640 504 710 genuinam
558 640 877 709 scripturam
931 642 1108 692 seruet
1123 681 1137 708 ,
1198 638 1366 692 ueluti
1420 639 1627 707 βύβλος
1679 657 1787 691 non

15 718 38 806 j
101 729 271 783 semel
307 730 365 782 in
402 747 508 782 uno
549 728 642 781 illo
682 728 928 781 relictum
969 731 1064 780 est.

16 876 19 889 Ι
215 818 504 870 Difficilior
549 818 605 870 in
657 817 795 870 libro
850 817 913 870 de
968 817 1202 886 antiquis
1257 817 1558 870 oratoribus
1611 815 1785 884 primo

11 896 38 941 *2⁹
70 929 75 934 ·
103 906 340 959 recensio
378 906 456 975 fit,
495 906 542 958 si
580 923 700 958 cum
733 905 1004 958 codicibus
1042 905 1189 958 illius
1221 904 1454 975 sylloges
1488 903 1575 976 (S)
1615 923 1786 958 exem-

106 994 258 1064 plum
295 994 714 1047 Laurentianum
755 992 844 1065 (F)
884 996 1104 1063 pugnat.
1182 994 1324 1062 quod
1368 997 1429 1046 ut
1468 994 1786 1063 antiquitate

106 1083 229 1136 illos
269 1083 474 1136 codices
513 1083 672 1152 longe
704 1086 945 1151 superat,
997 1083 1074 1134 ita
1117 1082 1484 1152 neglegentiae
1535 1082 1691 1152 culpa
1727 1082 1789 1135 li·

104 1171 278 1223 berari
309 1190 417 1224 non
447 1171 602 1224 facile
627 1173 818 1240 potest.
865 1170 997 1240 Nos,
1020 1174 1081 1223 ut
1104 1170 1560 1223 Radermacherus
1586 1171 1790 1240 scribit,

104 1258 321 1312 ‘librum
361 1259 794 1328 antiquissimum
831 1259 1002 1328 pluris
1049 1259 1449 1312 aestimauimus
1497 1278 1656 1328 quam
1698 1258 1786 1312 Sa-

102 1348 288 1417 daeuS,
341 1341 732 1400 constatem'm
780 1366 889 1400 non
934 1347 1111 1400 nullos
1150 1351 1357 1400 exstare
1406 1348 1552 1401 locos
1592 1348 1786 1417 quibus

102 1435 399 1489 Florentini
453 1436 823 1489 auctoritatem
875 1436 1026 1488 falsis
1080 1436 1376 1489 rationibus
1439 1436 1630 1489 ductus
1691 1437 1787 1488 im-

102 1525 341 1578 minuere
395 1525 673 1578 studuerit.
750 1525 814 1578 de
861 1525 937 1577 eis
946 1567 960 1594 ,
1015 1543 1149 1594 quae
1202 1544 1252 1594 p.
1286 1525 1372 1594 87,
1399 1525 1467 1576 10
1520 1525 1787 1594 leguntur,

101 1613 239 1666 nihil
277 1613 514 1683 adfirmO,
553 1614 655 1666 etsi
693 1613 828 1665 illud
867 1613 1222 1683 ἐπιδημήσας,
1262 1614 1405 1682 quod
1443 1613 1786 1667 Florentinus

101 1701 320 1754 exhibet
359 1699 506 1773 (nam
544 1702 601 1754 in
631 1700 989 1755 Ambrosiano
1028 1702 1218 1754 lacuna
1250 1700 1371 1773 est),
1411 1702 1478 1754 ad
1510 1701 1787 1772 ἐμπλήσας

40 1819 42 1822 >
101 1790 271 1843 redire
303 1791 527 1860 ideoque
558 1809 665 1843 non
690 1794 799 1843 tam
831 1790 1214 1859 interpolatum
1247 1809 1407 1860 quam
1438 1791 1784 1860 praecedente

100 1877 451 1948 ἀποδημῆσαι
506 1883 814 1948 corruptum
868 1898 982 1932 esse
1037 1879 1166 1932 satis
1221 1883 1423 1932 certum
1469 1880 1784 1948 putauerim.

101 1971 158 2019 at
203 1967 350 2020 nullo
400 1968 558 2020 modo
607 1968 839 2020 dubitari
885 1971 1064 2037 potest
1111 1968 1239 2037 quin
1288 1969 1351 2021 de
1391 1988 1439 2037 p.
1475 1968 1560 2037 63,
1588 1967 1655 2020 15
1697 1967 1787 2022 Sa-

103 2055 264 2108 daeus
303 2074 534 2108 errorem
573 2056 922 2126 commiserit,
970 2075 1103 2125 quae
1152 2057 1316 2109 uerba
1364 2057 1421 2108 in
1459 2060 1643 2109 nostra
1681 2057 1787 2110 edi-

102 2143 245 2196 tione
298 2144 375 2195 ita
428 2145 704 2197 emendata
756 2145 864 2214 legi
918 2145 1311 2214 existimamUS,
1372 2148 1434 2197 ut
1486 2144 1783 2197 Florentini

101 2233 480 2300 praestantiam
520 2233 801 2286 confestim
841 2250 1113 2303 agnoscaS,
1161 2234 1357 2286 nedum
1397 2234 1460 2286 de
1499 2233 1783 2302 interpola-

99 2321 245 2374 tione
294 2320 584 2373 insimules
669 2340 990 2390 quamquam
1037 2322 1206 2391 igitur
1256 2341 1286 2374 a
1335 2321 1554 2374 librario
1605 2321 1780 2391 negle-

0 2420 42 2477 {-
102 2409 249 2478 genti
302 2412 357 2462 et
402 2410 521 2462 rudi
574 2410 808 2462 codicem
863 2413 1138 2462 exaratum
1186 2429 1300 2463 esse
1354 2429 1460 2463 non
1510 2427 1783 2479 negamuS,

0 2492 3 2523 i
101 2499 280 2549 tamen
334 2498 653 2566 discrepanti
707 2498 819 2550 eius
871 2497 1089 2551 lectioni
1142 2499 1219 2551 ita
1280 2517 1486 2567 semper
1547 2499 1783 2551 animum

12 2607 15 2614 ·
105 2586 444 2655 attendimuS,
483 2590 543 2638 ut
575 2604 733 2655 quam
772 2586 1002 2639 maxime
1042 2605 1363 2655 caueremUS,
1400 2606 1481 2655 ne,
1514 2587 1638 2656 quia
1676 2605 1782 2639 uno

36 2676 42 2678 ”
102 2671 219 2726 loco
258 2674 452 2726 falsum
494 2674 721 2742 exhibet,
760 2674 955 2727 idcirco
996 2674 1161 2728 altero
1195 2694 1405 2744 quoque
1436 2676 1553 2727 loco
1586 2676 1780 2727 uitium
1835 2668 1838 2671 ⁴

103 2760 273 2814 inesse
311 2762 677 2814 indicaremus
747 2762 890 2831 quod
929 2763 1127 2831 optime
1168 2764 1401 2815 cernitur
1439 2763 1494 2815 in
1534 2763 1664 2815 locis
1704 2763 1780 2814 eis

103 2850 414 2919 tractandiS,
455 2850 647 2919 quibus
688 2851 868 2903 eadem
907 2852 1070 2904 uerba
1110 2851 1213 2903 alio
1254 2852 1435 2904 ordine
1475 2851 1530 2902 in
1568 2851 1610 2902 F
1614 2851 1782 2903 loren-

12 2946 44 2955 '·
102 2935 217 2988 tino
250 2937 352 2989 alio
386 2938 441 2989 in
472 2936 827 2991 Ambrosiano
860 2939 1215 2992 conlocantur.
1279 2958 1462 2991 eorum
1493 2957 1615 3006 pars
1649 2957 1780 2990 sem-
