2004 3202
211 133 320 185 408
639 134 980 177 ΔΙΟΝΤΣΙΟΤ
1010 133 1476 176 ΑΛΙΚΑΡΝΑΣΕΩΣ

120 267 194 320 49
310 267 466 321 ’Ἐστι
506 265 566 321 δὲ
605 266 694 321 καὶ
735 270 872 321 ἄλλα
907 267 967 320 ἐν
998 275 1060 337 τῇ
1095 268 1402 338 δημηγορίᾳ
1431 267 1599 336 ταύτῃ
1640 265 1890 334 μέμψεως

214 356 353 426 ἄξια,
393 355 518 427 περὶ
559 353 637 410 ὧν
677 354 842 410 οὐδὲν
882 355 1072 424 δεόμαι
1112 357 1177 408 τὰ
1223 359 1391 408 πλείω
1432 354 1635 423 λέγειν’
1693 355 1890 417 ἱκανῶς

214 444 266 498 δ’
321 451 504 515 οἴομαι
557 444 648 498 καὶ
705 446 797 497 διὰ
851 444 1063 496 τούτων
1121 445 1367 514 φανερὸν
1418 442 1772 511 πεποιηκέναι
1826 444 1888 496 τὸ
1974 466 1981 514 ς

211 538 594 605 προκείμενον,
635 534 717 586 ὅτι
757 538 860 600 τῆς
886 533 1239 584 Θουκυδίδου
1271 530 1462 596 λέξεως
1500 535 1758 601 κρατίστη
1790 530 1892 600 μέν
1979 528 1981 530 ’

168 643 190 675 5
217 621 366 675 ἐστιν
395 622 428 690 ἡ
462 625 690 691 μετρίως
725 620 1048 689 ἐκβεβηκυῖα
1079 622 1145 673 τὰ
1178 621 1395 688 συνήθη
1428 619 1518 672 καὶ
1549 621 1645 682 τὰς
1675 620 1893 690 πρώτας

212 710 303 764 καὶ
343 710 641 778 ἀναγκαίας
681 710 875 778 ἀρετὰς
926 710 1310 778 φυλάσσουσα,
1357 711 1558 779 χείρων
1596 705 1656 761 δὲ
1695 708 1727 776 ἡ
1761 712 1892 777 λαμ-

214 801 461 868 βάνουσα
499 799 711 866 πολλὴν
744 786 1012 867 ἐκτροπὴν
1045 797 1103 850 ἐκ
1134 807 1245 850 τῶν
1282 807 1486 850 κοινῶν
1517 797 1803 866 ὀνομάτων
1833 816 1891 849 τε

212 887 303 940 καὶ
345 888 633 956 σχημάτων
673 888 749 949 εἰς
787 888 853 939 τὰ
893 885 1019 950 ξένα
1057 885 1148 938 καὶ
1195 885 1527 954 βεβιασμένα
1564 884 1654 938 καὶ
1695 885 1890 938 ἀνακο-

213 977 478 1044 λούθητα,
519 974 593 1028 δι’
632 975 702 1043 ἣν
742 971 872 1028 οὐδὲ
903 984 1014 1027 τῶν
1045 976 1228 1027 ἄλλων
1268 974 1477 1044 ἀρετῶν
1509 974 1760 1043 οὐδεμίαι
1790 974 1892 1041 τὴν

146 1085 190 1116 10
216 1063 425 1117 ἑαυτῶν
465 1063 870 1116 ἐπιδείκνυνται
910 1064 1162 1132 δύναμιν.
1241 1063 1366 1115 οὔτε
1405 1064 1508 1133 γὰρ
1551 1062 1610 1115 ἐν
1651 1071 1770 1125 ταῖς
1810 1061 1891 1115 ἐκ-

212 1156 460 1221 κλησιάις
500 1154 768 1222 χρήσιμόν
809 1151 922 1204 ἐστι
967 1159 1129 1205 τοῦτο
1169 1153 1230 1204 τὸ
1277 1150 1436 1219 γένος
1482 1159 1576 1220 τῆς
1622 1151 1891 1222 φράσεως,

215 1241 275 1294 ἐν
314 1235 399 1304 αἷς
436 1238 574 1311 ὑπὲρ
617 1242 835 1310 εἰρήνης
865 1239 956 1292 καὶ
992 1239 1236 1309 πολέμου
1275 1238 1365 1292 καὶ
1405 1242 1591 1308 νόμων
1630 1241 1892 1310 εἰσφορᾶς

213 1329 303 1383 καὶ
342 1334 635 1383 πολιτειῶν
672 1332 882 1398 κόσμου
920 1327 1010 1382 καὶ
1049 1338 1161 1381 τῶν
1200 1330 1384 1381 ἄλλων
1418 1337 1530 1380 τῶν
1566 1336 1772 1380 κοινῶν
1800 1325 1891 1380 καὶ

213 1419 466 1487 μεγάλων
498 1419 554 1470 αἱ
585 1419 771 1479 πόλεις
802 1419 1235 1486 βουλευσόμεναι
1269 1415 1644 1487 συνέρχονται,
1678 1414 1790 1470 οὔτ’
1832 1415 1891 1468 ἐν

148 1526 191 1559 15
215 1516 329 1569 τοῖς
368 1508 758 1575 δικαστηρίοις,
806 1508 947 1558 ἔνθα
984 1504 1109 1576 περὶ
1155 1505 1407 1558 θανάτου
1445 1503 1535 1557 καὶ
1582 1513 1762 1574 φυγῆς
1799 1504 1890 1558 καὶ

215 1595 429 1664 ἀτιμίας
467 1593 556 1647 καὶ
589 1596 804 1663 δεσμῶν
842 1593 931 1646 καὶ
969 1594 973 1662 Ι
1009 1595 1300 1664 χρημάτων
1332 1592 1668 1663 ἀφαιρέσεως
1701 1596 1875 1647 οῑ·λό-
1893 1608 1979 1648 938

214 1704 303 1751 γοι
343 1684 479 1753 πρὸς
517 1685 646 1744 τοὺς
686 1682 1047 1750 ἀνειληφότας
1087 1683 1186 1750 τὴν
1217 1679 1354 1751 ὑπὲρ
1387 1682 1598 1734 τούτων
1639 1682 1892 1746 ἐξουσίαν
1955 1721 1989 1737 ,η

179 1761 469 1839 Υλέγονται
509 1769 621 1841 (***
679 1774 739 1823 αἳ
790 1775 1026 1823 λυποῦσι
1080 1771 1178 1823 τὸν
1231 1771 1518 1823 πολιτικὸν
1572 1772 1738 1838 ὄχλον
1792 1771 1893 1824 οὐκ
1988 1774 1989 1782 ’

216 1862 349 1913 ὄντα
388 1869 497 1911 τῶν
536 1860 805 1911 τοιούτων
844 1859 1204 1927 ἀκουσμάτων
1245 1858 1304 1911 ἐν
1336 1856 1497 1930 ἔθει),
1538 1857 1650 1912 οὔτ’
1684 1858 1744 1912 ἐν
1774 1869 1892 1922 ταῖς
1972 1908 1992 1926 ,y

102 2010 112 2020 ,
149 1969 194 2000 20
220 1950 518 2009 ἰδιωτικαῖς
557 1947 818 2016 ὁμιλίαις,
868 1947 927 2000 ἐν
967 1941 1052 2010 αἷς
1090 1945 1214 2017 περὶ
1255 1956 1365 1999 τῶν
1403 1950 1674 2015 βιωτικῶν
1714 1949 1892 2001 διαλε-
1987 1962 2004 2011 ‘5

215 2038 430 2104 γόμεθα
474 2038 722 2098 πολίταις
766 2036 798 2104 ἢ
849 2040 1033 2105 φίλοις
1081 2035 1113 2104 ἢ
1163 2035 1488 2103 συγγενέσιν
1537 2037 1897 2106 διηγούμενοί

216 2145 269 2177 τι
307 2134 418 2176 τῶν
457 2127 879 2193 συμβεβηκότων
919 2123 1132 2186 ἑαυτοῖς
1163 2123 1195 2192 ἢ
1230 2126 1734 2193 συμβουλευόμενοι
1767 2127 1896 2194 περί

217 2233 366 2274 τινος
397 2222 508 2265 τῶν
540 2212 869 2281 ἀναγκαίων,
901 2212 933 2281 ἢ
959 2211 1414 2280 νουθετοῦντεςῆ
1450 2216 1892 2282 παρακαλοῦντες

217 2300 250 2368 ἢ
277 2302 641 2369 συνηδόμενοι
666 2311 780 2363 τοῖς
804 2301 1038 2369 ἀγαθοῖς
1062 2301 1093 2369 ἢ
1120 2305 1524 2368 συναλγοῦντες
1547 2309 1661 2363 τοῖς
1683 2309 1892 2362 κακοῖς·

219 2476 360 2514 ναμιν
482 2458 531 2503 δὲ
564 2460 784 2504 iteratum
818 2460 892 2503 del
916 2461 964 2503 M
1085 2466 1109 2503 2
1143 2460 1313 2510 ἱκανῶς
1345 2459 1501 2516 οἴομαι
1533 2457 1582 2504 δὲ
1609 2459 1657 2502 Μ
1755 2463 1780 2503 5
1813 2475 1892 2515 με-

219 2517 353 2572 τρίως
386 2516 467 2567 ἕως
500 2518 591 2575 ἐκβ.
625 2519 680 2563 P:
714 2535 825 2562 num
857 2517 1045 2574 μετρίως
1075 2525 1200 2570 πωςῗ
1325 2523 1347 2562 7
1379 2521 1487 2575 post
1518 2518 1745 2575 ἐκτροπὴν
1777 2517 1890 2562 artis

221 2575 375 2619 culum
408 2577 585 2620 conicio
628 2578 800 2633 deesse,
841 2579 1103 2634 Kruegerus
1135 2580 1243 2622 ante
1275 2593 1306 2620 u
1453 2583 1478 2621 8
1511 2577 1815 2622 ἀνακόλουθα
1847 2576 1890 2620 ci
1963 2605 1993 2613 ,Α

220 2635 481 2691 Kruegerus
559 2640 583 2677 9
612 2638 802 2691 οὐδεμιᾶ
821 2637 888 2680 M:
917 2636 1108 2692 οὐδεμία
1126 2637 1161 2679 Ρ
1171 2637 1195 2680 f
1269 2642 1322 2679 10
1349 2635 1523 2680 ἑαυτῶν
1549 2634 1892 2680 ἐπιδείκνυνται

221 2693 464 2751 (ἐπιδείγν-
483 2694 535 2750 Ρ)
554 2694 665 2738 MP:
694 2694 858 2750 ἑαυτῆς
876 2694 1229 2740 ἐπιδείκνυταιὶ
1287 2700 1339 2738 13
1358 2693 1584 2751 κόσμουΐτ
1602 2693 1782 2750 κόσμων
1797 2694 1890 2736 ΜΡ

312 2758 365 2796 16
390 2753 627 2808 ἀφαιρεως
651 2752 686 2794 Ρ
780 2758 832 2795 18
858 2754 1039 2796 hiatum
1063 2754 1285 2810 indicaui,
1319 2768 1409 2809 quo
1442 2754 1560 2797 talia
1590 2754 1685 2796 fere
1719 2753 1890 2796 hausta.

223 2825 321 2855 esse
354 2811 556 2854 conicias
591 2811 779 2883 <οὐδεὶς
818 2810 903 2867 γὰρ
945 2813 1124 2868 ἀγνοεῖ,
1173 2812 1242 2858 ὅτι
1281 2830 1331 2856 αι
1370 2819 1580 2865 τοιαῦται
1619 2809 1890 2886 ρητορεῖ>αι

224 2873 306 2914 aut
338 2868 441 2930 (τίς
474 2887 559 2926 γαρ
593 2887 652 2914 αν
684 2867 922 2924 προέλοιτο
956 2878 1069 2914 νοῦν
1105 2871 1219 2929 ἔχων
1250 2870 1331 2922 τὰς
1368 2871 1584 2921 τοιαύτας
1615 2868 1889 2928 ῥητορείας)

222 2930 272 2973 αἲ
358 2934 411 2972 19
446 2927 548 2973 οὐδ’
579 2929 601 2971 f
680 2934 735 2971 20
762 2929 975 2987 βιωτικὸν
1007 2929 1042 2971 Ρ
1127 2936 1178 2973 21
1207 2927 1502 2987 διηγουμένοι
1525 2929 1560 2971 Ρ
1636 2933 1694 2972 24
1725 2931 1888 2972 συναλ-
