2004 3202
645 122 794 164 ΠΕΡΙ
824 120 1229 164 ΘοΤΚΤΔΙΔοΤ
1681 117 1788 170 383

102 255 230 308 οὔτε
271 263 377 308 νῦν
415 255 808 326 ἀποτρέψομαι.
884 255 1078 317 διδοὺς
1116 254 1184 322 δὴ
1224 254 1285 306 τὸ
1324 263 1573 323 πρῶτον,
1613 255 1788 323 ὥςπερ

101 341 194 397 καὶ
224 342 338 397 κατ’
377 343 548 414 ἀρχὰς
579 346 738 414 ἔφην,
777 346 839 398 τὸ
870 341 996 414 περὶ
1033 343 1136 412 τὴν
1165 341 1387 413 εὕρεσιν
1416 350 1516 395 τοῦ
1550 357 1788 413 συγγρα·

102 430 249 501 φέως
288 433 575 502 εὔστοχον,
626 431 717 486 καὶ
756 437 812 486 εἰ
850 453 933 495 τις
972 433 1149 494 ἄλλως
1185 430 1603 501 προὺπείληφεν
1641 436 1697 484 εἴ
1730 451 1787 484 τε

100 521 194 574 διὰ
249 524 597 589 φιλονεικίαν
650 527 705 574 εἴ
758 541 817 575 τε
871 519 942 574 δι’
991 520 1787 590 ἀναισθησίαν,-·ἁμαρτάνειν

99 609 272 662 αὐτὸν
311 611 588 679 οἰόμενος,
638 609 881 678 θάτερον
921 607 1105 672 οὐκέτι
1151 610 1379 678 δίδωμι,
1426 609 1487 661 τὸ
1526 607 1652 679 περὶ
1692 611 1788 671 τὰς
1835 627 1855 660 5

99 699 418 767 οἰκονομίας
472 698 644 752 αὐτοῦ
705 701 982 768 τεχνικόν,
1043 698 1189 766 πλὴν
1243 695 1323 750 ἐπ’
1378 697 1585 766 ὀλίγων
1639 698 1788 751 πάνυ

39 835 41 839 ⁴
99 787 468 858 δημηγοριῶν.
531 787 643 858 ὁρῶ
676 785 738 841 δὲ
775 786 867 840 καὶ
906 787 1041 856 <τά>
1079 784 1206 856 περὶ
1237 787 1340 855 τὴν
1370 785 1519 851 λέξιν
1559 785 1787 839 ἐλαττώ-

99 894 258 944 ματα,
311 874 439 946 περὶ
487 872 566 929 ὧν
615 878 721 946 ἤδη
767 879 1092 946 προείρηκα,
1146 879 1375 929 πλεῖστα
1420 873 1512 928 καὶ
1557 874 1788 945 μέγιστα

97 964 322 1027 ταύταις
361 967 742 1034 συμβεβηκότα
780 973 899 1028 ταῖς
940 964 1132 1027 ἰδέαις·
1177 963 1268 1017 καὶ
1307 966 1412 1034 γὰρ
1452 965 1510 1017 αἱ
1548 967 1787 1033 γλωττη-

97 1051 318 1122 ματικαὶ
356 1052 448 1106 καὶ
495 1051 646 1116 ξέναι
693 1052 784 1106 καὶ
830 1052 1192 1123 πεποιημέναι
1239 1051 1410 1116 λέξεις
1457 1052 1518 1106 έν
1562 1053 1787 1116 ταύταις
1811 1073 1855 1104 10

97 1142 334 1210 μάλιστα
373 1141 790 1210 ἐπιπολάζουσι,
829 1140 921 1195 καὶ
966 1143 1032 1196 τὰ
1078 1142 1401 1196 πολύπλοκα
1444 1140 1536 1194 καὶ
1575 1141 1788 1211 ἀγκύλα

97 1228 189 1283 καὶ
228 1231 561 1300 βεβιασμένα
617 1233 862 1300 σχήματα
907 1235 1136 1284 πλεῖστα
1187 1229 1314 1301 περὶ
1368 1231 1567 1294 ταύτας
1620 1230 1786 1284 ἐστίν.

99 1321 147 1372 εἰ
186 1316 248 1372 δὲ
288 1321 355 1372 τὰ
394 1321 578 1373 εἰκότα
616 1322 847 1388 ἔγνωκα,
890 1320 959 1372 σύ
998 1339 1054 1373 τε
1093 1329 1302 1390 κρινεῖς
1331 1318 1423 1372 καὶ
1454 1329 1566 1372 τῶν
1602 1321 1787 1373 ἄλλων

98 1407 325 1471 ἕκαστος
364 1407 452 1461 ἐπὶ
491 1408 594 1476 τὴν
633 1407 880 1472 ἐξέτασιν
918 1407 1187 1478 ἀγόμενος
1224 1417 1337 1461 τῶν
1376 1410 1569 1478 ἔργων.
1636 1410 1786 1461 ἔσται

69 1494 175 1551 οδὲ
213 1498 350 1550 κατὰ
396 1496 568 1550 ταύτὰ
608 1496 640 1564 ἡ
679 1497 990 1566 παράθεσις
1036 1496 1249 1565 αὐτῶν,
1297 1494 1786 1568 ἀνζτιπαρεξεταζο-
1812 1517 1852 1549 15

97 1585 280 1655 μένων
318 1593 434 1648 τοῖς
473 1586 671 1655 ἄριστά
708 1606 804 1654 μοι
843 1586 1111 1639 δοκοῦσιν
1150 1587 1296 1654 ἔχειν
1336 1595 1447 1638 τῶν
1487 1587 1613 1639 οὔτε
1650 1588 1787 1639 κατὰ

98 1675 194 1737 τὰς
234 1676 551 1744 οἰκονομίας
588 1674 1060 1744 κατορθουμένων
1100 1675 1228 1727 οὔτε
1266 1675 1403 1727 κατὰ
1440 1675 1542 1743 τὴν
1580 1676 1788 1745 φράσιν

98 1762 461 1831 ἀνεγκλήτων.

203 1849 299 1904 Ἐν
346 1848 448 1921 μὲν
494 1847 598 1905 οὖν
653 1860 717 1922 τῇ
770 1851 1001 1923 δευτέρᾳ
1046 1852 1233 1924 βύβλῳ
1282 1852 1454 1921 <τὴν>
1499 1851 1587 1905 ἐπὶ
1634 1856 1786 1906 Πλα-
1805 1854 1874 1906 36

97 1942 253 2003 ταιὰς
308 1942 764 2010 Λακεδαιμονίων
818 1961 875 1994 τε
928 1940 1019 1994 καὶ
1074 1950 1186 1994 τῶν
1241 1942 1541 2011 συμμάχων
1595 1943 1786 1995 ἔλασιν
1810 1964 1853 1996 20

99 2027 400 2099 ἀρξάμενος
470 2030 709 2099 γράφειν
768 2030 1119 2098 ὑποτίθεται,
1187 2037 1287 2083 τοῦ
1348 2029 1614 2098 βασιλέως
1674 2040 1786 2083 τῶν

101 2119 556 2187 Λακεδαιμονίων
578 2117 914 2189 Ἀρχιδάμου
945 2118 1242 2188 μέλλοντος
1273 2119 1511 2189 δῃώσειν
1533 2120 1635 2187 τὴν
1662 2126 1784 2187 γῆν,

98 2206 356 2277 πρέσβεις
387 2208 534 2277 παρὰ
566 2216 677 2260 τῶν
702 2206 1028 2260 Πλαταιέων
1058 2206 1399 2276 ἀφιγμένους
1428 2209 1566 2277 πρὸς
1597 2207 1785 2276 αὐτόν,

221 2342 242 2381 1
279 2335 607 2393 ἀποτρέψομαι
636 2337 751 2381 MP:
786 2335 1142 2394 ἀποστρέψομαι
1172 2337 1196 2380 f
1314 2343 1338 2380 2
1371 2338 1448 2381 καὶ
1482 2336 1587 2382 κατ’
1623 2338 1672 2381 Μ
1703 2337 1783 2383 καί

100 2394 140 2440 τ’
170 2396 228 2442 P:
263 2394 367 2441 κατ’
398 2397 421 2439 f
536 2400 562 2439 3
595 2397 675 2441 καὶ
707 2396 781 2440 εἴ.
811 2433 818 2440 .
851 2432 860 2440 .
886 2402 911 2439 5
945 2396 1158 2453 οἰόμενος
1188 2400 1242 2441 ut
1274 2411 1302 2441 a
1334 2396 1576 2453 Dudithi0‚
1609 2411 1702 2441 non
1735 2398 1783 2441 in

101 2455 357 2512 exemplari
382 2454 554 2499 omissa
580 2455 772 2499 inclusit
795 2456 819 2498 f
841 2458 846 2512 Ι
875 2455 1018 2507 ἄλλως
1040 2456 1079 2501 f:
1105 2456 1239 2507 ἄλλος
1255 2457 1347 2500 ΜΡ
1375 2458 1380 2513 Ι
1408 2455 1784 2513 προσυπείληφεν

100 2515 243 2559 MPf:
262 2529 364 2559 corr
380 2515 644 2572 Kruegems
789 2520 814 2558 6
841 2516 1135 2569 αὐτῶΜΡ,ί“;
1154 2529 1255 2560 corr
1272 2516 1527 2573 Sadaeusp
1545 2521 1629 2559 217
1658 2518 1664 2573 Ι
1693 2515 1783 2560 ὀλί-

103 2575 239 2632 γ[ω]ν
263 2588 369 2618 cum
393 2574 538 2617 litura
562 2574 609 2617 M
733 2578 756 2616 7
792 2574 872 2618 καὶ
905 2573 1033 2642 (vde)
1067 2574 1275 2642 §adaeus
1306 2590 1337 2632 p
1358 2580 1440 2619 198
1557 2581 1608 2618 11
1643 2577 1782 2620 πολύ-

93 2637 277 2689 ·πληστα
293 2633 354 2676 Ρι
424 2637 478 2676 12
495 2631 643 2676 ταῦτά
658 2632 799 2678 MPf:
817 2647 919 2677 corr
934 2634 1152 2678 Relslnus
1222 2639 1276 2678 13
1294 2634 1442 2678 ἄλλων
1452 2633 1782 2694 (φιλολόγων)

106 2691 149 2735 ei
180 2692 445 2749 Kruegerus
479 2692 522 2736 cl
551 2707 583 2748 p
608 2697 708 2747 328,
736 2697 760 2734 2
795 2695 843 2736 et
873 2698 973 2749 364,
992 2698 1046 2736 11
1081 2693 1138 2737 de
1161 2693 1278 2738 Dem
1301 2699 1357 2737 23
1390 2709 1421 2750 p
1449 2699 1620 2750 179,14

103 2755 158 2794 14
199 2750 326 2795 ἔσται
356 2751 470 2795 MP:
513 2751 622 2795 ἔστω
654 2751 678 2793 f
824 2756 878 2795 15
917 2751 1038 2796 κατὰ
1079 2759 1224 2796 ταῦτα
1256 2752 1398 2798 MPf:
1431 2767 1533 2796 corr
1563 2753 1780 2797 Reiskius

163 2814 217 2853 16
249 2818 371 2861 τοῖς.
394 2812 671 2855 ..δοκοῦσιν
702 2809 742 2854 f:
773 2817 880 2867 τῆς.
901 2847 910 2856 .
932 2848 940 2856 .
959 2812 1188 2868 δοκούσης
1218 2813 1312 2855 ΜΡ
1434 2817 1486 2855 17
1521 2817 1781 2868 κατορθου-

45 2889 51 2899 ·
102 2883 244 2923 μενον
275 2869 347 2912 Μ1
469 2875 522 2913 19
555 2868 694 2929 βίβλω
723 2868 833 2926 ΜΡ,
851 2869 876 2912 f
897 2871 902 2927 Ι
928 2870 1013 2928 τὴν
1047 2871 1207 2915 deesse
1239 2871 1364 2915 uidit
1387 2871 1604 2915 Reiskius
1633 2875 1639 2927 Ι
1668 2874 1781 2914 πλα-

100 2934 236 2978 ταιᾶς
265 2929 312 2971 Μ
494 2934 548 2972 23
581 2925 819 2973 πλαταίων
843 2928 879 2971 Ρ
