2004 3202
677 154 821 196 ΠΕΡΙ
851 152 1196 195 ΔΕΙΝΑΡΧΟΤ
1671 152 1776 204 317

98 294 436 358 χαρακτῆρος
482 287 740 357 ἀρχαϊκὸς
786 288 865 340 ὢν
909 285 998 340 καὶ
1037 286 1374 357 περιτρέχων
1412 287 1513 355 τὴν
1550 289 1780 355 τοπικὴν

98 378 292 445 Δήλου
322 375 413 429 καὶ
446 375 630 446 Λέρου
665 377 926 446 ἱστορίαν.
988 376 1144 428 Κατὰ
1174 374 1579 445 Δημοσθένους
1609 394 1780 445 παρα-

99 467 308 533 νόμων·
349 463 617 532 (εἰώθατε,
657 461 699 517 ὦ
741 464 973 534 ἄνδρες.’
1036 460 1197 526 οὗτος
1236 462 1297 516 ἐν
1334 472 1450 526 τοῖς
1489 468 1780 534 Περγαμη-

100 561 219 615 νοῖς
256 552 443 616 πίναξι
483 551 706 622 φέρεται
746 554 819 615 ὡς
850 553 1278 623 Καλλικράτους.
1342 541 1455 620 ἐγώ
1488 550 1560 620 δ’,
1601 554 1648 605 εἰ
1679 549 1781 621 μὲν

101 640 314 694 ἐκείνου
347 640 513 709 ἐστίν,
547 640 647 693 οὐκ
680 636 805 693 οἶδα
836 638 991 711 (οὐδὲ
1022 642 1126 710 γὰρ
1161 639 1418 709 ἐνέτυχον
1441 649 1553 692 τῶν
1576 642 1781 693 Καλλι-
1827 661 1847 692 5

98 730 334 799 κράτους
373 727 620 801 οὐδενί),
669 730 753 782 ὅτι
793 726 853 781 δὲ
891 729 1151 798 πάμπολυ
1189 737 1301 781 τῶν
1338 729 1652 798 Δεινάρχου
1693 731 1782 782 λό-

98 838 215 886 γων
254 817 575 887 ἀφέστηκεν,
616 817 836 886 εὐτελής
875 837 931 870 τε
971 818 1050 870 ὢν
1087 815 1177 870 καὶ
1212 818 1369 880 κενὸς
1399 816 1489 870 καὶ
1522 817 1624 871 οὐκ
1655 817 1783 871 ἀπέ-

16 900 25 971 ss
100 926 213 975 χων
253 908 532 974 ἰδιωτικῆς
570 909 867 976 φλυαρίας,
907 909 1186 974 πείθομαι.

0 1149 3 1179 ὓ
602 1082 949 1136 Ἰδιωτικοὶ
989 1084 1265 1151 γνήσιοι.

0 1143 30 1263 {a
210 1188 366 1239 Κατὰ
402 1185 690 1256 Προξένου
729 1187 962 1255 βλάβης,
1011 1186 1077 1239 ὃν
1115 1186 1279 1249 αὐτὸς
1319 1182 1470 1239 εἶπεν
1507 1183 1646 1256 ὑπὲρ
1687 1188 1782 1240 αὑ-
1803 1192 1870 1243 12

99 1284 221 1329 τοῦ·
261 1276 336 1328 εἴ
364 1278 447 1338 τίς
478 1296 570 1344 μοι
601 1281 769 1343 θεῶν,
809 1272 851 1328 ὦ
885 1275 1115 1343 άνδρες.’
1177 1277 1333 1327 Κατὰ
1364 1275 1783 1344 Κηφισοκλέους
1810 1296 1848 1326 11

72 1363 205 1418 2καὶ
245 1384 356 1416 των
395 1366 613 1417 οἰκείων
644 1365 871 1433 βλάβης·
914 1364 966 1416 α
998 1360 1099 1432 μὲν
1131 1363 1392 1436 ἐγκαλῶν,
1432 1361 1473 1417 ὦ
1511 1364 1516 1432 Ι
1553 1365 1783 1434 άνδρεςῖ

101 1453 255 1523 Πρὸς
299 1452 586 1516 Φανοκλέα
624 1453 831 1521 βλάβης
870 1451 1162 1519 ἀπολογία·
1210 1451 1385 1524 ώμην
1423 1472 1524 1521 μεν
1564 1450 1782 1520 ἐγώ,ωῶ

12 1518 36 1614 ξ’
101 1541 333 1612 άνδρες.’
410 1542 562 1610 Πρὸς
601 1541 954 1611 Λυσικράτην
999 1537 1138 1609 ὑπερ
1185 1541 1509 1609 Νικομάχου
1555 1542 1783 1610 βλάβης·

14 1620 38 1698 f
102 1630 319 1700 (ἄνδρες
357 1631 632 1698 δικασταί,
673 1630 757 1682 ὅτι
795 1626 896 1698 μὲν
937 1629 1190 1697 ἰδιώτης.’
1267 1632 1590 1698 Συνηγορία
1631 1633 1782 1700 Παρ-
1810 1649 1848 1680 15

14 1711 53 1756 ³
101 1717 323 1788 μένοντι
375 1715 514 1788 ὑπὲρ
571 1718 927 1788 ἀνδραπόδου
977 1719 1204 1786 βλάβης·
1261 1716 1370 1770 εκαὶ
1415 1735 1784 1787 παραγεγενη-

9 1838 11 1843 ·
100 1806 264 1876 μένος
317 1807 574 1877 ὕστερον,
636 1808 835 1876 ἄνδρες
890 1807 1165 1874 δικασταί,
1220 1808 1391 1874 ἔγωγε
1444 1808 1646 1874 ἔγνων,
1701 1807 1784 1860 ὅτι

44 1884 46 1887 V
104 1893 414 1966 Παρμένων
482 1895 782 1948 ἀδικεῖται.’
880 1896 1036 1947 Κατὰ
1105 1896 1490 1947 Ποσειδίππου
1557 1899 1783 1963 κλοπῆς·

103 1983 431 2052 ’ἀδικηθείς,
494 1980 535 2036 ὦ
598 1983 828 2053 ἄνδρεςῖ
920 1985 1075 2036 Κατὰ
1121 1982 1364 2051 “Ηδύλης
1425 1982 1783 2036 ἀποστασίου·

43 2095 46 2099 ’
103 2073 516 2134 (καταλιπόντος
591 2071 832 2124 ἰένοτίου
892 2072 1130 2140 πατρός.’
1222 2070 1585 2124 Ἀποστασίου
1645 2074 1783 2142 πρὸς
1808 2091 1850 2122 20

42 2152 46 2154 Y
104 2160 510 2231 Αρχέστρατον·
551 2161 746 2213 επολλὰ
783 2158 875 2212 καὶ
914 2159 1100 2227 ἀγαθὰ
1139 2158 1391 2227 γένοιτο.’

55 2295 57 2297 .
96 2248 373 2320 Ἡγελόχῳ
416 2246 554 2317 ὑπὲρ
597 2248 914 2317 ἐπικλήρου·
963 2248 1163 2317 εὥσπερ
1202 2247 1292 2300 καὶ
1331 2247 1488 2316 ἡμῶν
1525 2247 1782 2311 ἕκαστος’

97 2335 476 2407 Ἐπικληρικὸς
529 2334 667 2406 ὑπὲρ
722 2343 816 2404 τῆς
862 2335 1156 2404 Ἰοφῶντος
1210 2338 1508 2406 θυγατρός·
1565 2337 1783 2406 εἄνδρες

1460 2162 1783 2229 Συνηγορία

26 2492 47 2519 ’ἕ

26 2522 53 2595 Ξ·
226 2546 251 2584 2
297 2541 378 2586 καὶ
417 2538 565 2596 Λέρου
634 2540 714 2584 καὶ
745 2537 935 2595 ’Ἁνδρου
976 2540 1174 2584 Adlerus
1243 2554 1304 2584 an
1343 2540 1462 2585 κατὰ
1500 2539 1664 2597 μέροςὶ)

16 2604 57 2667 ζ
110 2603 136 2647 2
162 2604 188 2643 3
212 2599 498 2656 παρανόμων
518 2600 578 2656 Sy
599 2598 813 2675 burgius:
838 2598 1093 2655 παρανόμω
1111 2599 1146 2643 F
1238 2605 1263 2643 3
1288 2606 1316 2644 4
1340 2608 1709 2657 πεπερταμηνοῖς
1725 2600 1781 2644 F.

52 2695 54 2698 .
109 2671 209 2702 corr
238 2659 473 2703 Victorius
581 2664 604 2702 7
638 2654 702 2702 ὦν
735 2658 770 2701 F
879 2663 932 2701 10
967 2663 1018 2701 11
1053 2659 1195 2703 αὐτοῦ
1227 2658 1284 2704 F:
1318 2673 1420 2703 corr
1443 2658 1678 2703 Victorius

43 2739 49 2750 ι·
111 2722 166 2761 14
198 2716 491 2775 Λυσικράτην
525 2716 776 2774 Sauppius:
817 2716 1096 2774 νικοκράτην
1128 2718 1163 2761 F
1309 2723 1361 2762 16
1395 2718 1694 2773 ἀνδροπόδου
1726 2718 1783 2760 F1

40 2824 43 2825 ⁷
227 2781 281 2820 18
323 2775 640 2821 Ποσειδίππου
674 2775 968 2832 Sylburgius:
1007 2775 1292 2821 ποσιδίππου
1325 2777 1359 2821 F
1498 2782 1551 2820 19
1585 2775 1783 2848 Ηὸύλης

39 2858 42 2859 ’
111 2833 613 2908 8γ1111113111ειεὴδύκης
636 2836 670 2878 F
778 2840 832 2878 20
865 2833 1044 2879 ἐνοτίου
1070 2836 1259 2895 πατρός]
1293 2836 1482 2880 ἐνώτιον
1506 2843 1586 2880 τοῦ
1611 2836 1783 2890 πατρός

111 2871 359 2958 Sauppius,
407 2909 468 2938 an
507 2895 557 2940 ἐν
588 2891 671 2939 ’Όα
710 2901 790 2938 τοῦ
830 2894 1031 2950 πατρόςῗ
1167 2900 1222 2938 22
1271 2894 1593 2951 deuterologia
1638 2895 1780 2938 inter—

112 2950 278 2997 cidisse
308 2931 497 2998 ui’de'tur
