2004 3202
179 113 289 166 270
594 114 935 157 ΔΙοΝΤΣῙοΤ
965 112 1432 155 ΑΛΙΚΑΡΝΑΣΕΩΣ
1965 0 2004 221 Ξ

180 244 248 301 οὗ
285 249 387 317 τὴν
426 246 667 317 ἑβδόμην
704 256 815 300 τῶν
856 251 1207 300 Φιλιππικῶν
1245 247 1598 317 δημηγοριῶν
1637 245 1858 301 διέθετο
1994 250 2001 306 i

178 338 316 406 πρὸς
375 338 472 399 τὰς
527 335 586 390 ἐκ
639 337 1073 403 Πελοποννήσου
1124 337 1438 405 πρεσβείας,
1498 336 1703 404 ταύτην
1755 336 1858 404 τὴν

180 424 354 496 ἀρχὴν
398 427 785 495 ποιησάμενος·
833 422 1018 476 “Όταν
1063 419 1106 476 ὦ
1146 424 1343 494 ἄνδρες
1372 420 1661 492 Ἀθηναῖοι
1700 427 1858 492 λόγοι

179 515 511 582 γίγνωνταιῖ
588 515 720 583 μετὰ
759 514 1041 564 Λυκίσκον
1086 513 1237 564 ἔστιν
1284 513 1468 582 ἅρχων
1506 514 1857 582 Πυθόδοτος,

135 623 157 656 5
180 601 264 671 ἐφ’
311 599 378 656 οὗ
424 603 525 671 τὴν
569 602 773 670 ὀγδόην
813 609 925 652 τῶν
967 603 1317 653 Φιλιππικῶν
1356 601 1707 671 δημηγοριῶν
1745 600 1856 654 διέ-
1994 638 2001 692 3

178 696 312 744 θετο
350 692 487 761 πρὸς
525 691 653 752 τοὺς
689 691 969 742 Φιλίππου
1006 687 1278 759 πρέσβεις,
1316 684 1380 757 ἧς
1415 688 1565 742 ἐστιν
1594 688 1732 759 ἀρχή
1773 682 1854 741 ³³52,

180 779 378 849 ἄνδρες
408 777 713 846 Ἀθηναῖοι,
753 777 854 830 οὐκ
893 776 1060 846 ἔστιν,
1105 777 1250 839 ὅπως
1290 778 1345 830 αἱ
1384 779 1590 846 αἰτίαι’,
1627 776 1718 831 καὶ
1756 779 1856 831 τὸν

177 865 291 920 κατ’
325 869 594 935 Αἰσχίνου
634 865 960 929 συνετάξατο
1001 868 1186 934 λόγον,
1227 866 1315 919 ὅτε
1345 867 1441 928 τὰς
1472 866 1714 934 εὐθύνας
1746 866 1855 920 ἐδί-

179 956 282 1008 δου
343 963 437 1023 τῆς
498 953 755 1026 δευτέρας
814 957 1107 1025 πρεσβείας
1167 961 1262 1022 τῆς
1317 952 1406 1007 ἐπὶ
1459 957 1587 1017 τοὺς
1641 955 1854 1025 ὅρκους.

112 1064 155 1097 10
178 1045 309 1112 μετὰ
348 1044 685 1096 Πυθόδοτον
728 1045 845 1096 ἔστι
884 1042 1228 1112 Σωσιγένης,
1275 1041 1358 1112 ἐφ’
1407 1039 1474 1096 οὗ
1516 1044 1617 1112 τὴν
1656 1043 1854 1112 ἐνάτην

176 1132 507 1199 διελήλυθεν
550 1133 685 1185 κατὰ
728 1134 1009 1185 Φιλίππου
1056 1129 1415 1203 δημηὶγορίαν
1458 1131 1583 1203 περὶ
1627 1141 1739 1185 τῶν
1778 1131 1839 1185 ἐν
1857 1147 1942 1188 ’138

175 1222 504 1292 Χερρονήσῳ
545 1230 908 1291 στρατιωτῶν,
948 1222 1042 1274 ἵνα
1079 1222 1151 1290 μὴ
1189 1222 1430 1292 διαλυθῇ
1462 1222 1523 1274 τὸ
1555 1223 1688 1290 μετὰ
1718 1226 1854 1275 Λιο-

174 1311 406 1371 πείθους
452 1307 689 1376 ξενικόν,
748 1308 922 1379 ἀρχὴν
968 1311 1203 1377 ἔχουσαν
1255 1309 1480 1376 ταύτην·
1536 1308 1706 1362 ε”Εδει
1752 1306 1855 1378 μὲν

175 1393 217 1450 ὦ
257 1397 454 1467 ἄνδρες
484 1394 774 1465 Ἀθηναῖοι
812 1398 940 1459 τοὺς
972 1396 1233 1464 λέγοντας
1264 1398 1547 1460 ἅπαντας’·
1584 1396 1676 1450 καὶ
1716 1399 1852 1450 κατὰ

110 1505 151 1538 15
174 1485 272 1538 τὸν
311 1484 481 1538 αὐτὸν
519 1486 758 1555 ἄρχοντα
795 1486 897 1553 τὴν
935 1486 1191 1552 δεκάτην,
1239 1484 1299 1537 ἐν
1337 1478 1371 1555 ᾗ
1408 1492 1658 1555 πειρᾶται
1698 1486 1851 1538 διδά-

175 1588 351 1642 σκειν,
406 1574 490 1626 ὅτι
542 1574 662 1627 λύει
711 1574 812 1641 τὴν
857 1575 1083 1643 εἰρήνην
1133 1575 1406 1635 Φίλιππος
1450 1572 1541 1626 καὶ
1586 1576 1852 1644 πρότερος

174 1661 391 1732 ἐκφέρει
421 1663 519 1715 τὸν
548 1665 805 1732 πόλεμον,
835 1658 900 1730 ἧς
932 1661 1082 1714 ἐστιν
1113 1661 1271 1732 ἀρχή·
1304 1662 1563 1715 εΠολλῶν
1587 1659 1627 1715 ὦ
1653 1663 1851 1732 ἄνδρες

174 1755 454 1818 Αθηναῖοι
493 1753 674 1819 λόγων
708 1749 1085 1819 γιγνομε’νων.’
1147 1751 1278 1819 μετὰ
1310 1749 1635 1818 Σωσιγένην
1667 1752 1852 1820 ἄρχων

175 1840 289 1891 ἔστι
320 1841 652 1907 Νικόμαχος,
694 1837 776 1907 ἐφ’
811 1835 876 1891 οὗ
909 1839 1009 1906 τὴν
1042 1837 1336 1906 ἑνδεκάτην
1367 1839 1709 1909 δημηγορίαν
1739 1840 1850 1892 διε-

107 1947 150 1979 20
174 1929 384 1995 λήλυθε
421 1926 545 1997 περὶ
584 1935 682 1980 τοῦ
722 1925 1007 1980 λελυκέναι
1046 1927 1146 1995 τὴν
1185 1928 1410 1997 εἰρήνην
1445 1930 1723 1980 Φίλιππον
1757 1925 1848 1980 καὶ

173 2017 302 2077 τοὺς
317 2014 647 2084 Ἀθηναίους
669 2018 854 2068 πείθει
878 2019 1199 2081 Βυζαντίοις
1224 2015 1539 2069 ἀποστεῖλαι
1563 2018 1849 2085 βοήθειαν,

292 2208 317 2247 3
349 2204 683 2249 Demosthenes
717 2218 779 2249 or.
806 2209 846 2260 6,
874 2210 895 2248 1
1013 2210 1038 2249 6
1073 2204 1177 2264 [id.]
1212 2204 1539 2261 (Hegesippus)
1571 2218 1632 2249 or.
1662 2211 1700 2261 7,
1729 2210 1751 2247 1

175 2267 228 2306 13
261 2263 386 2306 idem
418 2278 480 2307 or.
507 2268 547 2319 8,
575 2269 596 2306 1
723 2269 774 2308 17
807 2263 933 2308 idem
965 2278 1027 2308 or.
1055 2269 1095 2320 9,
1122 2269 1145 2307 1

292 2444 314 2481 1
343 2438 543 2495 ἑυδόμην
573 2440 609 2482 Ρ
701 2444 726 2482 3
759 2439 925 2497 ἄνδρες
950 2455 1024 2484 om
1048 2440 1143 2484 ΜΟ
1221 2445 1248 2483 4
1273 2439 1393 2485 ἐστὶν
1409 2440 1476 2483 Ps
1569 2443 1594 2482 5
1619 2439 1702 2494 τήν
1726 2437 1842 2499 <τ’>

171 2496 370 2540 Weilius
462 2503 487 2541 6
507 2495 758 2553 φιλίππους
774 2499 810 2541 Ρ
843 2514 917 2542 om
936 2499 972 2543 Ο
1052 2504 1075 2543 7
1103 2498 1226 2550 ὅπως
1241 2498 1291 2543 αἱ
1308 2514 1349 2543 s:
1375 2497 1479 2543 ὅσαι
1501 2498 1610 2541 libri
1693 2502 1719 2541 8
1738 2511 1844 2542 συν-

171 2554 339 2608 wigone
372 2557 407 2598 Ρ
536 2562 559 2599 9
602 2555 765 2613 ὄρχους
795 2558 890 2613 ΒΡ,
918 2574 937 2602 s
1060 2563 1114 2602 10
1155 2559 1247 2602 ἐστι
1278 2557 1387 2601 libri
1430 2561 1435 2613 Ι
1479 2554 1736 2612 σωσηγένης
1765 2556 1803 2598 Β
1831 2556 1840 2615 Ι

173 2612 370 2670 ἐννάτην
411 2629 431 2657 s
569 2620 619 2657 11
669 2615 911 2670 διελήλυθε
942 2618 1009 2660 Ps
1146 2622 1199 2660 12
1241 2622 1295 2660 13
1342 2617 1604 2665 διοπύθους
1641 2615 1723 2657 ΒΡ

175 2678 227 2716 13
263 2672 427 2730 ἔχουσα
459 2688 478 2715 s
602 2679 655 2716 14
686 2676 793 2730 post
824 2674 1026 2726 ἅπαντες
1057 2690 1112 2720 ex
1142 2676 1271 2720 Dem.
1305 2675 1355 2719 ἐν
1386 2676 1494 2730 ὑμῖν
1613 2674 1728 2729 πρὸς
1758 2671 1841 2731 χά-

173 2749 247 2788 ριν
262 2731 567 2787 interpolauit
584 2747 603 2774 s
676 2737 728 2774 15
746 2731 773 2787 ἢ
791 2731 1004 2788 πείραται
1021 2735 1058 2777 Β
1137 2739 1190 2778 18
1207 2731 1500 2791 γιγνωμένων
1517 2733 1552 2776 Ρ
1583 2729 1841 2788 γινομένων

172 2789 327 2847 ὀλίγον
345 2792 444 2834 δεῖν
461 2789 575 2834 καθ’
597 2789 791 2847 ἑκάστην
810 2791 1053 2848 ἐκκλησίαν
1071 2809 1091 2837 s
1192 2799 1246 2836 19
1272 2793 1363 2836 ἐστὶ
1378 2791 1488 2835 libri
1508 2791 1514 2850 Ι
1535 2790 1785 2847 ἑνδεκάτην
1802 2791 1840 2833 Β

265 2854 319 2893 20
350 2850 429 2893 καὶ
459 2850 566 2900 τοὺς
598 2886 605 2893 .
635 2886 642 2893 .
670 2855 722 2892 21
757 2849 987 2907 βοήθειαν
1018 2855 1124 2908 post
1156 2857 1209 2895 17
1242 2851 1441 2907 πόλεμον
1472 2849 1609 2893 traici
1639 2850 1840 2893 Weilius

171 2908 316 2965 iubet,
349 2910 401 2952 tu
433 2908 482 2951 cf
506 2909 634 2952 Dem.
669 2922 730 2952 or.
760 2913 827 2963 10,
853 2913 921 2954 68.
965 2915 1134 2955 19-23
1284 2915 1336 2954 21
1370 2907 1527 2953 πείθει
1559 2908 1608 2952 cf
1632 2923 1663 2964 p
1689 2913 1787 2964 271,
1813 2913 1839 2951 3
