2004 3202
163 163 230 216 76
585 161 924 206 ΔΙΟΝΥΣΙΟΤ
956 158 1422 202 ΑΛῙΚΑΡΝΑΣΕΩΣ
1540 178 1543 183 ·
1754 156 1757 158 ·
1927 0 1971 222 ,ἢ

162 300 420 367 αγόμενοι
481 298 575 359 τὰς
635 298 820 357 πόλεις
881 292 996 346 ἀλλ’
1053 292 1118 345 οὐ
1172 294 1267 363 βίᾳ
1319 294 1836 362 καταστρεφόμενοι,

161 384 501 454 πιστοτέροις
547 381 647 453 μὲν
692 392 805 445 τοῖς
852 385 1036 449 λόγοις
1082 380 1114 448 ἢ
1159 388 1265 433 νῦν
1310 389 1424 443 τοῖς
1471 381 1654 451 ὅρκοις
1699 381 1838 450 χρώ-

163 494 343 543 μενοι,
397 482 513 535 ταῖς
567 469 627 524 δὲ
678 473 982 538 συνθήκαις
1035 470 1216 539 ὥσπερ
1271 468 1532 537 ἀνάγκαις
1588 467 1840 538 ἐμμένειν

163 560 483 626 ἀξιοῦντες.’
574 558 663 612 καὶ
724 562 781 611 τί
838 559 922 610 δεῖ
981 558 1047 609 τὰ
1107 555 1239 610 καθ’
1301 556 1499 610 ἕκαστα
1567 556 1841 621 διεξιόντα

121 671 141 702 5
165 650 455 719 μηκύνειν;
495 649 685 715 ὀλίγου
724 648 827 716 γὰρ
865 647 1003 707 ἅπας
1035 645 1064 698 ὁ
1097 647 1261 713 λόγος
1289 646 1397 698 ὑπὸ
1430 655 1541 699 τῶν
1571 646 1841 699 τοιούτων

165 737 312 809 αὐτῷ
350 739 709 805 κεκόμψευται
741 734 1043 802 σχημάτων.
1107 734 1160 786 οἱ
1191 732 1378 802 μέντοι
1409 753 1472 801 γε
1497 732 1585 786 ἐπὶ
1615 738 1838 803 τελευτῇ

164 833 262 878 τοῦ
302 828 428 893 βιόυ
467 822 765 894 γραφέντες
804 824 959 889 λόγοι
998 817 1164 889 ἧττόν
1196 823 1301 874 εἰσι
1332 823 1727 892 μειρακιώδεις,
1768 822 1841 883 ὡς

166 913 235 966 ἂν
274 910 421 982 οἶμαι
461 914 671 964 τελειάν
710 910 1069 978 ἀπειληφότες
1107 910 1208 977 τὴν
1247 912 1709 980 φρόνησιν’παρά
1740 916 1839 962 τοῦ

166 1003 383 1071 χρόνου.
451 999 540 1052 καὶ
578 997 702 1068 περὶ
742 995 843 1067 μὲν
881 998 1094 1050 τούτων
1135 999 1294 1051 ἱκανὰ
1332 1006 1515 1051 ταῦτα.
1551 999 1556 1067 Ι

81 1097 148 1148 15
275 1092 388 1159 ὥρα
427 1085 486 1140 δὲ
533 1086 601 1139 ἂν
647 1092 729 1155 εἴη
776 1085 867 1138 καὶ
913 1096 1023 1139 τῶν
1067 1087 1523 1157 παραδειγμάτων
1569 1088 1819 1151 ἅψασθαι
1844 1106 1929 1146 565
1971 1117 1974 1119 ·

101 1200 138 1229 11
164 1176 253 1229 καὶ
278 1176 447 1239 δεῖξαι
470 1176 685 1237 τούτοις
702 1178 783 1237 τίς
808 1174 957 1227 ε’στιν
979 1174 1012 1242 ἡ
1037 1182 1137 1227 τοῦ
1163 1175 1392 1245 ῥήτορος
1418 1176 1585 1244 ἰσχύς.
1629 1177 1842 1228 ἅπαντα

165 1263 264 1333 μὲν
296 1260 397 1317 οὖν
428 1266 492 1316 τὰ
523 1262 654 1331 γένη
686 1272 797 1315 τῶν
828 1264 1230 1333 προβλημάτων
1259 1262 1350 1315 καὶ
1374 1264 1550 1325 πάσας
1573 1265 1668 1326 τὰς
1694 1263 1842 1325 ἰδέας

163 1362 273 1404 τῶν
312 1354 491 1419 λόγων
530 1351 811 1420 ἀμήχανον
851 1351 911 1404 ἐν
949 1351 1116 1423 ὀλίγῳ
1158 1352 1416 1420 δηλῶσαι,
1456 1351 1610 1422 ἀρκεῖ
1647 1348 1709 1404 δὲ
1744 1355 1842 1420 μία

164 1460 220 1492 τε
260 1442 563 1510 δημηγορία
609 1444 1034 1510 παραληφθεῖσα
1083 1438 1173 1492 καὶ
1220 1442 1382 1507 λόγος
1430 1433 1507 1502 εἷς
1554 1439 1611 1492 ἐκ
1660 1441 1841 1508 <τῶν>

101 1551 141 1581 15
167 1529 474 1580 δικανικῶν.
544 1528 571 1580 ὁ
613 1525 713 1596 μὲν
753 1524 855 1581 οὖν
894 1529 1357 1596 συμβουλευτικὸς
1396 1530 1558 1595 λόγος
1591 1530 1744 1595 ἔστω,
1781 1526 1843 1580 ἐν

168 1609 209 1687 ᾧ
258 1620 555 1685 παρακαλεῖ
607 1618 736 1678 τοὺς
781 1615 1114 1684 Ἀθηναίους
1167 1616 1538 1668 διαλύσασθαι
1591 1613 1692 1685 μὲν
1743 1618 1842 1669 τὸν

167 1705 505 1772 συμμαχικὸν
565 1703 839 1772 κληθέντα
897 1706 1165 1773 πόλεμον,
1229 1704 1294 1757 ὃν
1349 1703 1652 1773 ἐπολέμουν
1705 1706 1843 1774 πρὸς

168 1791 367 1852 αὐτοὺς
412 1795 542 1844 Χῖοί
582 1812 637 1844 τε
683 1791 772 1844 καὶ
813 1791 1011 1845 Ῥόδιοι
1056 1791 1146 1845 καὶ
1195 1793 1247 1845 οἱ
1292 1793 1504 1844 τούτων
1552 1793 1842 1861 σύμμαχοι,

167 1880 483 1932 παύσασθαι
534 1877 593 1932 δὲ
638 1885 1099 1943 πλεονεκτοῦντας
1143 1879 1233 1933 καὶ
1281 1888 1374 1948 τῆς
1420 1882 1555 1933 κατὰ
1601 1887 1707 1948 γῆν
1751 1879 1843 1933 καὶ

103 1990 145 2021 20
167 1969 302 2019 κατὰ
325 1969 603 2020 θάλατταν
629 1967 1039 2038 ἐπιθυμοῦντας
1069 1969 1261 2039 ἀρχῆς·
1294 1969 1572 2022 διδάσκων
1596 1971 1668 2032 ὡς
1693 1972 1845 2023 ἔστιν

170 2054 235 2107 οὐ
274 2058 447 2123 μόνον
484 2058 743 2126 κρείττων
774 2057 806 2125 ἡ
841 2058 1164 2125 δικαιοσύνη
1204 2064 1298 2125 τῆς
1338 2057 1552 2120 ἀδικίας
1584 2058 1722 2111 ἀλλὰ
1752 2057 1843 2111 καὶ

170 2143 567 2213 ὠφελιμωτέρα.
635 2146 694 2197 τὸ
736 2142 836 2214 μὲν
877 2141 978 2198 οὖν
1016 2145 1215 2198 ὕπτιον
1261 2144 1351 2198 καὶ
1399 2146 1846 2215 ἀναβεβλημένον

289 2308 310 2344 1
339 2302 761 2358 καταστρεφόμενοι
778 2304 814 2346 Β
828 2304 972 2349 Isoor:
990 2304 1533 2362 προσκαταστρεφόμενοι
1549 2305 1725 2348 FMPv

172 2365 197 2402 2
229 2359 521 2415 πιστοτέρους
552 2362 701 2404 BPF1
733 2376 833 2405 corr
866 2377 921 2406 ex
951 2361 1235 2419 πιστοτέροις
1355 2369 1381 2408 3
1414 2363 1691 2422 συνθήκαις]
1737 2378 1844 2409 συν-

169 2419 348 2519 τις
359 2420 441 2519 1³1³}
531 2421 771 2522 πῆξίν
1090 2423 1172 2524 Ξῖ
1239 2423 1408 2526 νο
1431 2423 1844 2480 [³

1147 2501 1182 2525 ω
1824 2508 1844 2514 -

172 2492 309 2591 φόξες
340 2535 375 2577 Ρ
424 2535 659 2591 εἰληφότες
690 2489 795 2578 Βμψ
818 2542 842 2580 9
875 2538 1043 2595 χρόνου
1075 2553 1131 2583 ex
1161 2499 1299 2596 λῗὶγου
1324 2539 1383 2583 F²
1474 2544 1525 2582 11
1560 2540 1709 2592 δεῖξαι
1739 2499 1844 2584 τού-

170 2609 266 2644 τοις
296 2591 363 2643 τίς
395 2593 515 2638 ἐστιν
547 2595 762 2639 Wolfius:
796 2598 943 2649 δεῖξαι
973 2596 1041 2648 τίς
1074 2598 1167 2642 ἐστι
1197 2599 1377 2649 τούτοις
1476 2603 1529 2641 13
1563 2599 1846 2665 [δη]λ[ῶ]σαι

172 2666 276 2695 cum
307 2666 381 2695 ras
415 2653 472 2694 F1
595 2659 648 2696 14
680 2657 1084 2714 παραληφθ[εῐ]σα
1121 2671 1226 2701 cum
1255 2671 1330 2701 ras
1362 2658 1411 2711 F,
1443 2656 1494 2700 in
1526 2657 1689 2701 eodem
1723 2657 1844 2701 hbro

170 2714 278 2767 post
309 2714 671 2767 παραληφθεῖσα
704 2712 883 2767 aliquid
909 2728 1090 2758 erasum
1114 2719 1185 2760 est
1212 2718 1217 2773 Ι
1244 2723 1335 2760 τῶν
1360 2715 1454 2759 add
1478 2715 1674 2759 Wolfius
1723 2716 1772 2760 ἐκ
1796 2716 1845 2759 in

171 2777 262 2813 τῶν
286 2772 439 2812 mutat
462 2770 505 2812 H
523 2770 782 2826 Stephanus
869 2777 922 2814 15
949 2773 972 2817 ὁ
998 2772 1082 2829 μὲν
1107 2772 1191 2819 οὖν
1217 2774 1357 2834 <περὶ
1382 2773 1600 2830 εἰρήνης)
1618 2774 1814 2818 Wolfius
1831 2775 1849 2858 L

174 2827 284 2872 ἔστω
308 2828 507 2884 Krsiger:
534 2828 655 2872 ἐστὶν
747 2833 800 2872 18
824 2838 916 2887 χῖοι
949 2845 1003 2874 ex
1034 2840 1167 2890 χοῦσι
1190 2847 1293 2877 corr
1313 2833 1362 2875 M
1385 2830 1478 2890 χίοι
1501 2833 1536 2874 F
1572 2833 1577 2889 Ι
1605 2848 1651 2876 τε
1677 2834 1822 2876 addF

293 2892 345 2930 19
379 2887 458 2930 καὶ
489 2886 608 2930 κατὰ
639 2894 726 2943 γῆν
757 2888 918 2931 malim
1019 2896 1071 2934 21
1107 2890 1314 2947 κρείττον
1336 2891 1372 2934 Ρ
1397 2905 1498 2935 corr
1519 2890 1569 2934 in
1592 2889 1807 2947 κρείττων
1837 2893 1842 2951 Ι

172 2943 399 3003 ἀ[δικι’]ας
431 2959 534 2989 cum
565 2960 639 2989 ras
670 2947 703 2987 F
796 2951 850 2989 22
884 2948 1216 3006 ὠφελημωτέρα
1247 2951 1283 2994 Ρ
1315 2964 1415 2993 corr
1444 2949 1495 2993 in
1525 2949 1847 3007 ὠφελιμωτέρα
