2004 3202
198 133 307 186 224
620 136 960 178 ΔΙοΝΤΣῙοΤ
991 134 1459 179 ΑΑΙΚΑΡΝΑΣΕῼΣ

197 289 292 332 τας
335 272 654 339 προσθήκας
700 270 825 322 οὔτε
871 268 1231 330 ἀπαιτοῦντος
1276 276 1375 322 τοῦ
1422 271 1592 337 λόγου
1645 274 1871 339 παραλι-

197 367 322 411 πεῖν
359 363 535 420 καλῶς
577 357 646 410 ἂν
685 360 812 426 ἔχοι.

108 445 180 498 43
309 446 657 516 δεδειγμένης
697 448 765 514 δή
803 466 895 514 μοι
935 453 1028 514 τῆς
1064 444 1320 515 αἱρέσεως
1351 454 1450 499 τοῦ
1483 446 1713 516 ῥήτορος
1743 447 1871 499 ταύ-

198 555 292 603 της
337 537 439 603 ἥδη
486 555 568 598 τις
612 534 739 604 παρ’
781 533 955 604 ἑαυτῷ
1006 537 1268 587 σκοπείτω
1324 536 1390 587 τὰ
1444 539 1734 604 λεχθέντα,
1789 535 1873 588 ὅτι
2000 590 2004 611 ¹

155 642 175 674 5
198 623 403 677 τοιαῦτ’
457 624 627 691 ἐστίν,
684 622 1098 691 ἐνθυμούμενος
1150 619 1252 691 μὲν
1307 623 1406 676 ὅσα
1461 632 1669 692 σεμνῶς
1722 643 1874 676 κατε-
1999 650 2004 690 l

199 712 487 764 σκεύασται
534 718 608 782 τῷ
655 709 818 779 ἀνδρὶ
871 709 962 779 καὶ
1014 711 1296 782 αὐστηρῶς
1348 710 1438 764 καὶ
1485 710 1873 781 ἀξιωματικῶς,
1998 702 2004 799 Ξ

199 799 611 868 ἐνθυμούμενος
643 796 703 852 δὲ
743 799 844 852 ὅσα
882 808 1127 870 τερπνῶς
1171 798 1263 852 καὶ
1301 798 1487 867 ἡδέως.
1561 801 1608 853 εἰ
1646 797 1708 853 δὲ
1745 799 1874 853 κάν-
1999 845 2004 878 3

197 894 378 941 ταῦθα
430 888 575 952 δόξει
629 908 681 940 τι
734 889 854 941 δεῖν
910 887 965 956 [ἡ
1020 888 1225 956 πίστις]
1280 887 1628 956 ἀποδείξεως,
1683 888 1874 941 ὅντινα

197 977 450 1044 βούλεται
496 986 607 1029 τῶν
652 978 834 1044 λόγων
879 975 1050 1029 αὐτοῦ
1096 977 1584 1046 προχειρισάμενος
1631 974 1722 1028 καὶ
1768 975 1845 1045 ἀφ
1995 1003 2004 1054 3

132 1085 174 1116 10
198 1061 263 1118 οὗ
318 1066 571 1132 βούλεται
632 1063 831 1134 μέρους
886 1063 1184 1134 ἀρξάμενος
1245 1064 1615 1133 καταβαινέτω
1671 1083 1728 1116 τε
1783 1063 1873 1116 καὶ

198 1157 459 1206 σκοπείτω
505 1162 617 1206 τῶν
662 1150 989 1223 λεγοξμένων
1035 1151 1280 1221 ἕκαστον,
1328 1155 1375 1206 εἰ
1421 1155 1486 1206 τὰ
1536 1150 1637 1222 μὲν
1683 1152 1813 1205 ἄνα-
1847 1057 2004 1301 10891

196 1241 531 1311 βεβλημένας
577 1244 685 1311 ἔχει
735 1243 830 1304 τὰς
881 1242 1147 1311 ἁρμονίας
1196 1240 1286 1294 καὶ
1335 1243 1653 1309 διεστώσας,
1701 1243 1767 1294 τὰ
1812 1238 1874 1293 δὲ

195 1331 617 1400 προσκολλώσας
655 1329 745 1383 καὶ
786 1329 1338 1399 συμπεπυκνωμένας,
1377 1329 1467 1382 καὶ
1506 1331 1572 1382 τὰ
1610 1327 1712 1399 μὲν
1742 1329 1873 1382 ἄπο-
1993 1330 1998 1374 l

195 1420 452 1489 τραχύνει
490 1438 547 1471 τε
592 1417 682 1471 καὶ
729 1421 1003 1488 πικραίνει
1050 1419 1150 1485 τὴν
1189 1418 1375 1486 ἀκοήν,
1423 1419 1487 1470 τὰ
1535 1415 1595 1470 δὲ
1640 1416 1871 1488 πραΰνει
1983 1455 1986 1458 >

132 1528 172 1560 15
196 1506 285 1560 καὶ
325 1510 544 1575 λεαίνει,
583 1506 671 1560 καὶ
711 1509 777 1560 τὰ
816 1503 917 1576 μὲν
949 1508 1025 1568 εἰς
1063 1507 1245 1568 πάθος
1278 1505 1519 1576 ἐκτρέπει
1551 1508 1679 1568 τοὺς
1711 1506 1873 1559 ἀκού-

197 1616 381 1663 οντας,
436 1597 500 1648 τὰ
549 1594 596 1647 δ’
636 1597 712 1657 εἰς
765 1591 904 1663 ἦθος
959 1595 1247 1661 ὑπάγεται,
1303 1596 1368 1646 τὰ
1419 1593 1466 1646 δ’
1508 1596 1674 1657 ἄλλας
1719 1597 1873 1657 τινας

198 1683 470 1753 ἐργάζεται
516 1682 605 1735 καὶ
652 1684 858 1745 πολλὰς
904 1684 1174 1752 διαφορὰς
1219 1681 1348 1751 παρ’
1387 1683 1558 1751 αὐτὴν
1605 1683 1705 1750 τὴν
1744 1684 1874 1736 σύν-

195 1778 371 1824 θεσιν.
424 1764 512 1824 οἶά
545 1771 656 1824 ε’στι
688 1774 849 1823 ταυτί
884 1769 1176 1842 (χρήσομαι
1209 1768 1268 1823 δὲ
1306 1773 1742 1840 παραδείγμασιν
1773 1772 1874 1824 οὐκ
1998 1780 2004 1816 ¹

198 1859 250 1923 ἐξ
315 1860 729 1928 ἐπιτηδεύσεως,
798 1858 918 1912 ἀλλ’
974 1853 1055 1921 οἷς
1119 1858 1399 1928 ἐνέτυχον,
1466 1858 1518 1923 ἐξ
1579 1857 1703 1922 ’ἑνὸς
1763 1869 1874 1912 τῶν

132 1969 174 2000 20
202 1951 550 2001 Φιλιππικῶν
581 1947 812 2018 λαβών)·
854 1948 943 2000 ‘El
983 1947 1048 2000 δέ
1082 1968 1163 2010 τις
1193 1948 1367 2016 ὑμῶν,
1408 1945 1449 2000 ὦ
1483 1948 1680 2018 ἄνδρες
1709 1946 1873 2016 Ἀθη-

196 2045 365 2104 ναῖοι,
405 2038 503 2089 τὸν
542 2041 822 2090 Φίλιππον
861 2037 1198 2105 εὐτυχοῦντα
1238 2036 1385 2106 ὁρῶν
1423 2037 1590 2106 ταύτῃ
1632 2037 1873 2106 φοβερὸν
1978 2036 1986 2126 ξ

195 2130 638 2194 προσπολεμῆσαι
679 2127 900 2193 νομίζει,
942 2126 1230 2195 σώφρονος
1269 2121 1370 2193 μὲν
1401 2124 1706 2194 ἀνθρώπου
1739 2142 1871 2195 προ·
1978 2158 1984 2187 f

197 2217 321 2284 νοίᾳ
374 2221 589 2283 χρῆται·
643 2214 848 2282 μεγάλη
903 2215 1007 2283 γὰρ
1063 2214 1226 2282 ῥοπή,
1281 2217 1492 2281 μᾶλλον
1542 2210 1603 2265 δὲ
1657 2213 1788 2266 ὅλον
1837 2212 1869 2280 ἡ
1976 2238 1982 2279 ¹

1974 2282 1981 2404 ἒ

1968 2405 1979 2658 3

316 2362 370 2400 20
402 2358 734 2402 Demosthenes
770 2358 956 2414 Olynth.
990 2359 1018 2415 β
1043 2362 1096 2401 22

318 2494 339 2531 1
366 2497 445 2533 τοῦ
473 2503 548 2532 om
570 2490 644 2533 Pv
736 2495 760 2533 3
793 2489 1027 2549 αἱρέσεως]
1060 2488 1325 2546 διαιρέσεως
1347 2489 1480 2533 MBV
1515 2485 1779 2544 διεραίσεως
1801 2488 1837 2530 Ρ
1858 2487 1863 2546 Ι

199 2548 382 2605 ταύτης]
422 2548 637 2604 τοιαύτης
666 2549 847 2606 Kriiger
967 2555 994 2592 4
1027 2548 1115 2607 ὅτι]
1157 2549 1198 2593 εἰ
1228 2548 1445 2592 Reiskius
1567 2552 1593 2590 5
1624 2547 1867 2591 κατεσκεύ-
1975 2587 1977 2595 ,

200 2620 304 2650 αστε
337 2607 372 2648 Ρ
419 2608 750 2651 κατεσκεύαστο
783 2623 812 2651 v
911 2614 936 2652 6
969 2610 1229 2664 ταύστηρῶς
1260 2607 1297 2650 Β
1399 2610 1425 2650 8
1456 2606 1484 2662 ἡ
1517 2603 1666 2656 πίστις
1699 2605 1868 2649 seclusi
1945 2636 1955 2640 -

317 2670 370 2707 10
395 2665 1043 2723 καταβαινέτω-λεγομένων
1067 2668 1195 2711 omB
1227 2663 1474 2723 λεγόμενον
1491 2664 1526 2707 Ρ
1619 2669 1673 2708 13
1699 2679 1867 2720 συμπε-

197 2722 634 2779 πυκνωμένας-τε
683 2725 761 2768 καὶ
808 2739 882 2768 om
919 2727 956 2768 B
1013 2722 1454 2782 συμπεπυκνωμένας
1491 2723 1526 2766 Ρ
1665 2728 1717 2767 16
1760 2725 1867 2779 post

197 2783 456 2833 ἀκούοντας
486 2785 638 2826 totum
668 2782 787 2825 illud
818 2785 898 2827 καὶ
930 2783 1382 2840 συμπεπυκνωμένας
1403 2795 1549 2838 usque
1575 2782 1636 2825 ad
1661 2780 1867 2837 ἐκτρέπει

198 2871 303 2921 τοὺς
344 2855 604 2921 ἀκούοντας
641 2870 812 2926 repetit
843 2871 879 2913 B
1024 2878 1079 2916 20
1122 2856 1166 2916 '3
1201 2872 1238 2914 B
1293 2867 1360 2931 a‘ff
1388 2871 1424 2913 P
1561 2874 1614 2913 22
1647 2868 1866 2930 προνοίᾳ]

198 2933 392 2988 λογισμῷ
422 2930 461 2972 D
569 2935 623 2973 23
657 2927 775 2986 ῥὀπῆ
809 2930 855 2971 Μ
