2004 3202
195 141 299 193 106
617 140 958 185 ΔΙΟΝΤΣῙΟΥ
987 138 1454 181 ΑΛῙΚΑΡΝΑΣΕῼΣ

190 278 295 345 γὰρ
334 278 463 338 τοὺς
510 275 836 337 ἀδικοῦντας
881 273 1247 341 ἀναγκάζομαι
1291 274 1439 343 παρὰ
1485 274 1583 326 τὸν
1629 271 1868 341 ἐμαυτοῦ

191 366 398 434 τρόπον
450 367 704 417 τοιοῦτόν
757 382 808 415 τι
862 371 1056 414 ποιεῖν.
1139 362 1467 430 πειράσομαι
1521 360 1573 413 δ’
1626 361 1760 429 ὑμῖν
1813 359 1867 424 ἐξ

191 452 383 521 ἀρχῆς,
438 453 510 515 ὡς
549 451 618 504 ἂν
657 453 927 520 δύνωμαι,
983 451 1076 502 διὰ
1121 449 1477 518 βραχυτάτων
1523 451 1697 502 εἰπεῖν
1741 447 1867 519 περὶ

190 549 289 594 τοῦ
327 542 675 610 πράγματοςῖ

106 637 170 687 11
301 633 383 692 τίς
429 628 498 681 ἂν
544 625 646 681 οὖν
693 628 793 680 οὐκ
846 626 915 679 ἂν
962 626 1316 695 ὁμολογήσειε
1361 627 1459 679 τὸν
1505 624 1606 696 μὲν
1652 628 1869 679 Λυσίου

149 740 168 769 6
193 716 320 770 νεόν
358 716 446 769 καὶ
489 718 713 784 ἰδιώτην
751 714 840 768 καὶ
873 715 1198 785 ἀπράγμονα
1232 713 1542 784 ἀρχέτυπόν
1570 735 1694 768 τινα
1726 711 1869 768 εἶναι

189 814 285 873 τῆς
338 805 599 873 ἀληθείας
656 798 991 874 διαφέροντα
1053 793 1262 871 ἐκείνης
1316 802 1437 856 οὐδ’
1492 803 1710 870 ὁτιοῦν,
1771 804 1870 856 τὸν

191 893 378 963 ἕτερον
432 891 492 946 δὲ
545 893 872 963 ἀπόγραφόν
931 912 1057 944 τινα
1109 890 1199 944 καὶ
1255 891 1321 945 οὐ
1376 892 1731 945 λανθάνοντα
1784 892 1867 944 ὅτι

190 983 489 1036 πέπλασται
530 982 787 1052 ῥητορικῇ
827 980 1015 1051 τέχνῃ;
1061 979 1152 1033 καὶ
1199 981 1303 1050 γὰρ
1351 981 1407 1032 αἱ
1453 979 1624 1044 λέξεις
1667 978 1757 1032 καὶ
1803 981 1869 1032 τὰ

124 1094 166 1123 10
191 1073 432 1139 νοήματα
469 1070 597 1141 παρ’
639 1070 826 1142 ἐκείνῳ
866 1067 967 1139 μὲν
997 1070 1059 1122 τὸ
1093 1067 1383 1138 αὐτοφυές,
1422 1070 1569 1138 παρὰ
1601 1065 1662 1121 δὲ
1692 1068 1868 1140 τούτῳ

189 1160 249 1211 τὸ
310 1160 747 1212 κατασκευαστὸν
815 1158 1240 1228 ἀποφαίνουσιν.
1339 1157 1368 1210 ὃ
1431 1157 1533 1226 μέν
1600 1177 1662 1224 γε
1730 1156 1868 1227 ἀρχῇ

187 1246 464 1316 κέχρηται,
513 1247 596 1300 ὅτι
635 1246 759 1308 νέος
797 1266 854 1299 τε
892 1245 982 1298 καὶ
1022 1248 1246 1316 ἄπειρος
1286 1251 1368 1314 εἴη
1406 1246 1742 1315 πραγμάτων
1778 1243 1870 1297 καὶ

189 1332 354 1388 οὐδὲν
385 1337 643 1404 δεόμενος
683 1336 760 1397 εἰς
799 1336 1155 1404 δικαστήριον
1193 1333 1437 1387 εἰσιέναι.
1490 1332 1582 1386 καὶ
1623 1332 1870 1403 ἐπιφέρει

187 1424 335 1475 πάνυ
372 1423 606 1491 ἠθικῶς·
654 1422 779 1490 εἐγὼ
821 1418 923 1475 οὖν
962 1436 1022 1475 σε
1068 1421 1198 1486 ἀξιῶ
1245 1422 1317 1490 μὴ
1365 1421 1566 1490 εὕρεμα
1611 1421 1870 1489 ἡγεῖσθαι

123 1533 164 1563 15
188 1512 289 1579 τὴν
325 1510 545 1579 ἡλικίαν
583 1512 684 1579 τὴν
723 1510 891 1580 ε’μήν.’
959 1509 1049 1563 καὶ
1088 1511 1149 1563 τὸ
1189 1511 1322 1578 μετὰ
1360 1517 1541 1577 τοῦτο,
1585 1509 1657 1571 ὡς
1695 1509 1869 1577 φύσιν

189 1595 298 1667 εἶχε
328 1597 603 1669 γεξνέσθαι
634 1619 691 1651 τε
723 1597 812 1651 καὶ
846 1599 1104 1668 ῥηθῆναι,
1138 1598 1305 1666 λέγει·
1345 1598 1418 1660 ὡς
1450 1595 1537 1650 ε’πὶ
1570 1598 1848 1665 διαιτητὰς
1873 1613 1958 1652 605

188 1687 381 1754 ἠξίουν
411 1688 611 1754 <τοὺς>
643 1689 866 1749 κοινοὺς
899 1687 1087 1740 ἐλθεῖν
1118 1690 1317 1755 φίλους
1348 1685 1471 1738 (κᾶν
1500 1685 1661 1755 δόξῃς
1685 1685 1868 1754 ἀληθῆ

189 1775 370 1843 λέγειν
424 1775 676 1843 ἐκείνοις,
732 1775 898 1828 οὐδέν
948 1789 1036 1829 σοι
1083 1777 1266 1843 δεήσει
1318 1777 1675 1846 πραγμάτων,
1729 1773 1869 1827 ἀλλὰ

190 1865 375 1932 λαβὼν
414 1866 536 1916 ἄπει
575 1866 640 1916 τὰ
678 1865 918 1917 σαυτοῦ.’
986 1862 1076 1917 καὶ
1109 1866 1174 1917 τὰ
1207 1866 1371 1917 λοιπὰ
1404 1864 1463 1917 ἐν
1494 1866 1622 1932 ἤθει
1653 1869 1870 1934 χρηστῷ

122 1972 166 2003 20
190 1951 488 2016 διεξελθὼν
526 1957 795 2005 τελευτῶν
834 1952 1138 2021 ἐπιτίθησι·
1179 1951 1353 2005 εταῦτ’
1391 1952 1524 2022 ἐμοῦ
1563 1956 1868 2021 προκαλου-

188 2039 359 2109 μένου
406 2040 754 2093 οὐδεπώποτε
799 2039 1036 2108 ἠθέλησε
1085 2041 1416 2093 συνελθεῖνέ
1494 2040 1522 2094 ὁ
1572 2036 1631 2092 δὲ
1669 2038 1868 2102 Ἰσαῖος

188 2128 339 2182 τουτὶ
387 2126 487 2197 μὲν
540 2129 600 2180 τὸ
655 2127 819 2198 μέρος
871 2129 957 2181 τὸ·
1014 2129 1181 2199 “παρά
1234 2130 1335 2197 τὴν
1390 2127 1588 2181 ἑαυτοῦ
1642 2128 1868 2196 γνώμην

188 2217 534 2284 ἠναγκάσθαι
574 2215 755 2283 λέγειν
795 2216 854 2268 έν
893 2218 1224 2288 δικαστηρίῳ
1276 2215 1405 2269 νέον
1451 2217 1603 2269 ὄντα’
1651 2214 1737 2268 ἐπὶ
1784 2235 1867 2269 τε-

189 2308 350 2374 λευτῇ
383 2313 481 2357 τοῦ
513 2308 805 2373 προοιμίου
837 2308 1075 2374 τίθησιν.
1139 2306 1359 2374 ἄρχεται
1391 2301 1452 2357 δὲ
1480 2304 1585 2357 ἀπὸ
1619 2306 1866 2367 διανοίας

122 2412 165 2443 25
190 2392 256 2444 οὐ
296 2394 509 2460 φαύλης
548 2394 620 2460 μὰ
659 2392 771 2445 Δία
811 2391 940 2446 οὐδὲ
982 2395 1285 2462 ἰδιωτικῆς,
1325 2393 1684 2462 ἀνιαρότερον
1723 2388 1866 2444 εἶναι

308 2527 332 2563 2
366 2529 517 2565 ποιεῖν
550 2535 604 2565 ex
638 2523 784 2566 εἰπεῖν
810 2523 868 2565 F²
895 2525 899 2580 Ι
930 2523 975 2575 ἐξ
1007 2524 1151 2581 ἀρχῆς
1183 2523 1231 2566 in
1262 2538 1342 2579 mg
1371 2524 1537 2579 postea
1569 2521 1662 2564 add
1687 2521 1745 2564 F²

191 2585 217 2623 5
250 2578 309 2624 ἂν
333 2582 438 2636 post
461 2578 528 2630 τίς
553 2581 678 2624 delet
702 2582 881 2638 Kriiger
909 2584 913 2638 Ι
943 2582 1264 2639 ὁμολογήσειεν
1294 2582 1330 2624 Β
1377 2580 1709 2637 ὡμολογήσειεν
1732 2581 1826 2623 ΜΡ
1854 2580 1860 2639 Ι

190 2637 363 2683 Λυσίου
396 2652 450 2682 ex
483 2638 659 2683 Λυσίαυ
691 2639 749 2682 F¹
840 2645 865 2683 6
897 2640 1035 2696 λόγον
1058 2639 1168 2686 νέον
1192 2641 1228 2684 Ρ
1261 2640 1342 2684 sed.
1364 2639 1502 2696 λόγον
1526 2638 1711 2695 punctis
1739 2638 1863 2683 infra

190 2697 366 2741 additis
398 2697 580 2740 tollitur
673 2704 724 2741 17
758 2696 889 2754 ἠξίου
914 2699 1130 2743 Reiskius
1159 2702 1164 2757 1
1191 2700 1299 2750 τοὺς
1329 2697 1493 2743 addidi
1521 2699 1526 2755 Ι
1554 2698 1634 2742 καὶ
1665 2697 1803 2754 δόξης
1827 2699 1863 2741 Ρ

309 2760 363 2799 18
397 2754 542 2800 οὐθέν
576 2771 645 2800 σοι
679 2758 725 2799 Μ
781 2756 926 2802 οὐθέν
959 2773 1006 2801 σε
1038 2759 1165 2802 FBP
1273 2763 1326 2802 19
1358 2757 1439 2802 καὶ
1476 2757 1630 2814 λαβὼν
1662 2757 1696 2799 F
1740 2759 1745 2813 1
1790 2756 1865 2800 ἐπὶ

189 2815 328 2859 ΜΒΡ
361 2814 436 2858 ἐπι
461 2815 495 2857 F
530 2818 536 2872 1
573 2817 741 2860 σαύτοῦ
767 2816 814 2858 Μ
906 2822 960 2859 22
995 2816 1160 2862 ἑαυτοῦ
1185 2815 1422 2860 Reiskius:
1457 2815 1654 2871 ἐμαυτοῦ
1679 2815 1863 2858 FMBP

309 2878 363 2916 23
397 2871 505 2918 νέον
538 2873 670 2932 ὄντα]
711 2872 875 2918 νέοντα
908 2875 955 2918 Μ
1061 2881 1117 2919 25
1150 2875 1399 2933 ἰδιωτικῆς]
1438 2881 1493 2931 ῆς
1524 2874 1573 2917 in
1603 2873 1746 2918 litura
1778 2875 1826 2917 M
1853 2874 1859 2933 Ι

190 2932 493 2988 ἀνιαρότερον
518 2933 594 2977 F2:
628 2934 940 2989 ἀνιαρώτερον
965 2933 1171 2977 F¹MBP
