1958 3192
144 168 213 221 38
565 167 903 210 ΔΙΟΝΤΣΙΟΤ
935 164 1405 207 ΑΛῙΚΑΡΝΑΣΕΩΣ
1859 0 1939 218 ἢ

1933 247 1938 282 ³

143 306 209 358 τά
261 302 549 371 ἐπιτήδεια.
632 300 784 354 ταῦτ’
839 301 1193 367 ἀκούσαντες,
1248 298 1674 369 ἐκπεπληγμένοι
1727 299 1819 355 καὶ
1935 301 1937 306 ’

144 393 476 462 δακρύοντες
509 390 714 462 ὤχοντο
746 390 881 459 πρὸς
911 389 1011 456 τὴν
1035 386 1238 459 μητέρα
1259 386 1350 441 καὶ
1374 386 1798 460 παραλαῖβόντες
1821 401 1940 444 506

146 480 360 548 ἐκείνην
398 475 533 548 ἧκον
570 479 707 549 πρὸς
747 476 854 547 ε’μέ,
895 479 1122 547 οἰκτρῶς
1159 477 1266 530 ὑπὸ
1306 485 1406 530 τοῦ
1443 478 1662 540 πάθους
1701 479 1819 530 δια-

144 573 383 638 κείμενοι
414 567 503 620 καὶ
537 567 745 629 ἀθλίως
778 566 1188 634 ἐκπεπτωκότες,
1220 568 1500 628 κλαίοντες
1531 564 1621 618 καὶ
1648 583 1819 636 παρα-

101 680 122 712 5
144 656 439 719 καλοῦντές
471 677 536 726 με
568 657 638 725 μὴ
670 656 939 726 περιιδεῖν
971 654 1171 716 αὐτοὺς
1206 653 1679 725 ἀποστερηθέντας
1709 663 1820 707 τῶν

143 745 411 818 πατρῴων
449 744 575 814 μηδ’
617 746 692 806 εἰς
730 745 1000 812 πτωχείαν
1030 744 1413 811 καταστάντας,
1451 741 1822 814 ὑβρισμένους

143 834 242 904 ὑφ’
283 831 361 887 ὧν
399 835 590 901 ἥκιστα
631 832 811 902 ἐχρῆν,
851 831 989 884 ἀλλὰ
1020 834 1295 900 βοηθῆσαι
1334 830 1423 884 καὶ
1454 840 1549 900 τῆς
1579 831 1820 901 ἀδελφῆς

145 923 303 976 ἕνεκα
352 922 440 975 καὶ
488 930 645 990 σφῶν
691 920 886 973 αὐτῶν.
955 921 1132 973 πολλὰ
1178 919 1248 973 ἂν
1293 925 1375 988 εἴη
1428 919 1632 989 λέγειν,
1687 921 1821 974 ὅσον

1934 523 1943 606 Ξ

144 1011 352 1074 πένθος
407 1011 466 1064 ἐν
517 1019 580 1080 τῆ
638 1009 734 1079 ἐμῆ
790 1010 937 1080 οἰκίᾳ
993 1005 1063 1078 ἠν
1125 1008 1185 1062 ἐν
1240 1008 1428 1081 ἐκείνῳ
1489 1016 1564 1081 τῷ
1625 1012 1819 1082 χρόνῳ.

78 1123 121 1153 10
144 1105 447 1154 τελευτῶσα
478 1097 538 1151 δὲ
569 1099 600 1167 ἡ
634 1100 808 1169 μήτηρ
842 1098 1023 1151 αὐτῶν
1054 1098 1331 1167 ἠντιβόλει
1362 1118 1428 1167 με
1458 1096 1548 1150 καὶ
1583 1097 1822 1152 ἱκέτευσε

145 1197 476 1256 συναγαγεῖν
502 1187 668 1255 αὐτῆς
699 1188 796 1240 τὸν
829 1186 1034 1257 πατέρα
1064 1186 1154 1239 καὶ
1186 1188 1315 1250 τοὺς
1346 1190 1562 1256 φίλους,
1594 1188 1821 1240 εἰποῦσα

145 1278 252 1345 ὅτι,
301 1279 348 1330 εἰ
386 1276 474 1329 καὶ
514 1277 586 1346 μὴ
633 1278 902 1346 πρότερον
949 1281 1187 1329 εἴθισται
1235 1275 1416 1343 λέγειν
1463 1275 1523 1329 ἐν
1569 1275 1820 1347 ἀνδράσι,

143 1366 203 1418 τὸ
243 1364 478 1434 μέγεθος
517 1365 689 1433 αὐτὴν
728 1364 1023 1432 ἀναγκάσει
1062 1374 1172 1417 τῶν
1211 1374 1513 1435 συμφορῶν
1550 1363 1674 1435 περὶ
1710 1374 1822 1418 τῶν

144 1453 423 1524 σφετέρων
460 1463 643 1507 κακῶν
682 1454 923 1521 δηλῶσαι
954 1454 1131 1505 πάντα
1161 1453 1298 1522 πρὸς
1328 1452 1479 1522 ἡμᾶς.
1551 1452 1734 1506 ἐλθὼν
1762 1453 1814 1506 δ’

78 1564 118 1595 15
145 1541 248 1609 ἐγὼ
295 1542 641 1609 ἠγανάκτουν
686 1538 786 1610 μὲν
831 1542 967 1611 πρὸς
1004 1540 1288 1610 Ἡγήμονα
1334 1542 1432 1594 τὸν
1482 1544 1676 1610 ἔχοντα
1722 1544 1823 1612 τὴν

144 1630 345 1682 τούτου
368 1629 664 1700 θυγατέρα,
690 1631 890 1697 λόγους
914 1628 965 1682 δ’
992 1629 1292 1699 ἐποιούμην
1315 1631 1452 1700 πρὸς
1475 1632 1604 1693 τοὺς
1621 1631 1822 1695 ἄλλους

147 1717 509 1786 ἐπιτηδείους,
555 1718 747 1786 ἠξίουν
787 1715 846 1771 δὲ
885 1726 1083 1771 τοῦτον
1122 1719 1199 1781 εἰς
1237 1721 1463 1787 ἔλεγχον
1510 1718 1650 1772 ἰέναι
1696 1718 1821 1790 περὶ

145 1816 256 1859 τῶν
308 1807 653 1877 πραγμάτων.
730 1810 1036 1874 Διογείτων
1083 1804 1143 1859 δὲ
1189 1807 1249 1859 τὸ
1297 1804 1398 1876 μὲν
1447 1816 1668 1878 πρῶτον
1722 1808 1823 1861 οὐκ
1955 1860 1958 1868 ,

144 1896 329 1963 ἤθελε,
353 1900 620 1948 τελευτῶν
644 1892 704 1947 δὲ
728 1896 835 1948 ὑπὸ
860 1905 970 1948 τῶν
991 1893 994 1966 ζ
1018 1899 1198 1964 φίλων
1220 1896 1556 1965 ἠναγκάσθη.
1613 1897 1798 1965 ἐπειδὴ
1825 1908 1910 1948 507
1957 1925 1958 1962 j

78 2006 121 2037 20
146 1979 206 2035 δὲ
240 1985 606 2052 συνήλθομεν,
646 1986 804 2053 ἤρετο
845 1984 1014 2037 αὐτὸν
1044 1984 1076 2052 ἠ
1111 1987 1267 2053 γυνή,
1311 1988 1433 2037 τίνα
1471 1982 1601 2038 ποτὲ
1640 1986 1824 2054 ψυχὴν
1956 1974 1958 1980 ¹

147 2073 287 2139 ἔχων
326 2070 468 2135 ἀξιοῖ
505 2071 628 2141 περὶ
668 2082 778 2124 τῶν
815 2074 1030 2125 παίδων
1068 2074 1292 2143 τοιαύτη
1333 2074 1520 2143 γνώμῃ
1564 2080 1821 2144 χρῆσθαι,
1940 2050 1949 2140 ξ

147 2159 384 2228 ἀδελφὸς
428 2157 529 2229 μὲν
576 2161 653 2213 ὢν
698 2168 796 2213 τοῦ
842 2162 1045 2231 πατρὸς
1097 2161 1302 2230 αὐτῶν,
1356 2163 1531 2232 πατὴρ
1579 2161 1630 2215 δ’
1679 2162 1822 2231 ἐμός,
1944 2154 1946 2159 ’

146 2254 301 2311 θεῖος
334 2246 393 2301 δὲ
425 2248 610 2311 αὐτοῖς
641 2248 730 2301 καὶ
761 2251 993 2312 πάππος.
1054 2249 1144 2302 καὶ
1182 2252 1228 2303 εἰ
1259 2250 1467 2319 μηδένα
1506 2250 1822 2322 ἀνθρώπων
1944 2256 1946 2291 Ι

146 2335 413 2406 ἠσχύνου,
468 2339 595 2398 τοὺς
649 2340 816 2399 θεοὺς
872 2337 1035 2407 ἐχρῆν
1090 2352 1172 2407 σε,
1227 2340 1386 2407 φησί,
1442 2338 1707 2406 δεδιέναι,
1762 2338 1822 2402 ὃς
1942 2324 1949 2398 ἔ

1944 2451 1949 2478 Ι

1944 2517 1949 2564 ὅ

81 2446 123 2477 25
148 2427 337 2493 ἔλαβες
376 2423 492 2494 μέν,
533 2424 612 2478 ὅτ’
654 2425 856 2487 ἐκεῖνος
902 2426 1123 2495 ἐξέπλει,
1160 2426 1164 2498 1
1199 2426 1360 2480 πέντε
1392 2428 1629 2480 τάλαντα
1659 2426 1790 2497 παρ’
1825 2438 1908 2478 508

267 2619 291 2657 5
324 2616 549 2670 περιιδεῖν
575 2628 628 2657 ex
650 2614 885 2669 ὑπεριδεῖν
903 2615 961 2657 F³
1039 2621 1062 2659 7
1062 2616 1266 2691 ἐχθρῆν
1283 2617 1318 2658 Ρ
1396 2620 1420 2658 8
1448 2614 1582 2660 ἕνεκα
1610 2614 1820 2660 Dobson:

149 2671 321 2717 οὕνεκα
443 2678 496 2716 10
536 2673 769 2730 ἠντεβόλει
808 2673 954 2717 Cobet
1003 2676 1008 2730 1
1059 2674 1230 2719 ἱκετευε
1272 2674 1349 2718 Gv
1471 2679 1524 2717 12
1565 2674 1605 2717 εἰ
1642 2674 1702 2730 μὴ
1745 2675 1821 2718 καὶ

148 2731 374 2787 πρότερον
406 2732 544 2775 ΜΡΒ
593 2732 633 2775 εἰ
663 2732 742 2775 καὶ
772 2731 996 2787 πρότεροι
1028 2734 1088 2790 μὴ
1124 2733 1200 2777 Gv
1235 2735 1240 2790 Ι
1276 2731 1502 2788 ἀνδράσιν
1535 2733 1570 2775 Ρ
1675 2737 1727 2775 13
1760 2734 1820 2778 ἀν

149 2789 343 2847 αγκάσει
367 2791 401 2833 F
435 2790 600 2862 spiritu
634 2805 770 2846 super
780 2808 856 2866 αγ
881 2805 1011 2835 eraso
1106 2798 1158 2836 15
1191 2791 1394 2848 ἡγεμόνα
1419 2791 1602 2834 FMPB
1695 2796 1748 2835 17
1782 2793 1823 2835 εἰ

151 2849 334 2925 ἔλεγχον
366 2850 414 2892 Μ
456 2853 462 2906 Ι
505 2847 627 2894 ἰέναι
660 2849 718 2893 G:
753 2846 874 2893 εἶναι
906 2849 1089 2894 FMBP
1190 2856 1242 2894 19
1275 2851 1367 2895 ἀπὸ
1399 2858 1489 2894 τῶν
1521 2850 1704 2893 FMPB

150 2913 204 2951 22
239 2926 302 2952 ων
334 2909 368 2951 F
402 2911 454 2952 ut
485 2908 668 2979 saepius
760 2913 815 2951 23
848 2913 876 2963 †
905 2910 983 2952 καὶ
1017 2910 1056 2952 εἰ
1087 2911 1121 2953 F
1158 2910 1207 2952 in
1237 2925 1315 2966 mg
1345 2908 1463 2952 nihil
1555 2914 1609 2952 25
1644 2907 1716 2953 ὅτε
1748 2910 1783 2953 Ρ
1813 2910 1818 2968 Ι

150 2965 325 3020 ἐξέπλει
357 2967 551 3023 Taylor:
587 2965 759 3020 ἐξέλιπε
