2004 3202
208 122 315 175 238
631 124 970 168 ΔΙΟΝΥΣΙΟΤ
1000 124 1467 167 ΑΑῙΚΑΡΝΑΣΕῼΣ

209 257 405 327 ε’κείνη,
445 257 581 327 αὕτη
623 255 685 311 δὲ
717 259 1057 327 Παρρασίου.
1111 259 1293 325 λόγων
1331 255 1393 311 δὲ
1423 253 1529 328 ἀρα
1558 255 1703 321 τινὲς
1733 258 1884 330 ἀκρι-

207 350 316 416 βῶς
348 346 402 411 ἐξ
434 347 639 415 ὀλίγων
669 346 1135 417 παραγγελμάτων
1165 345 1256 398 καὶ
1285 350 1627 417 προσκαίρου
1647 344 1653 418 Ι
1673 367 1831 416 κατη-
1857 362 1974 403 1109

206 438 410 505 χήσεως
450 436 714 505 ἐμμελοῦς
752 435 1015 503 ἁρμονίας
1054 439 1293 488 εἴσονται
1332 435 1527 504 φύσιν;
1572 439 1783 488 πολλοῦ
1820 455 1882 503 γε

205 523 297 576 καὶ
343 526 441 577 δεῖ.
517 532 679 577 τοῦτο
725 520 826 592 μὲν
873 523 941 590 δὴ
994 532 1215 593 πρῶτον
1260 528 1444 592 οἰόμαι
1491 525 1610 577 δεῖν
1657 533 1882 577 σκοπεῖν

162 635 182 667 5
206 612 470 683 ἐπιστήμῃ
517 632 578 679 γε
615 610 706 664 καὶ
753 613 896 679 ἔθει,
944 613 1077 680 μετὰ
1116 608 1178 664 δὲ
1215 619 1378 665 τοῦτο
1415 612 1517 680 τὴν
1555 612 1880 682 εὐρυθμίαν.

206 701 272 754 οὐ
312 703 414 770 γὰρ
455 702 569 753 ἔστι
607 699 749 763 λέξις
788 699 1017 768 οὐδεμία
1048 698 1467 769 Λημοσθένους,
1503 701 1622 768 ἥτις
1653 701 1753 754 οὐκ
1793 700 1881 770 ἐμ-

203 793 519 859 περιείληφε
574 789 825 858 ρυθμοὺς
878 787 969 840 καὶ
1022 787 1190 859 μέτρα
1241 790 1307 841 τὰ
1360 785 1461 857 μὲν
1510 788 1881 859 ἀπηρτισμένα

204 877 294 931 καὶ
333 877 526 945 τέλεια,
565 879 630 930 τὰ
663 875 714 930 δ’
755 877 932 946 ἀτελῆ,
972 877 1233 946 τοιαύτην
1265 877 1565 946 ἐπιπλοκὴν
1595 879 1789 946 ἔχοντα
1820 878 1880 931 ἐν

205 967 461 1035 ἀλλήλοις
513 964 603 1018 καὶ
659 965 831 1028 οὕτως
884 964 1337 1035 συνηρμοσμένα,
1392 967 1529 1019 ὥστε
1581 966 1654 1034 μὴ
1709 967 1880 1034 δῆλον

139 1079 181 1110 10
205 1052 362 1123 εἶναι,
402 1055 485 1107 ὅτι
526 1052 637 1106 ἐστὶ
677 1052 859 1124 μέτρα.
921 1053 987 1107 οὐ
1026 1055 1131 1124 γὰρ
1172 1053 1241 1106 ἂν
1273 1055 1450 1117 ἄλλως
1479 1052 1694 1122 γένοιτο
1724 1060 1880 1108 πολι-

204 1144 322 1211 τικὴ
356 1142 498 1207 λέξις
527 1141 654 1213 παρ’
688 1143 861 1211 αὐτὴν
885 1143 985 1212 τὴν
1011 1143 1279 1196 σύνθεσιν
1305 1142 1541 1214 ἐμφερὴς
1563 1146 1879 1212 ποιήμασιν,

203 1230 272 1284 ἀν
302 1233 373 1300 μὴ
405 1230 626 1302 περιέχῃ
659 1230 826 1301 μέτρα
863 1229 955 1284 καὶ
995 1231 1246 1301 ῥυθμούς
1276 1252 1430 1294 τινας
1461 1231 1879 1302 ἐγκατακεχωρι-

204 1318 434 1388 σμένους
458 1320 683 1388 ἀδήλως.
724 1321 791 1374 οὐ
821 1319 1007 1389 μέντοι
1039 1340 1100 1388 γε
1130 1323 1392 1390 προσήκει
1417 1321 1589 1389 αὐτὴν
1612 1322 1879 1391 ἔμμετρον

203 1407 322 1461 οὐδ’
370 1411 655 1478 ἔρρυθμον
709 1405 851 1462 εἶναι
906 1410 1107 1477 δοκεῖν,
1160 1410 1252 1461 ἵνα
1297 1410 1369 1478 μὴ
1415 1407 1636 1476 γένηται
1672 1413 1878 1479 ποίημα

137 1496 234 1564 ι5ἢ
274 1495 450 1565 μέλος,
491 1496 692 1565 ἐκβᾶσα
729 1497 828 1549 τὸν
866 1497 1033 1564 αὑτῆς
1070 1504 1398 1566 χαρακτῆρα,
1438 1495 1558 1549 ἀλλ’
1590 1498 1877 1567 εὔρυθμον

203 1585 375 1653 αὐτὴν
399 1584 609 1654 ἀπόχρη
636 1587 936 1653 φαίνεσθαι
960 1583 1050 1637 καὶ
1075 1585 1352 1654 εὔμετρον.
1393 1583 1535 1636 οὕτω
1561 1586 1664 1654 γὰρ
1691 1584 1874 1654 ἂνεῖη

200 1674 452 1742 ποιητικὴ
486 1672 610 1741 μέν,
644 1673 709 1725 οὐ
742 1674 850 1742 μὴν
881 1673 1085 1742 ποίημά
1116 1692 1201 1740 γε,
1232 1671 1323 1725 καὶ
1347 1675 1636 1741 μελίζουσα
1659 1672 1776 1742 μέν,
1807 1673 1874 1727 οὐ

202 1763 308 1830 μὴν
341 1760 514 1830 μέλος.
551 1762 556 1829 Ι
591 1764 715 1813 τίνα
746 1760 796 1813 δ’
830 1763 938 1830 ἔχει
969 1770 1138 1814 ταῦτα
1171 1761 1462 1831 διαφοράν,
1488 1760 1554 1813 οὐ
1586 1762 1825 1829 χαλεπὸν
1851 1775 1963 1816 1110

203 1851 356 1903 ἰδεῖν.
395 1850 427 1918 ἡ
461 1847 560 1919 μὲν
592 1850 752 1918 ὅμοια
782 1850 1286 1919 παραλαμβάνουσα
1309 1847 1477 1919 μέτρα
1507 1847 1598 1902 καὶ
1623 1849 1875 1919 ῥυθμοὺς

136 1960 178 1992 20
200 1938 559 2008 τεταγμένους
606 1944 712 1991 εἴτε
749 1940 883 1991 κατὰ
930 1941 1118 2007 στίχον
1156 1943 1262 1991 εἴτε
1307 1939 1443 1991 κατὰ
1480 1939 1766 2007 περίοδον,
1804 1938 1875 2007 ἣν

199 2032 463 2080 καλοῦσιν
500 2028 623 2095 <οῑ>
661 2026 914 2096 μουσικοὶ
962 2029 1232 2097 στροφήν,
1284 2027 1509 2079 κᾶπειτα
1554 2027 1721 2079 πάλιν
1759 2036 1874 2089 τοῖς

200 2115 385 2178 αὐτοῖς
425 2116 661 2185 ῥυθμοῖς
705 2114 795 2168 καὶ
834 2114 1051 2186 μέτροις
1096 2114 1183 2168 ε’πὶ
1222 2123 1332 2168 τῶν
1370 2115 1553 2168 αὐτῶν
1599 2117 1800 2184 στίχων
1837 2114 1870 2183 ἢ

319 2340 339 2376 1
375 2332 425 2377 δὲ
457 2337 563 2390 post
596 2333 710 2391 αὕτη
744 2349 819 2378 om
849 2334 884 2377 P
921 2336 926 2390 Ι
967 2331 1198 2389 παρασίου
1230 2333 1360 2377 MPv
1402 2335 1407 2390 Ι
1450 2332 1585 2389 λόγον
1617 2333 1654 2375 Β
1682 2335 1689 2389 Ι
1716 2332 1807 2388 ἄρα
1831 2333 1869 2376 Β

319 2398 343 2434 ’2
376 2392 738 2449 παραγελμάτων
769 2394 805 2436 Β
835 2394 840 2451 Ι
867 2390 1176 2449 προσκαίρους
1206 2393 1242 2435 Ρ
1348 2396 1374 2434 3
1407 2392 1546 2448 φύσιν
1578 2394 1743 2448 poshea
1775 2391 1870 2435 add

198 2450 246 2492 M
277 2451 390 2494 item
420 2457 447 2494 4
479 2460 659 2506 πρῶτον
692 2455 739 2496 et
771 2460 961 2497 σκοπεῖν
989 2454 995 2509 Ι
1029 2454 1172 2496 πολοῦ
1204 2451 1241 2494 Β
1343 2455 1371 2494 4
1403 2449 1554 2507 εἴομαι
1585 2451 1622 2493 Β
1736 2455 1761 2493 5
1795 2451 1868 2494 εὐ·
1958 2478 1971 2485 -

199 2507 406 2565 ρηθμίαν
439 2510 474 2552 Β
590 2516 613 2553 7
648 2509 787 2566 μέτρα
826 2510 883 2554 τὰ
912 2511 982 2555 M:
1031 2508 1171 2566 μέτρα
1202 2510 1284 2553 ΒΡ
1394 2515 1418 2554 9
1459 2509 1518 2565 μὴ
1552 2511 1693 2566 δῆλον
1726 2504 1867 2566 εἶναι]

199 2566 309 2623 μηδ’
347 2568 456 2624 ἡμῖν
490 2577 614 2613 νοεῖν
647 2570 694 2612 Μ
725 2573 905 2625 (postea
937 2569 1169 2626 additum)
1202 2569 1323 2613 BPv
1421 2573 1475 2611 10
1514 2568 1592 2611 καὶ
1624 2569 1678 2611 οὐ
1711 2566 1797 2623 γὰρ
1829 2567 1867 2609 Β
1979 2612 1982 2617 ,

199 2629 402 2670 ceterum
434 2627 482 2669 ef
510 2628 565 2670 de
598 2642 729 2683 comp
764 2635 861 2685 196,
887 2635 912 2673 6
947 2643 1000 2684 sq
1122 2633 1173 2672 11
1209 2627 1413 2684 ἐμφορὴς
1442 2627 1479 2669 Ρ
1602 2630 1655 2668 13
1686 2626 1868 2680 ἀδήλως
1956 2670 1960 2674 ,

198 2686 266 2729 M:
299 2685 472 2740 ἀδήλου
504 2686 539 2727 Ρ
583 2688 724 2742 δηλοῦ
756 2687 792 2728 Β
931 2693 983 2731 15
1016 2685 1174 2742 μέλλος
1203 2687 1239 2730 Ρ
1267 2689 1272 2742 Ι
1300 2687 1441 2742 αὐτῆς
1471 2685 1562 2728 ΜΡ
1609 2684 1754 2740 αὐτὴν
1785 2685 1821 2726 Β
1858 2685 1864 2742 Ι
2002 2704 2004 2713 ⁴

200 2745 454 2801 εὔρυθμον]
490 2746 542 2788 οὐ
577 2745 759 2800 ρυθμὸν
790 2746 826 2787 Β
990 2751 1043 2790 18
1078 2746 1168 2803 ἔχει
1198 2746 1254 2790 P:
1289 2745 1382 2803 ἔχοι
1413 2744 1461 2786 Μ
1502 2743 1591 2801 ἔχει
1623 2759 1666 2787 οι
1698 2743 1734 2785 Β
1774 2743 1867 2786 fort

198 2803 343 2859 igitur
373 2801 477 2847 τίνα
510 2801 553 2846 δ’
585 2801 644 2846 ἂν
679 2803 784 2860 ἔχοι.
848 2804 955 2848 hine
988 2805 1037 2848 cf
1065 2806 1120 2848 de
1153 2819 1284 2860 comp
1312 2808 1408 2858 196,
1435 2808 1488 2846 15
1522 2817 1575 2857 sq
1696 2807 1747 2844 21
1783 2819 1865 2845 κα-

197 2865 326 2906 λοῦσι
356 2862 448 2905 ΜΡ
495 2864 708 2905 καλλοῦσι
740 2862 775 2903 Β
812 2864 817 2918 Ι
862 2863 904 2906 οἱ
937 2864 1030 2906 add
1063 2862 1335 2920 Sylburgius
1376 2863 1578 2906 ceterum
1611 2860 1659 2904 cf
1686 2861 1741 2904 de
1774 2861 1864 2916 Lys

196 2927 282 2965 474
326 2923 330 2978 Ι
375 2921 547 2977 στροφὴ
580 2921 629 2963 in
660 2935 738 2977 mg
770 2921 805 2962 B
