2004 3202
239 100 344 153 388
651 100 990 144 ΔῙοΝΤΣῙοΤ
1020 99 1483 142 ΑΛΙΚΑΡΝΑΣΕΩΣ

239 233 525 304 εὐξάμενοι
555 235 688 303 ὑμῖν
711 235 927 302 Μήδων
960 232 1263 302 ἐκράτησαν
1292 231 1383 285 καὶ
1413 231 1705 302 παρέσχετε
1737 232 1910 302 αὐτὴν

240 324 438 392 εὐμενῆ
480 322 918 390 ἐναγωνίσασθαι
958 330 1072 382 τοῖς
1097 319 1383 390 ““Ἐλλησιν,
1434 322 1560 374 οὔτε
1605 329 1711 374 νῦν
1749 323 1818 390 ’ἥν
1856 342 1908 374 τι

239 422 505 481 ποιῶμεν,
552 411 903 479 ἀδικήσομεν·
949 409 1416 479 προκαλεσάμενοι
1454 411 1558 480 γὰρ
1605 411 1781 463 πολλὰ
1818 409 1908 462 καὶ

240 502 421 554 εἰκότα
460 499 526 553 οὐ
564 500 917 568 τυγχάνομεν.
997 495 1377 566 ξυγγνώμονες
1416 495 1476 550 δὲ
1522 500 1640 551 ἔστε
1678 505 1772 565 τῆς
1810 494 1911 566 μὲν

196 610 216 642 5
241 589 453 651 ἀδικίας
488 589 493 656 Ι
528 589 852 651 κολάζεσθαι
883 594 998 647 τοῖς
1029 586 1337 655 ὑπάρχουσι
1367 585 1671 656 προτέροις,
1709 593 1802 654 τῆς
1835 582 1896 638 δὲ
1913 604 1968 643 9ο

239 680 500 748 τιμωρίας
531 676 822 744 τυγχάνειν
845 683 960 736 τοῖς
990 673 1315 744 ἐπιφέρουσι
1346 675 1621 743 νομίμως.’
1675 682 1912 727 τοσαῦτα

242 765 557 826 ἐπιθειάσας
595 766 828 830 καθίστη
870 764 946 824 εἰς
985 764 1227 831 πόλεμον
1264 763 1362 815 τὸν
1401 763 1668 833 στρατόν.’

153 846 221 900 37
344 851 711 921 Ἐξετάσωμεν
751 852 817 919 δὴ
864 852 1011 922 παρὰ
1058 858 1256 904 τοῦτον
1299 851 1398 904 τὸν
1443 852 1706 920 διάλογον
1744 851 1911 919 <τὸν>

243 942 383 996 οὕτω
429 945 605 1003 καλῶς
653 938 744 992 καὶ
789 948 1053 1010 περιττῶς
1099 942 1293 1008 ἔχοντα
1343 939 1541 1010 ἕτερον
1577 940 1748 993 αὐτοῦ
1797 940 1913 992 διά-

175 1053 216 1084 10
242 1036 432 1098 λογον,
495 1029 561 1082 ὃν
621 1030 854 1098 μάλιστα
917 1028 1240 1081 ἐπαινοῦσιν
1305 1029 1357 1081 οἱ
1417 1037 1516 1081 τοῦ
1577 1035 1914 1098 χαρακτῆρος

239 1119 439 1172 τούτου
477 1120 807 1186 θαυμασταί.
876 1117 1203 1170 ὑποτίθεται
1243 1118 1328 1185 δή,
1368 1118 1628 1187 στρατιὰν
1666 1117 1913 1170 ἀποστει-

240 1208 457 1260 λάντων
486 1205 800 1274 Ἀθηναίων
840 1203 927 1257 ἐπὶ
968 1208 1222 1272 Μηλίους
1261 1207 1715 1274 Λακεδαιμονίων
1760 1204 1914 1258 ἀποί-

240 1316 387 1362 κους,
425 1293 559 1364 πρὶν
598 1293 870 1363 ἄρξασθαι
900 1301 999 1346 τοῦ
1031 1292 1290 1362 πολέμου,
1329 1295 1427 1347 τὸν
1463 1295 1767 1364 στρατηγὸν
1804 1302 1915 1346 τῶν

232 1381 546 1450 Ἀθηναίων
568 1381 659 1434 καὶ
683 1384 811 1445 τοὺς
840 1382 1190 1452 προβούλους
1220 1391 1330 1435 τῶν
1354 1385 1593 1451 Μηλίων
1624 1384 1914 1444 συνιόντας

176 1493 218 1525 15
243 1473 319 1534 εἰς
373 1473 572 1538 λόγους
623 1469 748 1540 περὶ
794 1471 1135 1532 καταλύσεως
1185 1478 1284 1523 τοῦ
1329 1469 1592 1540 πολέμου·
1645 1469 1735 1523 καὶ
1788 1468 1905 1522 κατ’

243 1560 410 1630 ἀρχὰς
449 1556 549 1628 μὲν
589 1557 646 1611 ἐκ
684 1566 783 1611 τοῦ
825 1560 972 1611 ἰδίου
1010 1559 1309 1628 προσώπου
1349 1560 1508 1626 δηλοῖ
1544 1559 1610 1611 τὰ
1648 1557 1914 1628 λεχθέντα

241 1647 340 1716 ὑφ’
389 1646 672 1717 ἑκατέρων,
713 1645 800 1699 ε’πὶ
839 1655 964 1716 μιᾶς
995 1645 1047 1699 δ’
1081 1646 1416 1716 ἀποκρίσεως
1445 1654 1608 1700 τοῦτο
1645 1648 1706 1699 τὸ
1740 1654 1915 1716 σχῆμα

244 1737 596 1805 διατηρήσας,
634 1736 695 1787 τὸ
736 1736 1154 1804 διηγηματικόν,
1200 1744 1610 1805 προσωποποιεῖ
1647 1736 1745 1788 τὸν
1783 1736 1915 1804 μετὰ

244 1832 412 1876 ταῦτα
452 1824 714 1891 διάλογον
751 1822 841 1875 καὶ
882 1825 1206 1894 δραματίζει.
1284 1825 1436 1893 ἄρχει
1471 1822 1518 1876 δ’
1559 1823 1587 1876 ὁ
1621 1821 1915 1892 Ἀθηναῖος

183 1934 226 1966 20
249 1913 378 1965 τάδε
432 1911 628 1979 λέγων·
683 1911 922 1980 ςἘπειδὴ
979 1912 1044 1965 οὐ
1098 1913 1235 1982 πρὸς
1283 1913 1344 1965 τὸ
1397 1917 1612 1980 πλῆθος
1659 1913 1711 1965 οἱ
1761 1914 1915 1979 λόγοι

244 2004 547 2069 γίγνονται,
588 2001 730 2063 ὅπως
769 2001 836 2068 δὴ
876 2001 946 2069 μὴ
982 2010 1198 2069 συνεχεῖ
1238 2001 1390 2070 ῥήσει
1423 2002 1476 2054 οἱ
1508 1999 1630 2054 λαοὶ
1664 1999 1916 2068 ἐπαγωγὰ

243 2088 334 2142 καὶ
381 2088 674 2156 ἀνέλεγκτα
722 2088 775 2150 ἐς
821 2088 959 2152 ἅπαξ
1007 2088 1338 2151 ἀκούσαντες
1391 2089 1546 2158 ἡμῶν
1595 2088 1914 2158 ἀπατηθῶσι

246 2176 610 2248 (γινώσκομεν
655 2179 758 2247 γὰρ
803 2176 809 2245 Ι
851 2175 935 2229 ὅτι
974 2185 1135 2230 τοῦτο
1176 2186 1372 2247 φρονεῖ
1415 2177 1569 2246 ἡμῶν
1606 2177 1639 2245 ἡ
1681 2177 1734 2239 ἐς
1773 2179 1901 2239 τοὺς
1917 2191 1985 2231 9οῒ

247 2266 468 2333 ὀλίγους
515 2264 748 2336 ἀγωγή),
794 2266 949 2335 ὑμεῖς
997 2267 1049 2318 οἱ
1095 2267 1506 2335 προκαθήμενοι
1553 2268 1632 2318 ἔτι
1682 2263 1915 2334 ἀσφαλέ-

366 2416 390 2453 6
424 2410 551 2453 Thue
575 2410 617 2452 H
644 2414 697 2453 75
819 2415 871 2453 11
905 2410 947 2453 V
971 2415 1027 2454 84
1149 2415 1204 2453 20
1237 2411 1278 2454 V
1302 2415 1357 2454 85

367 2546 391 2583 2
426 2539 767 2597 ἐνγωνίσασθαι
789 2543 838 2585 Μ
969 2548 994 2586 3
1027 2543 1321 2600 ἀδηκήσομεν
1350 2557 1406 2599 pr
1429 2542 1464 2584 P
1591 2547 1619 2585 4
1652 2541 1810 2587 οἰκότα
1835 2541 1870 2585 Ρ
1903 2541 1909 2600 Ι

251 2597 346 2643 ἐστὲ
371 2600 418 2642 Μ
453 2599 548 2643 ἐστε
570 2600 638 2643 Pf
783 2605 808 2644 5
839 2609 935 2651 τοῖς
966 2601 1018 2645 δὲ
1043 2602 1091 2645 Μ
1243 2607 1266 2645 7
1298 2601 1345 2653 ἐς
1368 2602 1392 2644 f
1527 2604 1552 2644 8
1585 2601 1666 2646 τὸν
1697 2599 1914 2657 διάλογον
1943 2608 1955 2624 ”

251 2658 402 2717 <τὸν>
436 2657 598 2713 scripsi
632 2671 686 2701 ex
717 2673 802 2702 usu
833 2659 1047 2715 Dionysii
1170 2666 1224 2704 14
1255 2659 1512 2718 προβόλους
1541 2660 1590 2703 Μ
1617 2661 1623 2717 Ι
1652 2659 1875 2710 συνόντας
1897 2658 1920 2701 f

369 2721 420 2759 17
455 2723 588 2760 τοῦτο
620 2717 689 2774 τὸ]
722 2724 855 2761 τοῦτο
887 2718 923 2760 Ρ
1045 2724 1098 2762 18
1131 2720 1212 2764 τὸν
1243 2717 1326 2775 μὲν
1357 2718 1470 2775 μετὰ
1493 2719 1529 2762 Ρ
1651 2723 1703 2761 19
1737 2720 1914 2773 δραμα-

249 2775 379 2820 τικόν
409 2774 540 2818 MPf.
585 2773 872 2819 ἀποδίδωσιν
905 2779 986 2820 aut
1021 2777 1326 2835 ἀπεργάζεται
1357 2778 1564 2821 addebat
1593 2776 1808 2820 Reiskius

251 2840 305 2878 21
332 2836 512 2891 ξυνεχεῖ
534 2833 556 2876 f
578 2835 583 2890 Ι
612 2834 714 2877 λαοὶ
738 2834 849 2878 MP:
876 2835 1034 2878 πολλοὶ
1057 2836 1080 2878 f
1088 2838 1127 2880 Θ
1237 2842 1290 2880 22
1315 2835 1576 2893 ἀνέλεγχθα
1600 2835 1636 2877 Ρ
1663 2835 1669 2893 Ι
1699 2834 1872 2888 ἐσάπαξ
1895 2834 1918 2877 f

251 2899 305 2937 23
332 2896 360 2947 ἡ
393 2893 457 2943 εἰς
481 2893 515 2935 Ρ
638 2898 691 2936 24
724 2892 1077 2948 προκαθήμενοι
1108 2895 1220 2939 MP:
1253 2895 1517 2951 καθήμενοι
1540 2893 1610 2938 f&
