2004 3202
741 117 886 158 ΠΕΡΙ
914 116 1262 158 ΔΕΙΝΑΡΧΟΤ
1738 113 1842 166 311

573 282 899 348 Δημόσιοι
939 281 1124 348 λόγοι
1162 280 1439 346 γνήσιοι.

277 384 413 435 κατὰ
459 383 818 436 Πολυεύκτου
865 382 1179 451 βασιλεύειν
1224 384 1486 450 λαχόντος
1533 382 1846 450 δοκιμασιά·
1868 381 1935 433 10

167 471 363 524 (πολλὰ
415 469 506 523 καὶ
560 471 746 539 ἀγαθὰ
800 470 1050 539 γένοιτο.’
1127 471 1283 523 Κατὰ
1340 470 1700 523 Πολυεύκτου
1763 467 1846 521 ε’κ-

165 559 696 630 φυλλοφορηθέντος
758 560 866 613 ὑπὸ
928 568 1023 628 τῆς
1075 562 1279 628 βουλῆς
1348 543 1598 622 ἔνδειξις·
1660 558 1846 610 (πάλαι

164 648 426 716 θαυμάζω
480 649 671 717 ὑμῶν’
756 649 912 701 Κατὰ
967 648 1325 700 Πολυεύκτου
1377 645 1502 716 περὶ
1559 654 1659 699 τοῦ
1713 666 1846 714 γεω-
1892 667 1913 698 5

165 738 394 803 φοινίου·
450 735 593 806 “περὶ
647 734 747 806 μὲν
801 736 968 805 αὐτῆς
1014 744 1109 805 τῆς
1154 735 1473 805 μηνύσεως.’
1558 734 1698 804 Περὶ
1745 742 1845 787 τοῦ

166 828 483 893 γεωφανίου
532 825 804 893 ἐπίλογος·
854 826 1103 895 (βραχύν,
1143 821 1184 877 ὦ
1225 823 1457 894 ἄνδρεςῖ
1532 825 1688 876 Κατὰ
1727 827 1858 876 Πυ-4

163 912 306 966 θέου
345 913 545 978 ξενίας·
587 914 764 983 Ἱκανὴ
806 911 908 983 μὲν
946 910 1015 982 ἧν
1052 912 1361 984 πρόφασις.’
1418 914 1574 965 Κατὰ
1610 911 1846 965 Πυθέου

163 1001 289 1071 περὶ
336 1013 447 1055 τῶν
492 1005 628 1056 κατὰ
674 1004 734 1055 τὸ
783 1002 1068 1072 ἐμπόριον·
1117 1001 1323 1070 ρἐπειδὴ
1370 1010 1485 1064 τοῖς
1523 998 1624 1071 μὲν
1663 1000 1845 1069 λέγειν

163 1101 275 1144 τῶν
330 1091 612 1162 ῥητόρων.’
705 1093 860 1144 Κατὰ
921 1092 1313 1160 Τιμοκράτους·
1370 1090 1571 1159 εὥσπερ
1627 1091 1845 1143 δίκαιόν
1872 1111 1911 1141 ιο

0 1231 24 1248 s,
165 1179 314 1232 ε’στιῖ
391 1182 547 1233 Κατὰ
587 1181 919 1250 Λυκούργου
957 1181 1216 1232 εὔθυναι·
1264 1174 1425 1246 (οἶδα,
1458 1179 1564 1246 ὅτι,
1604 1178 1708 1231 κᾶν
1746 1200 1845 1248 μη-

0 1263 33 1333 5'2'
75 1281 160 1320 652
179 1265 276 1321 δὲν
321 1269 488 1337 ὑμῖν.’
525 1269 531 1337 Ι
574 1272 898 1339 Συνηγορία
938 1270 1173 1338 Αἰσχίνῃ
1220 1269 1356 1320 κατὰ
1393 1270 1647 1320 Δεινίου·
1696 1268 1845 1336 εβου-

0 1330 35 1390 ῑὲ·
163 1359 363 1426 λοίμην
423 1359 516 1425 ἄν,
579 1355 620 1411 ὦ
676 1358 907 1427 ἄνδρεςῖ
998 1358 1153 1410 Κατὰ
1212 1358 1520 1427 Φορμισίου
1574 1356 1844 1426 ἀσεβείας·

162 1441 288 1516 (ἆρά
319 1445 368 1514 γ’
402 1451 456 1499 εἴ
481 1447 659 1508 τινες.’
721 1447 876 1499 Κατὰ
908 1448 1297 1514 Καλλαίσχρου
1342 1444 1468 1514 περὶ
1506 1454 1618 1498 τῶν
1648 1456 1844 1515 τιμῶν·

162 1534 460 1603 (πολλάκις,
500 1532 541 1588 ὦ
574 1533 898 1603 Ἀθηναῖοιῖ
968 1535 1327 1603 Τυρρηνικός·
1367 1534 1602 1586 ςἅπαντα
1637 1537 1844 1604 συμβή-
1872 1554 1911 1586 15

162 1629 361 1676 σεσθαι
416 1623 529 1676 ε”τι.’
625 1624 781 1675 Κατὰ
826 1624 1137 1675 Διονυσίου
1197 1630 1296 1675 τοῦ
1353 1619 1440 1674 ε’πὶ
1490 1629 1585 1689 τῆς
1638 1624 1844 1692 διοική-

161 1726 320 1773 σεως·
361 1711 512 1773 εἴσως
551 1709 668 1779 με’ν,
708 1707 750 1763 ὦ
783 1709 1106 1778 Ἀθηναῖοιῖ
1169 1709 1314 1762 Καθ’
1356 1709 1629 1780 Ἱμεραίου
1664 1713 1844 1780 εἰσαγ-

160 1802 430 1867 γελτικός·
477 1797 700 1852 εοὐδένα
746 1801 973 1867 νομίζω,
1021 1795 1062 1852 ὦ
1102 1796 1426 1866 Ἀθηναῖοιῖ
1510 1800 1842 1868 Εἰσαγγελία

160 1890 297 1940 κατὰ
330 1891 591 1940 Πιστίου·
632 1886 831 1956 ξὥσπερ
871 1885 962 1939 καὶ
1000 1887 1157 1955 ὑμῶν
1196 1884 1452 1950 ἕκαστοςῖ
1514 1887 1648 1942 Κατ’
1686 1887 1843 1957 Ἀγα-

160 1975 413 2038 σικλέους
475 1977 784 2043 εἰσαγγελία
845 1974 1045 2039 ξενίας·
1108 1974 1331 2028 “οὐδε’να
1384 1977 1602 2030 πώποτε
1655 1973 1841 2046 οἷμαι.’
1867 1997 1910 2029 20

160 2066 316 2117 Κατὰ
375 2067 678 2133 Θεοκρίνου
738 2063 988 2127 ἔνδειξις·
1051 2064 1169 2116 ετοῦ
1221 2066 1450 2133 πατρός,
1513 2061 1554 2117 ὦ
1609 2066 1841 2135 ἄνδρεςῖ

0 1439 2 1445 ,
13 1425 36 1439 θ·

15 2102 25 2124 f

8 2220 29 2260 ς
286 2214 312 2252 2
354 2206 623 2263 ὃοκιμασίαι
661 2207 696 2250 F
735 2210 769 2263 (ι
808 2206 1026 2250 ultimum
1077 2210 1242 2264 postea
1298 2209 1391 2252 add
1437 2208 1534 2265 F¹):
1583 2223 1685 2253 corr
1730 2210 1839 2254 Vic-

0 2263 27 2292 '*·
164 2269 314 2313 torius
446 2273 470 2311 5
505 2272 530 2310 6
570 2265 834 2323 τεωφανίου
867 2267 922 2310 F:
957 2280 1058 2310 corr
1088 2267 1317 2311 Meursius
1440 2273 1463 2310 7
1504 2268 1749 2324 τεωφάνου
1782 2270 1838 2315 F:

0 2324 2 2326 ’
161 2342 264 2372 corr
294 2328 420 2371 idem
550 2331 601 2369 11
645 2325 847 2369 εὔθυναι
879 2325 1131 2382 Sauppius:
1173 2326 1375 2370 εὐθύναι
1416 2340 1471 2370 ex
1511 2328 1713 2372 εὐθῦναι
1744 2328 1834 2387 F¹1

18 2345 43 2441 Ι,
161 2385 271 2431 οἶδα
303 2387 338 2429 F
461 2390 514 2428 12
547 2385 677 2441 ὑμῖν·
720 2382 987 2440 Συνηγορία
1019 2383 1207 2442 Αἰσχίνη
1240 2384 1360 2429 κατὰ
1393 2385 1688 2443 Sylburgius:
1729 2389 1839 2444 ὑμῖν

159 2443 414 2502 συνηγορία
446 2441 650 2502 αἰσχίνη·
682 2443 803 2487 κατὰ
834 2443 869 2486 F
912 2445 917 2500 1
960 2442 1150 2488 Δεινίου
1181 2432 1433 2490 Meursius:
1465 2443 1619 2490 δινίου
1649 2446 1684 2489 F

162 2510 216 2548 13
252 2502 501 2560 Φορμισίου
542 2501 755 2561 ἀσεβείας
785 2502 1035 2547 Meursius:
1076 2502 1360 2561 φορασεβίας
1390 2504 1425 2547 F
1593 2511 1648 2548 14
1679 2505 1839 2550 καλαί-

158 2579 299 2622 σχρου
332 2564 388 2608 F:
430 2577 532 2606 corr
562 2561 798 2606 Victorius
931 2567 984 2605 15
1023 2561 1127 2619 lege
1160 2559 1194 2607 ὦ
1227 2563 1397 2618 ἄνδρες
1421 2561 1685 2620 Ἀθηναῖοι,
1726 2565 1840 2609 item

159 2623 282 2666 infra
310 2626 316 2679 Ι
351 2620 637 2678 Τυρρηνικός
660 2619 897 2664 Valesius:
929 2621 1172 2678 πιρηνικός
1195 2622 1230 2665 F
1259 2625 1264 2678 Ι
1294 2622 1481 2667 ἅπαντα
1514 2623 1549 2666 F
1581 2623 1663 2679 ita,
1697 2627 1749 2667 ut
1774 2640 1840 2667 απ

159 2695 216 2726 ex
249 2698 315 2726 ετι
347 2683 604 2725 correctum
637 2679 697 2723 sit
822 2685 873 2724 16
908 2678 992 2723 ἔτι·
1026 2679 1160 2724 Κατὰ
1190 2681 1429 2727 Reiskius:
1466 2681 1529 2725 ἔτι
1560 2682 1681 2726 κατὰ
1714 2683 1747 2726 F

163 2746 214 2784 17
249 2739 357 2791 ἴσως
379 2740 415 2783 F
443 2743 449 2795 Ι
477 2737 756 2795 καθιμερίου
789 2738 845 2783 F:
887 2753 988 2783 corr
1026 2740 1298 2784 Maussaeus
1447 2745 1500 2784 18
1534 2741 1769 2799 ἰσαγγελία
1802 2742 1836 2784 F

159 2813 217 2843 ex
247 2797 505 2855 εἰσαγγελία
627 2803 680 2841 19
714 2802 769 2841 20
801 2796 903 2841 κατ’
933 2796 1247 2855 Ἀγασικλέους
1270 2800 1519 2844 Meursius:
1564 2817 1683 2845 κατα
1716 2815 1836 2844 πισι-

159 2856 319 2909 κλέους
351 2859 385 2901 F
529 2862 585 2900 20
619 2855 895 2913 εἰσαγγελία·
933 2856 1103 2909 Ξενίας
1134 2857 1305 2903 οὐδένα
1339 2872 1506 2915 operae
1540 2859 1836 2915 Sauppianae

162 2922 215 2960 21
248 2925 329 2961 τοῦ
361 2917 484 2960 inter
515 2916 662 2959 lineas
695 2915 789 2959 add
821 2916 855 2959 F
