2004 3202
187 123 292 174 154
604 123 942 167 ΔΙΟΝΥΣΙΟΤ
974 122 1446 164 ΑΛΙΚΑΡΝΑΣΕΩΣ

186 258 533 328 ἔχθρα-πρὸς
572 257 854 326 ἀλλήλους.
919 257 985 310 οὐ
1024 257 1133 325 μὴν
1172 258 1342 324 ἔγωγε
1381 255 1535 327 ᾤμην
1573 257 1693 309 δεῖν
1734 258 1860 310 οὔτε

184 347 345 414 δίκην
391 351 578 415 λαχεῖν
624 346 810 408 αὐτοῖς
856 347 980 398 οὔτε
1027 347 1196 412 λόγον
1241 351 1522 398 ποιεῖσθαι
1569 355 1679 398 τῶν
1726 359 1859 415 συμ-

184 432 416 504 βάντων.
486 433 601 487 ἀλλ’
644 433 803 487 ἐκεῖν’
844 433 1027 495 ἁπλῶς
1068 432 1327 500 ἐγνώκειν
1365 434 1424 486 τὸ
1467 435 1662 486 λοιπὸν
1702 433 1859 487 εὐλα-

184 527 404 592 βεῖσθαι
437 521 525 575 καὶ
559 524 934 591 φυλάττεσθαι
966 522 1037 590 μὴ
1069 522 1384 590 πλησιάζειν
1416 522 1488 584 ὡς
1519 524 1648 584 τοὺς
1678 522 1859 575 τοιού-

138 627 159 660 5
183 632 325 674 τους.
402 621 621 680 πρῶτον
659 608 759 679 μὲν
798 606 916 677 οὗν,
957 605 1035 663 ὧν
1075 615 1287 679 εἴρηκα,
1333 611 1545 664 τούτων
1587 612 1858 679 βούλομαι

181 702 277 762 τὰς
330 703 630 770 μαρτυρίας
682 701 1094 768 παρασχόμενος
1155 701 1286 768 μετὰ
1340 707 1532 768 ταῦτα,
1596 701 1695 753 ὅσα
1749 700 1856 752 ὑπὸ

181 790 382 842 τούτου
419 787 688 855 πέπονθα,
730 787 1010 855 ἐπιδεῖξαι,
1052 788 1143 840 ἵνα
1183 789 1377 856 εἰδῆτε,
1418 789 1501 841 ὅτι
1535 781 1651 859 (gf)
1690 802 1858 859 προσ-

182 886 276 946 ῆκε
337 887 451 939 τοῖς
503 878 570 929 τὸ
631 886 851 946 πρῶτον
906 876 1306 947 ἁμαρτηθεῖσιν
1361 875 1635 946 ἐπιτιμᾶν,
1699 873 1859 939 οὗτος

182 967 345 1028 αὐτὸς
383 967 519 1036 πρὸς
558 966 774 1028 τούτοις
812 969 997 1037 πολλςῖ
1035 967 1319 1035 δεινότερα
1352 964 1761 1035 διαπέπρακται.
1787 997 1858 1002 -

118 1071 159 1103 10
183 1056 489 1125 Μάρτυρες.
523 1086 590 1092 ——
622 1047 721 1106 Ὧν
752 1074 853 1123 μεν
884 1057 1078 1107 τοίνυν
1110 1053 1319 1107 οὐθένα
1357 1052 1510 1126 ᾠμην
1541 1055 1659 1107 δεῖν
1691 1057 1860 1121 λόγον

181 1150 486 1211 ποιεῖσθαι,
541 1143 712 1196 ταῦτά
760 1142 886 1196 ἐστι.
963 1145 1143 1214 χρόνῳ
1193 1141 1239 1195 δ’
1278 1143 1513 1212 ὕστερον
1559 1143 1625 1196 οὐ
1671 1147 1858 1214 πολλῷ

179 1239 609 1301 περιπατοῦντος
664 1232 843 1302 ὥσπερ
901 1230 1139 1302 εῑώξθειν
1195 1230 1495 1302 <έσπέρας>
1553 1231 1612 1284 ἐν
1663 1231 1838 1302 ἀγορᾷ
1861 1246 1945 1285 990

179 1340 286 1388 μου
324 1322 456 1389 μετὰ
500 1321 892 1390 Φανοστράτου
931 1328 1030 1372 τοῦ
1070 1319 1362 1389 Κηφισέως
1400 1329 1512 1372 τῶν
1549 1319 1855 1388 ἡλικιωτῶν

177 1428 327 1470 τινος
365 1407 691 1479 παρέρχεται
722 1411 981 1477 Κτησιάς,
1022 1408 1050 1461 ὁ
1091 1409 1211 1470 υἱὸς
1247 1408 1348 1476 <ὁ>
1387 1409 1588 1461 τούτου
1627 1409 1855 1477 μεθύων

111 1512 152 1544 15
175 1498 309 1549 κατὰ
351 1497 411 1549 τὸ
453 1499 771 1567 Λεωκόριον
818 1496 979 1564 ἐγγὺς
1029 1497 1128 1549 ἰὼν
1169 1498 1538 1567 Πυθοδώρου.
1614 1497 1854 1549 κατιδὼν

178 1582 237 1636 δὲ
275 1584 414 1653 ἡμᾶς
459 1583 548 1637 καὶ
587 1586 900 1655 κραυγάσας
938 1583 1027 1637 καὶ
1069 1586 1379 1653 διαλεχθείς
1418 1605 1470 1637 τι
1508 1586 1646 1655 πρὸς
1685 1586 1856 1638 αὑτὸν

178 1673 374 1741 οὕτως,
422 1674 493 1735 ὡς
540 1672 609 1725 ἂν
655 1674 898 1742 μεθύων,
945 1675 1081 1726 ὥστε
1128 1674 1199 1742 μὴ
1248 1679 1467 1741 μαθεῖν,
1517 1674 1544 1726 ὅ
1592 1694 1643 1726 τι
1692 1673 1855 1741 λέγει,

175 1765 424 1830 παρῆλθε
460 1762 608 1830 Υπρὸς
647 1764 898 1829 Μελίτην
940 1763 1067 1814 ἄνω.
1139 1764 1331 1814 ἔπινον
1371 1760 1418 1813 δ’
1459 1763 1564 1831 ἄρα
1613 1761 1856 1815 ἐνταῦθα

176 1851 321 1918 παρὰ
370 1852 645 1921 Παμφίλῳ
700 1857 774 1920 τῷ
828 1859 1029 1918 γναφεῖ
1077 1852 1279 1902 Κόνων
1331 1848 1519 1903 οὑτοσὶ
1571 1852 1856 1921 Θεόδωρός

111 1954 153 1986 20
176 1958 258 2000 τις
302 1936 649 2006 Ἀλκιβιάδης
698 1940 1024 2007 Σπίνθαρος
1079 1938 1106 1991 ὁ
1155 1938 1451 2006 Εὐβούλου
1503 1938 1773 2007 Θεογένης
1827 1939 1854 1992 6

169 2024 568 2096 Ἀνδρομένους
602 2029 803 2079 πολλοί
830 2046 991 2094 τινες,
1026 2026 1122 2089 οὓς
1155 2026 1519 2095 ἐξαναστήσας
1551 2027 1579 2080 ὁ
1613 2029 1856 2095 Κτησίας

298 2162 317 2198 1
356 2156 462 2213 ἔχρα
495 2157 530 2199 Ρ
574 2158 578 2212 Ι
622 2157 675 2199 06
710 2172 793 2211 μεν
817 2157 853 2198 Β
902 2158 906 2213 Ι
953 2155 1076 2213 ἔγεγε
1108 2157 1168 2200 Β1
1218 2155 1342 2214 ἔγεγε
1374 2157 1410 2200 Ρ
1467 2156 1605 2214 ἔγωγε
1646 2155 1709 2212 μὰ
1747 2157 1856 2207 τους
1902 2149 1916 2163 ’

176 2216 319 2265 θεοὺς
349 2230 377 2257 v
411 2229 465 2259 ex
497 2215 535 2258 D
565 2217 570 2271 Ι
599 2212 719 2273 φ’μεν
743 2215 779 2258 Ρ
871 2220 895 2258 2
930 2218 1099 2274 λαχεῖν,
1132 2216 1182 2259 in
1213 2231 1293 2272 mg
1322 2216 1461 2260 rubro
1490 2215 1609 2273 ἔχειν
1634 2215 1682 2258 Μ
1709 2217 1715 2273 Ι
1745 2230 1855 2271 συμ-

177 2273 358 2331 βάντων
392 2271 562 2318 οὐδένα
595 2289 624 2318 v
657 2288 712 2317 ex
743 2274 782 2316 D
898 2280 923 2317 3
961 2275 1110 2319 ἐκεῖνο
1142 2275 1203 2319 D:
1245 2274 1402 2319 ἐκεῖνα
1432 2275 1610 2318 MBPv
1653 2277 1657 2331 Ι
1701 2274 1856 2325 ἁπλῶς

176 2348 223 2375 m
253 2347 328 2376 rec
353 2333 400 2375 M
426 2347 480 2376 ex
505 2331 591 2386 ἀπ,
623 2336 866 2388 praeterea
897 2334 947 2376 in
978 2349 1056 2391 mg
1087 2333 1241 2384 ἁπλῶς
1264 2334 1313 2377 Μ
1348 2335 1353 2391 Ι
1382 2333 1629 2390 ἐγγνώκειν
1654 2333 1736 2376 ΒΡ

177 2396 204 2433 4
237 2390 539 2446 φιλάττεσθαι
563 2392 598 2434 Ρ
627 2393 631 2448 Ι
661 2392 720 2442 ὡς
743 2393 848 2443 τοὺς
871 2394 1128 2451 τοιούτους]
1161 2400 1256 2443 τοῖς
1286 2393 1514 2443 τοιούτοις
1537 2393 1576 2436 D
1603 2393 1679 2449 (ὡς
1703 2393 1853 2436 τοιού-

176 2466 271 2500 τοις
295 2451 350 2506 A)
382 2449 472 2492 fuit
503 2450 595 2493 fort
626 2451 686 2500 ὡς
718 2448 819 2494 οὖσι
850 2452 1077 2502 τοιούτοις
1167 2456 1191 2495 5
1217 2452 1391 2495 τούτων
1418 2447 1481 2495 ὧν
1507 2450 1669 2507 εἴρηκα
1695 2451 1734 2493 D

178 2514 203 2551 6
238 2506 314 2552 οἷα
345 2507 424 2551 ὑπ’
448 2510 590 2552 αὐτοῦ
622 2509 786 2553 τούτου
810 2510 849 2552 D
943 2516 967 2554 9
1001 2512 1158 2561 αὐτοῖς
1189 2511 1304 2566 πρὸς
1333 2510 1513 2560 τούτοις
1536 2510 1675 2552 ΜΒΡ
1715 2510 1854 2560 αὐτὸς

177 2567 396 2623 πρότερος
428 2567 465 2609 D
511 2570 515 2623 Ι
559 2566 792 2623 εἴργασται
824 2568 862 2611 D
979 2574 1033 2612 10
1065 2568 1222 2626 μέντοι
1254 2576 1340 2614 νῦν
1365 2569 1401 2612 Ρ
1445 2570 1460 2641 Ι
1493 2566 1666 2612 οὐδένα
1694 2568 1733 2611 D

183 2631 234 2669 12
271 2623 462 2679 ἑσπέρας
493 2642 520 2668 v
555 2640 610 2669 ex
641 2626 679 2668 D
808 2631 860 2670 13
895 2626 1138 2684 Κηφίσεως
1168 2629 1205 2672 Β
1260 2625 1527 2699 Κηφισιέως
1552 2627 1736 2670 Palmer

182 2689 236 2728 14
268 2684 291 2728 6
323 2684 440 2741 υἱὸς]
476 2685 554 2734 ὁῦς
578 2685 613 2727 Ρ
659 2684 738 2735 οὓς
761 2685 797 2727 Β
834 2687 838 2742 Ι
876 2686 898 2729 6
932 2687 1026 2730 add
1049 2703 1079 2731 v
1104 2701 1159 2731 ex
1183 2687 1222 2730 D
1338 2690 1391 2730 18
1424 2684 1612 2742 μελέτην
1636 2686 1672 2728 Ρ
1707 2688 1711 2741 Ι
1746 2689 1853 2741 post

179 2743 388 2788 ἐνταῦθα
413 2743 473 2787 D:
507 2750 649 2786 ταῦτα
683 2760 769 2799 γαρ
802 2758 992 2799 υστερον
1018 2746 1297 2801 ἐπυθόμεθα
1391 2750 1443 2788 19
1477 2751 1650 2801 γναφεῖ
1674 2745 1741 2800 M,
1774 2759 1852 2801 mg

178 2803 233 2847 B:
276 2809 448 2859 γραφεῖ
476 2802 596 2844 BPv
640 2805 644 2858 Ι
689 2803 851 2852 οὑτούς
876 2804 955 2846 BP
1004 2806 1083 2848 sed
1118 2803 1271 2849 οὑτοσί
1303 2804 1338 2846 Β
1369 2818 1448 2860 mg
1491 2806 1495 2860 Ι
1542 2802 1850 2858 Θεόδωρός·-ῃ

180 2862 419 2919 Εὐβούλου
444 2860 516 2903 bis
542 2861 578 2902 B
625 2860 845 2933 Θεότιμός
876 2878 943 2912 τις
967 2860 1258 2933 Ἀρχεβιάδης
1281 2863 1320 2906 D
1421 2866 1476 2905 ⁶20
1509 2860 1744 2917 πίνθαρος
1767 2863 1814 2905 Μ
1842 2863 1846 2921 Ι

180 2921 203 2964 6
235 2920 361 2977 prius
395 2934 467 2963 om
500 2920 582 2962 BP
684 2918 1093 2976 21Ἀνὸρομέδους
1125 2922 1284 2966 MBP:
1318 2935 1418 2964 corr
1448 2936 1477 2964 v
1510 2934 1564 2964 ex
1596 2921 1635 2963 D
