1958 3192
519 113 666 155 ΠΕΡΙ
695 78 818 155 'i'szN
847 113 1112 155 APXAIQN
1142 113 1424 156 ΡΗΤΟΡΩΝ
1771 114 1806 167 5

129 247 369 308 πολλοὺς
406 244 662 315 ἀγούσης,
700 244 791 299 καὶ
830 245 1074 300 ἀπέδωκε
1112 255 1176 317 τῇ
1215 243 1317 316 μὲν
1355 246 1554 318 ἀρχαίᾳ
1582 247 1673 301 καὶ
1706 250 1808 302 σώ-

129 353 299 403 φρονι
346 334 604 405 ῥητορικῇ
651 335 753 403 τὴν
799 336 1019 388 δικαίαν
1063 337 1249 404 τιμήν,
1298 334 1370 403 ἣν
1410 334 1500 388 καὶ
1538 339 1809 407 πρότερον

129 418 239 491 εἶχε
284 427 485 491 καλῶς,
532 423 855 492 ἀπολαβεῖν,
902 432 966 494 τῇ
1014 420 1074 476 δὲ
1119 422 1218 495 νέᾳ
1269 422 1360 476 καὶ
1414 423 1626 496 ἀνοήτῳ
1672 427 1809 478 παύ-

128 517 332 564 σασθαι
387 510 556 575 δόξαν
610 511 676 564 οὐ
737 514 1125 582 προσήκουσαν
1183 511 1535 583 καρπουμένῃ
1597 512 1687 566 καὶ
1750 513 1810 567 ἐν

127 599 438 668 ἀλλοτρίοις
490 598 724 667 ἀγαθοῖς
777 600 1055 670 τρυφώσῃ.
1130 598 1220 652 καὶ
1276 598 1342 652 οὐ
1388 598 1515 652 καθ’
1569 600 1632 653 ἓν
1678 606 1808 664 ἴσως
1855 620 1876 651 5

127 695 289 742 τοῦτο
336 690 511 757 μόνον
561 687 806 741 ἐπαινεῖν
851 689 949 741 τὸν
992 690 1239 758 παρόντα
1288 690 1493 758 χρόνον
1544 687 1636 741 καὶ
1681 691 1810 752 τοὺς

40 789 125 830 448
151 780 710 846 συμφιλοσοφοῦντας
749 775 1083 846 ἀνθρώπους
1114 775 1285 844 ἄξιον,
1322 777 1404 830 ὅτι
1441 776 1447 845 Ι
1481 778 1547 829 τὰ
1584 779 1811 847 κρείττω

127 866 419 934 τιμιώτερα
456 873 639 917 ποιεῖν
676 873 787 917 τῶν
825 866 1093 934 χειρόνων
1129 863 1363 933 ἤρξαντο
1407 862 1608 936 (καίτοι
1647 864 1811 935 μέρος

126 974 189 1022 γε
227 962 326 1007 τοῦ
364 954 568 1015 παντὸς
606 953 775 1021 ἥμισυ
814 952 951 1022 ἀρχὴ
992 952 1208 1020 λέγεταί
1238 973 1295 1006 τε
1325 952 1416 1006 καὶ
1449 951 1641 1025 ἔστιν),
1685 953 1802 1008 ἀλλ’

128 1043 212 1096 ὅτι
251 1041 341 1095 καὶ
380 1050 601 1111 ταχεῖαν
639 1042 740 1110 τὴν
786 1042 1093 1110 μεταβολὴν
1137 1040 1228 1094 καὶ
1274 1043 1516 1111 μεγάλην
1556 1043 1658 1111 τὴν
1698 1042 1810 1096 ἐπί-
1834 1063 1877 1095 10

128 1132 289 1184 δοσιν
335 1130 517 1183 αὐτῶν
560 1131 931 1199 παρεσκεύασε
969 1129 1245 1198 γενέσθαι.
1322 1131 1420 1195 ἔξω
1461 1133 1566 1202 γὰρ
1606 1132 1811 1200 ὀλίγων

127 1230 296 1272 τινῶν
318 1218 590 1272 Ἀσιανῶν
618 1220 850 1286 πόλεων,
891 1212 976 1280 αἷς
1009 1218 1080 1271 δι’
1119 1219 1367 1288 ἀμαθίαν
1399 1221 1628 1289 βραδεῖά
1661 1219 1811 1273 ἐστιν

126 1308 159 1376 ἡ
199 1317 310 1361 τῶν
347 1311 530 1360 καλῶν
567 1307 824 1376 μάθησις,
864 1308 920 1359 αἱ
959 1307 1146 1360 λοιπαὶ
1176 1307 1482 1360 πέπαυνται
1513 1311 1643 1371 τοὺς
1675 1329 1811 1378 φορ-

126 1398 312 1459 τικοὺς
341 1394 431 1449 καὶ
462 1397 711 1466 ψυχροὺς
741 1393 831 1447 καὶ
864 1395 1238 1463 ἀναισθήτους
1270 1396 1554 1464 ἀγαπῶσαι
1594 1399 1811 1466 λόγους,

127 1495 238 1538 τῶν
275 1481 375 1554 μὲν
411 1486 683 1555 πρότερον
714 1482 851 1553 μέγα
890 1482 969 1536 ἐπ’
1009 1484 1197 1547 αὐτοῖς
1228 1486 1593 1555 φρονούντων
1624 1486 1810 1539 αἰδου-
1835 1504 1876 1536 15

126 1572 308 1642 μένων
360 1574 464 1641 ἤδη
517 1570 609 1625 καὶ
662 1573 798 1624 κατὰ
848 1573 1048 1642 μικρὸν
1094 1571 1630 1642 ἀπαυτομολούντων
1674 1575 1812 1645 πρὸς

126 1663 254 1725 τοὺς
295 1659 530 1732 ἑτέρους,
571 1662 618 1714 εἰ
656 1663 730 1730 μή
768 1680 914 1724 τινες
951 1662 1301 1714 παντάπασιν
1341 1661 1576 1725 ἀνιάτως
1607 1665 1811 1732 ἔχουσι,

127 1761 238 1804 τῶν
283 1747 345 1803 δὲ
390 1747 587 1803 νεωστὶ
633 1757 733 1802 τοῦ
778 1751 1100 1819 μαθήματος
1146 1750 1468 1820 ἁπτομένων
1522 1753 1599 1813 εἰς
1651 1772 1812 1805 κατα-

127 1842 404 1910 φρόνησιν
435 1838 686 1906 ἀγόντων
717 1840 845 1901 τοὺς
876 1841 1076 1906 λόγους
1107 1837 1197 1891 καὶ
1228 1839 1437 1907 γέλωτα
1462 1839 1812 1909 ποιουμένων

127 1930 228 1997 τὴν
267 1926 347 1981 ἐπ’
387 1927 573 1990 αὐτοῖς
613 1928 875 1995 σπουδήν.
1836 1948 1878 1980 20

239 2018 385 2070 αἰτία
440 2014 487 2068 δ’
543 2011 694 2085 οἶμαι
739 2014 830 2068 καὶ
877 2015 1013 2085 ἀρχὴ
1061 2023 1156 2084 τῆς
1202 2017 1468 2085 τοσαύτης
1512 2021 1870 2087 μεταβολῆςῧ

129 2103 342 2174 ἐγένετο
381 2103 414 2172 ἡ
453 2104 677 2156 πάντων
714 2111 990 2173 κρατοῦσα
1023 2103 1196 2173 Ῥώμη
1235 2106 1373 2175 πρὸς
1413 2103 1613 2174 ἑαυτὴν
1647 2105 1812 2174 ἀναγ-

127 2195 362 2259 κάζουσα
415 2194 511 2254 τὰς
565 2192 693 2254 ὅλας
744 2194 930 2255 πόλεις
985 2192 1316 2261 ἀποβλέπειν
1369 2192 1459 2246 καὶ
1506 2195 1706 2263 ταύτης
1750 2191 1812 2247 δὲ

128 2282 294 2351 αὐτῆς
334 2282 387 2334 οἱ
426 2280 856 2342 δυναστεύοντες
894 2279 1007 2333 κατ’
1046 2280 1247 2351 ἀρετὴν
1278 2280 1368 2334 καὶ
1409 2281 1512 2335 ἀπὸ
1552 2290 1651 2335 τοῦ
1682 2302 1811 2353 κρα-

127 2373 316 2424 τίστου
362 2371 427 2423 τὰ
480 2371 639 2423 κοινὰ
694 2370 1058 2437 διοικοῦντες,
1116 2369 1465 2424 εὐπαίδευτοι
1518 2372 1665 2423 πάνυ
1719 2369 1809 2423 καὶ
1835 2390 1878 2422 25

41 2469 126 2509 449
150 2468 396 2528 γενναῖοι
431 2462 437 2527 Ι
471 2459 567 2520 τὰς
604 2460 810 2528 κρίσεις
848 2460 1152 2527 γενόμενοι,
1186 2458 1282 2528 ὑφ’
1323 2454 1402 2511 ὧν
1432 2461 1812 2528 κοσμούμενον

128 2550 190 2601 τό
237 2567 294 2601 τε
340 2549 618 2617 φρόνιμον
664 2554 758 2614 τῆς
803 2548 1012 2609 πόλεως
1058 2546 1222 2618 μέρος
1268 2550 1347 2600 ἔτι
1386 2552 1596 2616 μᾶλλον
1635 2547 1812 2600 ἐπιδέ-

247 2683 272 2720 3
314 2673 427 2735 εἶχε,
466 2678 615 2727 καλῶς
652 2675 788 2720 libri:
833 2689 934 2720 corr
971 2676 1191 2720 Reiskius
1315 2683 1366 2720 11
1408 2678 1721 2733 παρεσκεύασε
1754 2691 1810 2721 ex

130 2737 471 2792 παρεσκεύασαι
503 2749 605 2778 corr
628 2734 699 2778 Μ1
730 2735 1071 2789 παρεσκεύασαι
1103 2736 1143 2779 Α
1182 2737 1462 2792 παρεσκεύσε
1487 2738 1523 2781 Ρ
1554 2737 1647 2781 fort
1670 2751 1809 2791 παρε-

132 2795 360 2840 σκεύασαν
452 2799 506 2838 12
539 2795 734 2852 βραδεῖα
766 2792 886 2838 ἔστιν
914 2795 962 2837 Μ
1054 2800 1108 2839 19
1140 2795 1234 2839 fort
1257 2796 1364 2846 τοὺς
1387 2796 1624 2847 τοιούτους
1647 2795 1813 2851 λόγους

248 2860 303 2898 23
335 2851 386 2898 δὲ
418 2853 613 2898 Usener:
660 2850 706 2896 τὲ
740 2851 787 2895 Μ
818 2869 866 2897 τε
901 2853 1077 2898 PBCA
1206 2860 1260 2898 26
1293 2855 1611 2911 κοσμούμενον
1642 2868 1721 2909 mg
1753 2852 1809 2896 C:

131 2913 436 2968 κοσμούμενοι
467 2910 699 2955 MPBCA
