2004 3202
813 135 1158 178 ιΣοΚΡΑΤΗΣ
1759 133 1827 187 89

150 273 286 343 πρὸς
309 271 542 338 τούτοις,
575 267 616 324 ὦ
641 271 839 340 ἄνδρες
871 271 1139 337 δικασταί,
1171 272 1424 338 νομίζων,
1457 269 1504 321 εἰ
1535 265 1636 337 μὲν
1660 267 1831 322 αὐτοῦ

150 360 337 431 μένειν
375 358 737 429 ἐπιχειροίην,
790 357 1200 427 ἐκδοθήσεσθαί
1233 377 1299 426 με
1345 358 1452 410 ὑπὸ
1492 364 1586 424 τῆς
1623 358 1832 419 πόλεως

151 449 412 519 Σατύρῳ,
467 448 515 500 εῑ
569 445 621 500 δ’
676 446 880 500 ἄλλοσέ
927 465 1023 500 ποι
1076 449 1408 516 τραποίμην,
1463 442 1631 498 οὐδὲν
1685 444 1832 516 αὐτῷ

151 539 406 607 μελήσειν
444 545 555 588 τῶν
595 534 740 605 ἐμῶν
771 538 969 604 λόγων,
1009 536 1057 588 εἰ
1089 533 1141 587 δ’
1173 535 1598 603 εἰσπλευσοίμην
1630 534 1706 596 εἰς
1738 534 1835 586 τὸν

153 628 403 693 Πόντον,
457 624 873 678 ἀποθανεῖσθαί
922 644 987 693 με
1040 625 1173 693 μετὰ
1227 631 1325 676 τοῦ
1378 625 1607 692 πατρός·
1666 629 1836 675 ταῦτα

69 730 150 772 582
175 715 619 782 διαλογιζόμενος
654 711 660 783 l
708 714 974 766 διενοεῖτό
1013 733 1079 782 με
1117 712 1441 782 ἀποστερεῖν
1479 713 1545 764 τὰ
1591 714 1838 782 χρήματα

154 801 244 856 καὶ
282 803 421 871 πρὸς
459 799 560 871 μὲν
600 799 692 871 ἐμὲ
730 810 1111 871 προσεποιεῖτο
1147 801 1376 871 ἀπορεῖν
1409 801 1469 854 ε’ν
1499 807 1575 873 τῷ
1605 803 1840 870 παρόντι

155 890 244 945 καὶ
292 890 394 944 οὐκ
440 890 510 943 ἂν
555 893 700 959 ἔχειν
745 890 1070 944 ἀποδοῦναι.
1140 889 1326 958 ἐπειδὴ
1366 889 1418 942 δ’
1459 889 1590 958 ἐγώ,
1644 891 1840 958 βουλό-

157 1000 319 1050 μενος
359 978 565 1033 εἰδέναι
601 981 660 1032 τὸ
692 988 931 1049 πρᾶγμα,
971 978 1306 1050 προσπέμπω
1343 981 1662 1048 Φιλόμηλον
1694 978 1842 1050 αὐτῷ

158 1067 247 1122 καὶ
301 1067 617 1132 Μενέξενον
670 1067 1093 1137 ἀπαιτήσοντας,
1155 1068 1381 1138 ἔξαρνος
1442 1070 1651 1136 γίνεται
1705 1068 1843 1137 πρὸς

161 1157 362 1220 αὐτοὺς
415 1153 587 1226 μηδὲν
640 1159 786 1225 ἔχειν
839 1166 951 1209 τῶν
1005 1156 1164 1226 ἐμῶν.
1247 1159 1598 1225 πανταχόθεν
1644 1155 1709 1209 δέ
1750 1176 1845 1225 μοι

161 1246 441 1300 τοσούτων
508 1255 691 1298 κακῶν
757 1247 1265 1315 προσπεπτωκότων
1334 1248 1456 1298 τίνα
1525 1243 1717 1298 οἴεσθέ
1780 1264 1846 1314 με

162 1336 388 1404 γνώμην
426 1336 597 1403 ἔχειν;
638 1327 681 1405 ᾧ
720 1354 781 1402 γε
818 1335 1027 1405 ὑπῆρχε
1066 1344 1343 1387 σιωπῶντι
1374 1331 1476 1403 μὲν
1505 1334 1613 1387 ὑπὸ
1646 1333 1848 1387 τούτου

164 1424 568 1493 ἀπεστερῆσθαι
622 1431 734 1476 τῶν
785 1424 1101 1493 χρημάτων,
1156 1421 1374 1491 λέγοντι
1422 1420 1482 1475 δὲ
1529 1430 1698 1475 ταῦτα
1748 1419 1849 1492 μὲν

165 1509 337 1582 μηδὲν
375 1516 586 1581 μᾶλλον
623 1514 984 1581 κομίσασθαι,
1034 1513 1172 1581 πρὸς
1211 1513 1472 1581 Σάτυρον
1518 1508 1578 1564 δὲ
1626 1512 1704 1573 εἰς
1749 1511 1850 1579 τὴν
1895 1530 1915 1562 5

167 1604 427 1671 μεγίστην
458 1602 727 1670 διαβολὴν
759 1600 997 1670 ἐμαυτὸν
1024 1599 1117 1654 καὶ
1149 1602 1247 1654 τὸν
1269 1600 1475 1671 πατέρα
1506 1607 1850 1667 καταστῆσαι.

167 1690 461 1760 κράτιστον
499 1685 603 1742 οὖν
640 1689 929 1759 ἡγησάμην
949 1689 1201 1759 ·ἡσυχίαν
1248 1691 1417 1757 ἄγειν.
1486 1691 1619 1758 μετὰ
1666 1697 1851 1757 ταῦτα,

171 1775 212 1831 ὦ
260 1779 458 1847 ἄνδρες
503 1779 778 1847 δικασταί,
834 1778 1206 1848 ἀφικνοῦνταί
1254 1799 1348 1847 μοι
1403 1777 1853 1846 ἀπαγγέλλοντες,

173 1867 257 1920 ὅτι
288 1866 317 1919 ὁ
348 1867 524 1936 πατὴρ
557 1866 777 1936 ἀφεῖται
807 1866 899 1920 καὶ
931 1868 1168 1940 Σατύρῳ
1202 1867 1376 1930 οὕτως
1408 1867 1666 1920 ἁπάντων
1697 1887 1855 1937 μετα-

173 1954 323 2024 μέλει
362 1964 472 2008 τῶν
508 1954 924 2025 πεπραγμένων,
963 1957 1101 2010 ὥστε
1138 1958 1350 2019 πίστεις
1387 1976 1443 2009 τε
1475 1957 1571 2018 τὰς
1601 1958 1856 2025 μεγίστας

176 2043 323 2116 αὐτῷ
354 2044 606 2106 δεδωκὼς
636 2049 719 2112 εἴη
759 2043 850 2097 καὶ
889 2045 989 2113 τὴν
1027 2044 1203 2114 ἀρχὴν
1241 2047 1322 2098 ε”τι
1360 2048 1519 2114 μείζω
1550 2033 1858 2113 πεποιηκὼς

90 2148 172 2187 583
198 2128 262 2200 ἧς
302 2128 409 2201 εἶχε
447 2134 719 2202 πρότερον
757 2131 848 2186 καὶ
886 2134 987 2202 τὴν
1026 2133 1273 2202 ἀδελφὴν
1311 2134 1412 2202 τὴν
1443 2132 1578 2202 ἐμὴν
1608 2131 1858 2203 γυζναῖκα

178 2228 252 2293 τῷ
294 2219 491 2275 ἑαυτοῦ
527 2222 636 2274 υἱεῖ
667 2222 918 2291 εἰληφώς.
985 2223 1303 2290 πυθόμενος
1335 2218 1395 2274 δὲ
1427 2229 1597 2274 ταῦτα
1630 2223 1860 2274 Πασίων

300 2473 325 2512 2
366 2469 460 2543 μ[ε]
502 2483 607 2514 cum
645 2483 720 2513 ras
760 2469 796 2513 P
903 2474 928 2512 3
977 2471 1028 2513 δε
1076 2469 1278 2528 ἄλλ[ο]σε
1325 2486 1405 2515 ποι
1451 2484 1555 2514 cum
1593 2484 1669 2514 ras
1708 2470 1743 2513 F

182 2532 210 2572 4
242 2527 477 2584 μελλήσειν
509 2528 544 2571 F
588 2531 594 2585 Ι
637 2528 702 2579 εἰς
732 2528 812 2572 τὸν
847 2528 1029 2573 Πόντον
1063 2542 1138 2573 om
1169 2529 1212 2572 Is
1323 2534 1349 2574 6
1381 2529 1564 2602 λογιζόμ
1534 2545 1671 2586 μενος
1701 2529 1744 2573 Is

1870 1088 1908 1119 10

1881 1974 1922 2006 20

185 2592 207 2631 7
242 2587 357 2642 πρὸς
388 2585 471 2643 μὲν
504 2585 581 2644 ἔμε
613 2587 739 2632 B²P2
780 2585 1026 2642 προσμένει
1066 2603 1119 2643 με
1158 2588 1217 2631 F¹
1270 2603 1546 2644 προσμενειν
1587 2604 1640 2645 με
1679 2586 1863 2632 F²MB¹
1900 2572 1903 2574 ’

304 2649 329 2688 8
368 2645 392 2689 ἔ
419 2647 506 2704 ειν]
549 2645 725 2719 ἔχειν“
701 2664 731 2689 α
764 2646 798 2689 F
849 2649 855 2702 Ι
905 2646 954 2704 ἐγ
957 2647 992 2690 ὼ
1032 2660 1107 2691 om
1144 2647 1188 2690 Is
1303 2653 1329 2692 9
1370 2645 1546 2692 εἰδέναι
1586 2655 1744 2703 σαφῶς
1781 2647 1824 2690 Is
1855 2647 1858 2702 Ι

186 2710 345 2778 πᾶγμα
498 2710 553 2749 10
586 2703 790 2764 γίγνεται
814 2705 855 2748 IS
942 2710 995 2750 12
1029 2705 1213 2751 οἴεσθαι
1238 2706 1287 2749 Μ
1372 2712 1425 2751 13
1458 2702 1493 2765 ᾧ
1525 2722 1575 2763 γε
1607 2707 1781 2764 ὑπῆρχε
1813 2720 1861 2749 a:

189 2762 299 2808 ὥστε
338 2762 514 2836 ὑπῆρχέ
552 2781 630 2821 μοι
662 2764 846 2808 FMBP
901 2758 936 2823 ᾧ
973 2765 1147 2823 ὑπῆρχε
1179 2765 1221 2808 Is
1326 2771 1381 2810 14
1413 2766 1762 2822 ἀποστερῆσθαι
1793 2765 1827 2806 Ρ
1845 2764 1860 2835 Ι

188 2829 332 2866 ταῦτα
365 2837 450 2877 μεν
481 2837 556 2867 om
587 2839 615 2867 v
669 2822 726 2868 τὰ
758 2839 841 2879 μεν
866 2811 923 2866 F¹
1025 2829 1077 2867 16
1109 2824 1367 2882 μεταβολὴν
1389 2825 1426 2869 Ρ
1528 2830 1580 2869 17
1613 2827 1722 2868 ante
1755 2821 1866 2878 μετὰ

190 2880 240 2924 in
270 2881 316 2924 M
363 2882 459 2937 σῗρα
491 2882 630 2927 rubro
664 2882 868 2926 deletum
915 2881 1028 2938 μετὰ
1060 2881 1111 2926 δὲ
1143 2890 1288 2927 ταῦτα
1319 2899 1348 2926 v
1379 2898 1483 2928 eum
1507 2884 1550 2927 Is
1644 2887 1697 2926 19
1732 2880 1864 2925 σάτυ-

193 2955 270 2994 ρος
301 2939 383 2983 ΡΒ
476 2946 531 2985 20
563 2942 623 2992 ὡς
654 2941 876 2984 FMBPV
912 2943 917 2998 Ι
955 2940 1127 2993 πίστεις
1159 2939 1210 2986 δε
1242 2941 1300 2986 F¹
1391 2948 1446 2987 22
1480 2939 1600 2999 εἶχεν
1632 2942 1667 2984 F
