1958 3192
887 111 1243 154 —XXX—

225 247 304 300 IX
340 248 543 316 priora,
580 247 746 300 libros
786 247 847 299 de
885 246 1034 299 Isaeo
1076 250 1128 298 et
1168 246 1231 298 de
1269 246 1563 316 Dinarcho‚
1613 247 1907 316 epistulam

228 337 293 388 ad
323 335 640 388 Ammaeum
673 336 734 388 de
767 339 878 388 arte
910 334 1302 404 DemostheniS‚
1341 335 1623 403 epistulam
1656 335 1722 387 ad
1745 334 1900 388 Pom·

226 424 405 493 peium
452 424 666 492 accepit.
743 424 908 494 igitur
952 423 1039 475 uel
1085 423 1150 474 ad
1197 423 1430 476 codicem
1482 423 1901 476 Laurentianum

227 511 317 584 (F)
350 512 609 565 Dudithio
643 512 816 564 aditus
849 512 1036 580 patuit,
1074 511 1213 563 unde
1245 509 1454 564 Isaeum
1486 515 1539 564 et
1570 511 1901 564 Dinarchum

226 602 376 654 eruit.
453 601 640 653 tertiae
681 600 911 669 sylloges
951 599 1128 652 codice
1170 617 1299 652 usus
1346 603 1426 652 est
1463 599 1695 652 Palatini
1735 599 1902 651 simil-

225 690 353 742 limo
364 732 377 759 ‚
425 690 618 758 quippe
658 690 712 740 in
753 706 875 757 quon
894 688 1032 740 libro
1080 687 1142 739 de
1181 686 1540 741 Demosthene
1579 687 1904 756 inscriptum

223 778 386 831 fuerit
428 779 776 830 Θουκυδίδου
815 779 1076 846 ἕκφρασις
1120 783 1215 844 τῆς
1255 777 1492 839 στάσεως
1536 783 1648 829 τῶν
1686 780 1903 847 Κερκυ-

225 870 397 937 ραίων
436 865 580 937 (uide
621 884 778 934 supra
814 885 863 934 p.
895 862 1077 935 XVII)
1111 864 1174 916 cf.
1209 862 1524 934 Sylburgius
1562 868 1670 918 not.
1710 884 1760 933 p.
1793 863 1898 916 32¹³

225 954 309 1007 25.
387 954 702 1023 Sylburgius
742 971 861 1006 cum
900 953 1096 1005 iudicia
1146 952 1208 1005 de
1247 952 1556 1022 Thucydide
1603 956 1655 1006 et
1695 954 1757 1006 de
1795 953 1903 1005 De-
1956 993 1958 1005 2

223 1037 498 1096 mosthene
561 1060 624 1094 ex
686 1041 991 1111 apographo
1051 1041 1300 1094 Dudithii
1366 1042 1570 1110 primus
1632 1041 1905 1110 edidisset,
1956 1030 1958 1082 ]

223 1135 515 1184 ceterorum
553 1130 811 1183 librorum
852 1130 1282 1199 discrepantiam,
1322 1148 1480 1199 quam
1521 1147 1586 1182 ex
1623 1129 1903 1182 uolumine*
1955 1113 1958 1179 *f

222 1219 549 1273 Dudithiano
590 1221 919 1287 enotauerat‚
972 1219 1028 1270 in
1074 1218 1347 1288 spicilegio
1388 1218 1635 1270 editionis
1683 1236 1738 1270 se
1777 1235 1895 1286 pro·
1955 1230 1958 1247 ·

219 1309 519 1376 positurum
566 1325 677 1360 esse
723 1306 994 1375 pollicitus
1043 1305 1228 1378 (praef.
1267 1307 1302 1359 f.
1345 1304 1431 1377 lv)
1477 1306 1740 1375 promisso
1786 1324 1898 1358 non
1953 1291 1958 1391 Ι

223 1397 383 1449 stetit.
438 1414 552 1448 eam
585 1396 824 1464 exemplo
865 1395 1113 1448 editionis
1146 1395 1545 1464 Sylburgianae‚
1584 1395 1726 1464 quod
1766 1413 1830 1446 ex
1853 1393 1900 1448 I.
1952 1404 1958 1434 ’-

221 1485 278 1536 L.
332 1484 691 1536 Buenemanni
743 1484 895 1537 libris
959 1484 1014 1536 in
1072 1483 1466 1552 bybliothecam
1526 1483 1898 1536 uniuersitatis
1950 1465 1955 1519 Ι

221 1572 510 1640 Lipsiensis
550 1572 773 1624 inlatum
812 1576 908 1642 est,
948 1572 1268 1640 adscriptam
1309 1590 1423 1625 esse
1464 1571 1591 1624 olim
1623 1572 1679 1623 in
1709 1571 1896 1624 Fleck-

225 1661 386 1712 eiseni
433 1679 549 1712 ann.
594 1661 733 1714 1873
780 1680 829 1729 p.
872 1660 972 1714 151
1001 1679 1078 1730 sq.
1115 1661 1312 1713 monui.
1389 1660 1481 1713 sed
1527 1660 1631 1712 alia
1681 1677 1898 1729 quoque
1948 1698 1953 1736 Ι

223 1748 468 1800 Dudithii
524 1752 647 1801 sunt
699 1749 940 1818 uestigia.
1022 1748 1198 1802 Codex
1243 1749 1565 1801 Bodleianus
1612 1748 1750 1800 inter
1795 1748 1893 1800 mi-
1946 1737 1953 1828 Ι

223 1837 509 1889 scellaneos
548 1857 597 1890 n.
630 1838 698 1889 36
739 1856 828 1890 eos
866 1839 1031 1891 libros
1072 1837 1319 1906 Dionysii
1358 1837 1596 1890 continet
1636 1837 1727 1906 qui
1767 1840 1893 1889 ante
1945 1843 1951 1899 ξ

220 1924 518 1977 Victorium
558 1929 610 1977 et
649 1925 993 1996 Sylburgium
1032 1927 1266 1979 nondum
1305 1926 1515 1994 publice
1560 1925 1893 1996 legebantur,
1944 1905 1950 1926 ἦ

222 2014 284 2065 de
325 2013 643 2082 Thucydide,
682 2015 745 2066 de
782 2013 946 2084 Isan,
986 2015 1049 2067 de
1089 2014 1373 2084 Dinarch07
1413 2015 1476 2066 de
1507 2013 1890 2067 Demosthene:

221 2120 445 2170 quorum
484 2102 654 2169 primo
695 2103 1046 2156 subscribitur
1085 2103 1225 2155 efinis
1265 2104 1334 2156 26
1367 2103 1547 2155 martii
1589 2103 1725 2155 1581
1769 2103 1889 2170 ipso

220 2189 443 2258 paschae
502 2190 583 2242 die
645 2208 708 2242 ex
762 2192 1049 2260 exemplari
1099 2191 1390 2244 Duditiano
1446 2188 1889 2259 transcriptum'.1

220 2278 281 2329 In
350 2278 525 2330 codice
594 2277 665 2329 10.
727 2278 995 2332 Vincentii
1063 2280 1256 2332 Pinelli
1323 2299 1464 2332 nunc
1531 2278 1885 2331 Ambrosiano

218 2365 276 2418 ‘C
311 2367 414 2417 257
457 2366 567 2417 inf?
607 2366 877 2419 chartaceo
918 2387 955 2420 s,
995 2367 1125 2421 XVI
1163 2369 1197 2420 f.
1235 2369 1337 2421 138
1377 2369 1537 2420 rubro
1578 2367 1888 2419 inscribitur

219 2457 528 2507 Διονυσίου
582 2453 1001 2523 ἀλικαρνασέως·
1063 2457 1093 2525 ἡ
1140 2456 1266 2527 περὶ
1311 2463 1423 2510 τῶν
1469 2455 1700 2509 ἀττικῶν
1746 2455 1839 2523 457]—
1875 2453 1880 2526 Ι

219 2545 396 2611 τόρων
450 2546 816 2610 πραγματεία,
870 2546 1009 2612 πρὸς
1050 2545 1313 2614 ἀμμαῖονε
1349 2545 1355 2613 Ι
1395 2545 1746 2598 Θουκυδίδου
1799 2546 1884 2596 ἔκ-

222 2644 424 2698 φρασις
477 2638 569 2697 τῆς
624 2631 859 2692 στάσεως
898 2638 1011 2683 τῶν
1050 2637 1426 2703 κερκυραίωνε
1463 2633 1469 2699 Ι
1521 2632 1762 2700 sequitur
1801 2627 1881 2684 ὧν

336 2838 356 2874 1
393 2831 456 2875 Cf.
501 2832 556 2875 H.
598 2831 715 2875 Coxe
759 2833 806 2876 in
851 2833 995 2877 Catal.
1045 2836 1253 2879 codicum
1291 2851 1397 2879 mss.
1446 2835 1557 2880 bibl.
1598 2834 1880 2878 Bodleianae

214 2909 245 2949 t.
272 2906 291 2948 I
322 2921 364 2962 p.
393 2910 490 2948 641.
