2004 3202
179 135 251 188 94
602 136 942 179 ΔΙΟΝΤΣῙΟΤ
973 134 1438 178 ΑΛΙΚΑΡΝΑΣΕῼΣ
1902 0 1981 263 ἱ

177 269 591 340 Δημοσθένους.
691 268 1035 339 [συνεγένετο
1105 265 1166 321 δὲ
1234 276 1348 330 τοῖς
1423 267 1668 338 ἀρίστοις
1743 275 1854 320 τῶν

178 359 540 428 φιλοσόφων.]

117 447 152 498 2
286 450 524 500 λείπεται
571 447 638 514 δὴ
684 445 808 515 περὶ
862 452 956 513 τῆς
1002 443 1371 514 προαιρέσεως
1422 442 1514 496 καὶ
1568 443 1853 512 δυνάμεως

177 535 347 588 αὐτοῦ
407 533 497 588 καὶ
551 537 661 587 τίνι
715 532 967 603 κέχρηται
1026 539 1323 602 χαρακτῆρι
1377 530 1574 600 λέγειν.
1657 530 1854 599 γένους

134 641 153 672 5
177 621 278 693 μὲν
317 624 383 691 δὴ
424 625 604 690 λόγων
644 620 765 684 ἑνὸς
804 621 1036 689 ἀσκητὴς
1069 619 1282 688 ἐγένετο
1313 628 1412 673 τοῦ
1445 621 1731 673 δικανικοῦ
1762 618 1853 672 καὶ
1980 642 1986 674 i

174 710 299 781 περὶ
359 720 519 764 τοῦτο
582 711 814 779 μάλιστα
876 709 1193 762 ἐσπούδασε.
1274 715 1587 779 χαρακτῆρα
1640 705 1701 760 δὲ
1754 709 1852 760 τὸν

178 803 391 852 Λυσίου
438 800 571 851 κατὰ
618 800 677 851 τὸ
724 797 981 851 πλεῖστον
1029 797 1256 866 ἐζήλωσε
1306 795 1396 850 καὶ
1445 799 1491 850 εἰ
1529 799 1602 866 μή
1641 817 1722 859 τις
1761 799 1850 865 ἔμ-

173 906 359 957 πειρος
403 888 550 939 πάνυ
595 895 706 939 τῶν
758 886 980 956 ἀνδρῶν
1027 891 1109 954 εἴη
1156 883 1247 938 καὶ
1292 886 1483 956 τριβὰς
1528 884 1851 952 ἀξιολόγους

175 975 382 1044 ἀμφοῖν
428 977 591 1043 ἔχων,
647 973 747 1026 οὐκ
793 973 862 1026 ἀν
907 974 1161 1042 διαγνοίη
1210 973 1412 1044 ῥᾳδίως
1456 975 1695 1035 πολλοὺς
1741 983 1851 1026 τῶν

110 1080 150 1112 10
174 1066 370 1131 λόγων,
411 1060 677 1132 ὁποτέρου
714 1072 825 1115 τῶν
858 1060 1121 1134 ῥηζτόρων
1152 1064 1310 1130 εἰσίν,
1350 1062 1488 1115 ἀλλὰ
1519 1061 1830 1132 παρακρού-
1855 1074 1937 1114 589

175 1166 321 1203 σεται
362 1160 477 1212 ταῖς
518 1150 846 1220 ἐπιγραφαῖς
889 1150 1060 1220 <οὐχ>
1099 1151 1272 1214 οὕτως
1311 1150 1547 1221 ἀκριβῶς
1584 1149 1853 1219 ἐχούσαις,

173 1240 244 1301 ὡς
283 1240 374 1291 διὰ
420 1247 546 1308 μιᾶς
594 1240 863 1307 δηλοῦταί
905 1260 998 1308 μοι
1044 1246 1274 1310 γραφῆς.
1344 1238 1410 1292 οὐ
1456 1239 1566 1307 μὴν
1611 1237 1853 1307 ἀπαράλ-

172 1329 365 1389 λακτός
417 1326 484 1395 γε’
534 1327 681 1380 ἐστιν
733 1327 766 1395 ἡ
822 1336 920 1381 τοῦ
978 1335 1316 1398 χαρακτῆρος
1370 1327 1651 1396 ὁμοιότης,
1713 1325 1852 1379 ἀλλὰ

172 1417 370 1484 ἔχουσα
432 1417 702 1486 διαφοράς
755 1437 908 1479 τινας
963 1416 1029 1469 οὐ
1084 1418 1279 1486 μικρὰς
1334 1413 1463 1468 οὐδὲ
1518 1415 1705 1482 ὀλίγας
1757 1413 1849 1467 καὶ

94 1520 147 1567 ,15
171 1505 306 1556 κατὰ
345 1504 445 1571 τὴν
486 1502 777 1573 ἑρμηνείαν
822 1502 912 1556 καὶ
956 1506 1091 1557 κατὰ
1136 1506 1201 1557 τὰ
1238 1504 1551 1574 πράγματα,
1598 1502 1723 1573 περὶ
1771 1499 1850 1556 ὧν

171 1592 359 1660 καιρὸς
398 1591 467 1644 ἂν
506 1597 588 1660 εἴη
635 1591 838 1660 λέγειν,
890 1593 962 1654 ὡς
1000 1592 1152 1661 ἡμεῖς
1198 1592 1591 1661 ὑπειλήφαμεν.
1661 1590 1847 1660 ἐπειδὴ

174 1676 233 1731 δὲ
271 1681 405 1731 κατὰ
443 1681 543 1747 τὴν
583 1679 730 1744 λέξιν
769 1685 978 1749 μᾶλλον
1018 1683 1158 1734 ἔοικε
1199 1687 1271 1752 τςῖ
1306 1683 1504 1751 Λυσίᾳ,
1543 1681 1643 1749 τὴν
1674 1680 1848 1751 ἀρχὴν

173 1766 277 1819 ἀπὸ
331 1768 527 1836 ταύτης
580 1770 945 1838 ποιησάμενος
999 1771 1093 1831 τάς
1148 1769 1467 1838 ὁμοιότητάς
1511 1789 1569 1822 τε
1615 1767 1705 1822 καὶ
1752 1770 1847 1831 τὰς

174 1856 459 1925 διαφοράς,
500 1856 561 1918 ἃς
601 1859 708 1925 ἔχει
746 1858 883 1927 πρὸς
925 1856 1155 1926 ἐκείνην,
1196 1857 1316 1927 ἐρῶ.

114 1947 146 1999 3
281 1946 498 2013 καθαρὰ
537 1941 637 2013 μὲν
682 1944 770 1997 καὶ
811 1946 1038 2015 ἀκριβὴς
1083 1944 1173 1998 καὶ
1220 1946 1397 2014 σαφὴς
1442 1948 1606 2015 κυρία
1653 1965 1709 1998 τε
1754 1943 1844 1998 καὶ

105 2049 146 2080 21
174 2030 402 2101 ἐναργὴς
441 2031 529 2085 καὶ
571 2034 856 2102 σύντομος,
895 2035 1031 2104 πρὸς
1063 2031 1123 2087 δὲ
1155 2035 1370 2096 τούτοις
1407 2036 1620 2102 πιθανή
1658 2053 1715 2086 τε
1754 2032 1844 2086 καὶ

289 2211 432 2249 6-10
465 2206 514 2250 ef
535 2207 662 2251 uitae
685 2207 726 2251 X
751 2222 824 2251 orr
847 2212 962 2252 839⁰

291 2388 311 2424 1
349 2383 491 2443 uerba
522 2384 702 2428 seclusa
742 2399 814 2428 om
847 2385 980 2429 Blass
1012 2386 1096 2429 Att
1127 2386 1297 2430 Bereds
1329 2385 1394 2428 ΙΙΙ
1428 2389 1502 2439 14,
1537 2388 1562 2427 2
1602 2383 1676 2439 (ed
1710 2383 1842 2440 princ

174 2444 302 2496 1877)
349 2442 398 2484 ef
422 2442 630 2498 Harpocr
657 2459 686 2486 u
716 2441 883 2494 Ἰσαῖος
913 2447 1098 2500 praeter
1128 2443 1398 2488 testimonia
1429 2458 1458 2487 a
1490 2420 1669 2487 ’Sadeao
1700 2458 1731 2499 p
1756 2448 1839 2486 279

171 2513 334 2557 adlata
460 2520 485 2557 3
525 2515 582 2571 δὴ
616 2516 672 2560 B:
714 2514 764 2560 δε
804 2517 941 2560 FMP
984 2520 989 2575 Ι
1038 2519 1117 2562 καὶ
1155 2508 1234 2575 τῆς
1274 2515 1535 2591 δυνάμεως,
1542 2516 1578 2558 F
1699 2520 1724 2558 5
1756 2514 1840 2572 μὲν

171 2572 263 2615 add
288 2572 348 2614 F*
437 2578 461 2615 6
496 2573 790 2632 ἐσπούὸα[σε1
823 2575 856 2617 F
883 2590 985 2619 cum
1009 2591 1084 2620 ras
1178 2582 1201 2620 7
1234 2577 1312 2621 καὶ
1337 2575 1395 2633 εἰ]
1429 2573 1535 2619 ὥστ’
1566 2574 1608 2618 εἰ
1637 2574 1841 2618 uitarum

171 2633 333 2674 auctor
424 2637 448 2675 9
481 2634 674 2683 πολλοὺς
704 2641 794 2677 τῶν
826 2633 971 2690 λόγων
1004 2633 1175 2696 ῥ’ᾳδιως
1206 2635 1409 2679 uitarum
1441 2635 1601 2677 auctor
1643 2635 1663 2706 Ι
1690 2649 1840 2688 παρα-

170 2690 412 2743 κρούσεται
447 2705 501 2735 ex
534 2693 874 2746 παρακούσεται
906 2693 964 2735 F²
1070 2699 1122 2738 11
1157 2696 1238 2752 οὐχ
1270 2694 1363 2737 add
1395 2693 1587 2736 Hudson
1619 2690 1761 2743 οὕτως
1791 2692 1841 2735 in

172 2748 298 2792 οὔτοι
338 2747 383 2805 y'
422 2749 494 2793 uel
537 2752 749 2806 οὐδαμῶς
787 2754 971 2795 mutant
1010 2753 1092 2797 alii
1222 2758 1273 2796 12
1314 2750 1395 2796 διὰ
1434 2753 1559 2809 μιᾶς]
1599 2749 1678 2794 διὰ
1718 2749 1841 2802 ἰδίας

169 2806 323 2862 Bleza—³,
387 2806 450 2851 δι’
495 2808 631 2865 ἄλλης
685 2810 859 2853 Usene1
915 2813 921 2867 Ι
978 2811 1303 2867 ἀπαράλακτός
1342 2811 1378 2854 Ρ
1539 2814 1594 2853 16
1645 2809 1839 2854 ὑπειλεί-

171 2881 324 2932 φαμεν
362 2866 398 2908 F
449 2870 454 2925 Ι
505 2866 602 2911 ἐπεὶ
648 2868 786 2911 ΜΒΡ
914 2874 970 2913 20
1016 2871 1229 2929 ἀκριβὴς]
1282 2869 1372 2913 fuit
1418 2883 1522 2912 eum
1575 2869 1840 2925 ἀκραιφνὴς

170 2938 426 2969 conmerem
