2004 3202
173 141 281 198 292
642 146 912 188 DIONYSII
942 146 1384 188 HALICARNASEI

245 281 336 335 καὶ
380 284 645 353 πρότερος
684 279 989 348 Εὐκτήμων
1031 275 1132 347 μὲν
1171 272 1347 343 εἷλξεν
1395 279 1564 333 αὐτὸν
1604 278 1850 351 (Ἀνδρο-

1040 365 1234 438 τίωνα)
1275 369 1351 430 εἰς
1391 370 1575 437 δίκην,

246 461 534 530 Διόδωρος
574 456 635 511 δὲ
674 458 928 526 δεύτερος
966 464 1131 526 χωρεῖ
1167 457 1304 526 πρὸς
1342 458 1440 510 τὸν
1479 457 1690 525 ἀγῶνα,

246 549 380 600 κατὰ
419 549 571 609 τινὰς
609 546 948 615 χρησάμενος
986 546 1131 616 λόγῳ
1170 551 1245 616 τῷ
1284 545 1711 614 Δημοσθένους,

129 648 150 682 5
246 634 371 689 καθ’
411 631 801 704 Ἁλικαρνασέα
841 629 901 684 δὲ
939 639 1015 703 τῷ
1054 635 1198 704 λόγῳ
1237 640 1313 704 τῷ
1353 635 1547 705 οἰκείῳ.

293 750 548 805 contraria,
581 751 633 792 ut
663 762 749 804 par
780 749 871 803 est,
897 747 1155 804 Dionysius
1190 749 1326 792 docet
1358 763 1497 805 supra
1526 764 1558 805 p
1585 753 1682 803 260,
1703 749 1792 807 12]

986 909 1051 954 VI

286 1002 707 1055 ARGVMENTVM
738 1001 1117 1053 Demosthenis
1149 1020 1224 1054 or.
1248 1001 1402 1054 XXV
1434 1005 1618 1054 contra
1649 999 1853 1054 Aristo-
1888 1014 1941 1053 18
1984 988 1991 1050 ἶ

176 1092 413 1162 gitonem
445 1089 471 1142 I
509 1110 543 1158 p
581 1090 684 1143 769
701 1089 764 1141 R.
807 1088 1123 1160 (Gregorius
1167 1088 1475 1142 Corinthius
1515 1090 1570 1141 in
1601 1089 1854 1160 Hermog.

176 1184 199 1231 b
223 1178 328 1231 VII
367 1199 400 1248 p
430 1179 586 1248 1308,
612 1179 678 1230 21
699 1175 919 1248 Walzii)
952 1179 1256 1240 Διονύσιος
1288 1175 1349 1231 δὲ
1370 1178 1409 1252 ,ὁ
1435 1177 1857 1250 Ἁλικαρνασεὺς

178 1268 243 1321 οὐ
299 1267 511 1337 δέχεται
563 1268 795 1329 τούτους
841 1268 971 1329 τοὺς
1020 1264 1146 1337 (δύο
1194 1268 1330 1320 κατὰ
1368 1265 1856 1338 Ἀριστογείτονος)

111 1372 153 1403 10
178 1359 377 1424 λόγους
402 1355 805 1426 Δημοσθένους
836 1352 995 1424 εἶναι,
1030 1355 1087 1408 ἐκ
1118 1363 1212 1424 τῆς
1246 1355 1393 1418 ἰδέας
1419 1359 1856 1427 τεκμαιρόμενος.

286 1445 513 1497 Pho’cius
547 1445 675 1497 bibl.
710 1445 807 1497 cod
831 1443 939 1498 265
970 1464 1005 1512 p
1031 1444 1164 1496 491³
1189 1445 1258 1496 29
1293 1443 1398 1497 εἰσὶ
1431 1441 1492 1497 δὲ
1524 1447 1581 1497 οἳ
1607 1442 1696 1496 καὶ
1729 1446 1858 1506 τοὺς

178 1535 280 1587 δύο
327 1536 462 1587 κατὰ
502 1533 968 1604 Ἀριστογείτονος
1013 1534 1085 1595 ὡς
1132 1535 1342 1595 νόθους
1382 1534 1857 1603 παραγράφονται,

180 1621 295 1675 ἀλλ’
337 1618 490 1674 οὗτοι
529 1620 618 1674 καὶ
659 1622 940 1692 ὀρφανοὺς
979 1621 1180 1683 αὐτοὺς
1219 1620 1467 1690 ἀφιᾶσιν,
1509 1621 1609 1674 οὐκ
1642 1624 1858 1690 ἔχοντες

181 1712 355 1764 εἰπεῖν
393 1711 523 1771 τοὺς
561 1712 829 1772 τεκόντας.
899 1705 978 1762 ὧν
1017 1702 1094 1771 εἷς
1133 1708 1326 1776 γέγονε
1363 1708 1454 1761 καὶ
1486 1711 1790 1772 Διονύσιος
1829 1710 1857 1764 ὁ

115 1812 157 1844 15
173 1799 654 1868 Ἁλικαρνασσεύς,
703 1795 868 1851 οὐδὲν
907 1796 1043 1866 μέγα
1080 1799 1374 1868 τεκμήριον
1412 1805 1506 1866 τῆς
1546 1800 1688 1861 ἰδίας
1725 1799 1860 1852 ὑπο-

181 1888 394 1954 λήψεως
439 1889 831 1956 παρεχόμενος,
879 1883 1010 1940 οὐδὲ
1058 1885 1233 1939 ἐκεῖνο
1282 1888 1532 1939 συνιδεῖν
1579 1886 1859 1955 ἐθελήσας,

181 1976 253 2036 ὡς
284 1978 470 2045 πολλῷ
501 1978 697 2043 μείζων
730 1974 879 2028 ἐστὶν
910 1977 942 2043 ἤ
975 1993 1075 2045 περ
1100 1975 1132 2042 ἡ
1160 1974 1374 2027 ἐκείνου
1399 1974 1673 2044 ἀπόφασις
1697 1975 1860 2038 αὐτὸς

183 2063 210 2116 ὁ
251 2062 668 2132 Ἀριστογείτων
714 2063 1072 2133 ἀνομολογῶν
1110 2062 1484 2133 Δημοσθένην
1529 2062 1641 2116 κατ’
1688 2063 1859 2117 αὐτοῦ

182 2151 538 2221 γεγραφέναι·
585 2150 675 2204 καὶ
723 2154 826 2222 γὰρ
876 2151 1320 2220 ἀπολογούμενος
1368 2151 1468 2204 οὐκ
1515 2150 1575 2203 ἐν
1613 2158 1687 2223 τῷ
1725 2170 1860 2222 παρ--

118 2255 159 2287 20
185 2239 324 2311 έργῳ
358 2239 534 2307 λέγων
566 2239 680 2293 ἀλλ’
715 2240 980 2309 ἐπιμελῶς
1008 2240 1508 2308 ἀνταγωνιζόμενος
1533 2238 1592 2292 ἐν
1615 2246 1691 2310 τῷ
1716 2242 1859 2311 λόγῳ

185 2327 479 2395 δείκνυται,
513 2327 572 2390 ὃς
603 2328 991 2398 ἐπιγέγραπται
1016 2328 1310 2396 Ἀπολογία
1340 2329 1477 2397 πρὸς
1503 2328 1604 2395 τὴν
1627 2328 1862 2392 ἔνδειξιν

188 2418 517 2486 Λυκούργου
556 2416 645 2469 καὶ
685 2417 1101 2487 Λημοσθένους.

981 2577 1067 2620 VII

298 2665 610 2717 DIONYSIVS
653 2666 714 2716 de
754 2666 902 2717 Dem.
939 2668 1004 2718 13
1045 2686 1079 2735 p
1117 2666 1242 2735 156,
1280 2667 1342 2717 11
1395 2667 1441 2718 εἰ
1480 2673 1619 2732 γοῦν
1657 2667 1728 2734 μὴ
1769 2667 1862 2718 διὰ

188 2760 282 2820 τῆς
330 2752 655 2822 ἐπιγραφῆς,
705 2750 770 2805 οὗ
819 2757 968 2815 τινός
1016 2754 1188 2822 ε’στιν,
1238 2752 1487 2823 ἑκάτερος
1533 2763 1643 2806 τῶν
1683 2756 1863 2820 λόγων

124 2859 165 2891 25
191 2839 431 2912 (Λυσίου
457 2841 485 2894 ὁ
518 2843 652 2893 κατὰ
696 2843 942 2903 Τείσιδος
972 2841 1061 2894 καὶ
1087 2841 1488 2911 Λημοσθένους
1521 2841 1548 2894 ὁ
1589 2843 1723 2894 κατὰ
1754 2844 1862 2894 Κό-

190 2926 389 3000 νωνος)
430 2930 703 2999 γνώριμος
743 2926 834 2997 ἦν,
884 2929 999 2982 ἀλλ’
1040 2930 1435 3001 ἀνεπιγράφοις
1473 2930 1862 2999 περιετύχομεν

1896 2644 1971 2717 19.
